1980 3260
297 242 348 286 16
613 250 690 281 un.
720 249 764 279 11.
794 248 906 280 sssc’r.
937 249 964 279 1.
995 246 1045 278 nr:
1070 247 1234 279 rorrsr.
1264 247 1427 281 cccmus.

280 349 361 378 sua
389 328 657 376 institutione
679 343 775 372 eam
799 336 842 373 et
864 324 1075 372 intellexit
1098 335 1141 371 et
1169 325 1362 371 exercuit
1390 326 1454 372 uti
1479 322 1734 391 supremam

279 401 654 467 independentem,
682 400 777 447 iure
800 401 965 465 optimo
981 410 1030 447 ut
1047 399 1147 446 talis
1171 398 1375 446 habenda
1401 401 1640 451 est.'Porro
1675 406 1735 453 ita

277 478 503 525 ecclesiam
540 475 808 523 intellexisse
836 486 969 540 atque
996 475 1240 522 executioni
1275 475 1512 522 mandasse
1542 486 1735 540 potesta-

280 563 362 599 tem
393 552 477 598 sihi
513 552 669 598 factam
694 551 739 596 in
762 551 966 611 coniugio
1001 550 1344 596 christianorum
1362 588 1371 606 ‚
1410 549 1533 598 nullo
1563 553 1738 615 negotio

280 627 565 674 demonstrari
596 635 1728 689 potest.

371 701 511 766 Atque
542 711 591 747 ut
624 700 876 747 omittamus
911 700 1159 764 apostolum
1192 698 1409 755 Paulum,
1441 700 1520 765 qui
1544 702 1650 749 inl.
1677 701 1733 750 ad

277 764 471 827 Corinth
511 776 600 822 vll.
641 775 799 839 plura,
840 775 1094 822 auctoritate
1137 774 1222 822 sibi
1258 792 1284 822 a
1317 774 1493 824 Christo
1539 774 1732 835 tradita,

276 852 390 898 circa
426 851 630 914 coniugia
666 850 893 898 constituit
928 850 1021 897 sive
1060 849 1258 897 fidelium
1293 867 1392 897 cum
1435 851 1730 912 infidelibus,

276 927 368 974 sive
401 926 597 973 fidelium
612 964 614 966 .
630 927 743 973 inter
771 943 844 982 se,
878 925 1116 990 pluresque
1148 925 1234 973 sibi
1271 926 1524 990 propositas
1556 927 1642 977 hac
1675 930 1733 976 de

275 1019 322 1048 re
345 1002 625 1066 quaestiones
651 1002 851 1058 diremit,
880 1001 1002 1048 nulla
1034 1002 1293 1066 interposita
1322 1002 1552 1066 potestatis
1587 1002 1734 1054 civilis

275 1077 517 1133 mentione;
555 1077 661 1141 quia
696 1077 847 1141 reponi
882 1087 1032 1141 posset
1063 1076 1209 1141 ipsum
1243 1076 1458 1141 potestate
1490 1077 1736 1127 extmordia

276 1152 406 1199 naria.
415 1152 552 1200 fuisse
568 1151 779 1217 potitum,
802 1162 952 1217 utpote
969 1151 1233 1216 apostolum,
1247 1151 1335 1199 alia
1353 1153 1506 1200 iamin
1524 1151 1732 1220 promptu

273 1227 488 1276 hahemus
511 1238 792 1291 argumenta,
822 1245 938 1293 quae
960 1227 1126 1274 nullam
1150 1229 1449 1293 exceptionem
1480 1228 1725 1294 Patiuntur.

293 1305 296 1308 ’
368 1304 646 1368 Compertum
687 1315 755 1352 est
783 1342 791 1360 ,
834 1304 1065 1351 ecclesiam
1105 1321 1184 1368 per
1218 1304 1301 1351 tria
1334 1304 1425 1351 fere
1458 1304 1733 1354 continenter

273 1379 420 1427 secula
451 1380 534 1427 sub
569 1380 843 1427 ethnicorum
878 1380 1188 1445 imperatorum
1218 1379 1397 1444 politico
1431 1379 1656 1443 regimine
1665 1379 1732 1429 ac

272 1464 483 1519 potestate
513 1455 728 1503 extitisse.
751 1456 870 1502 Haec
891 1472 995 1503 vero
1018 1465 1085 1502 est
1108 1455 1342 1519 aptissima
1364 1465 1487 1503 aetas
1509 1473 1600 1520 qua
1612 1456 1730 1521 quid

272 1529 457 1576 ecclesia
484 1539 699 1594 potestate
727 1530 812 1578 sibi
841 1530 1002 1586 insita,
1043 1531 1247 1594 propria,
1283 1548 1491 1595 suprema
1523 1548 1575 1578 ac
1607 1531 1734 1579 inde-

271 1605 490 1668 pendente
522 1623 548 1652 a
585 1606 797 1668 regimine
829 1606 1007 1670 politico
1047 1606 1298 1671 principum
1332 1617 1556 1672 praestare
1590 1608 1735 1672 possit

272 1690 387 1727 certo
417 1680 675 1728 innotescat.
705 1682 750 1728 Si
780 1682 1048 1739 constiterit,
1077 1692 1166 1730 tota
1192 1681 1267 1730 illa
1295 1683 1418 1730 dirae
1450 1699 1510 1730 acv
1525 1683 1732 1731 immanis

271 1756 588 1818 persecutionis
630 1756 808 1821 periodo
837 1794 846 1813 ,
885 1756 1060 1820 plenam
1100 1774 1279 1822 prorsus
1314 1774 1364 1804 ac
1401 1774 1653 1822 supremam
1687 1769 1731 1805 et

271 1829 327 1877 ab
349 1829 620 1878 ethnicorum
649 1832 897 1896 principum
923 1832 1095 1895 legibus
1118 1843 1251 1897 atque
1274 1834 1448 1881 statutis
1486 1833 1730 1881 immunem

272 1915 527 1969 potestatem
561 1906 606 1952 in
641 1918 1011 1956 sacramentorum
1040 1908 1442 1966 administratione,
1469 1910 1730 1974 praesertim

271 1979 452 2027 veroin
484 1981 717 2044 iungendis
762 1983 929 2047 nuptiis
970 1983 1055 2031 sibi
1090 1983 1349 2031 vindicasse
1370 2017 1383 2040 ‚-
1418 1977 1607 2033 evidens.
1645 1985 1729 2032 erit

271 2054 502 2102 ecclesiam
518 2057 581 2103 uti
600 2074 848 2121 supremam
873 2069 916 2106 et
927 2058 929 2060 ’
939 2059 1307 2124 independentem
1326 2059 1599 2108 intellexisse
1611 2075 1729 2120 sem·

271 2148 350 2195 per
380 2148 477 2178 eam
508 2142 766 2196 potestatem
789 2172 798 2190 ,
837 2152 971 2199 quam
1005 2153 1032 2182 a
1064 2134 1241 2183 Christo
1283 2137 1455 2201 accepit
1479 2153 1492 2192 ;
1529 2135 1731 2201 adeoque

270 2205 386 2253 hanc
409 2223 507 2254 esse
524 2207 694 2255 vChristi
718 2209 860 2272 ipsius
883 2221 1073 2258 mentem
1089 2249 1099 2268 ‚
1128 2211 1205 2276 qui
1229 2228 1328 2259 eam
1351 2207 1736 2269 facultatemz'com

273 2280 386 2328 tulit.
432 2282 565 2329 Porro
608 2282 665 2329 ab
704 2283 935 2332 haereticis
981 2283 1728 2352 quibuscumque,atla-‘zregalist‘is

270 2356 535 2421 inquirimus
550 2395 560 2414 ,
583 2367 631 2405 ut
647 2358 734 2423 ipsi
755 2359 882 2407 nobis
902 2361 1168 2424 patefaciant
1189 2380 1248 2410 an
1276 2361 1466 2411 ecclesia
1488 2359 1727 2426 aliquando

269 2431 325 2478 ad
357 2432 438 2479 rite
461 2432 736 2496 acsslegitime
768 2447 1040 2484 sacramenta
1072 2435 1423 2490 administranda
1445 2453 1473 2483 a
1491 2435 1726 2499 ‘magistra-

270 2505 386 2555 tibus
414 2507 537 2556 illius
571 2509 726 2556 aetatis
761 2510 1009 2558 facultatem
1044 2511 1282 2577 aliquando
1300 2510 1505 2576 petierit,
1531 2519 1624 2558 aut
1636 2511 1725 2558 sal-

271 2591 356 2628 tem
393 2581 546 2630 fideles
579 2583 777 2631 docuerit
798 2595 849 2632 ut
869 2601 965 2633 eam
990 2585 1075 2650 ipsi
1100 2594 1410 2684 exposcerent,
1445 2595 1495 2633 ut
1528 2585 1723 2649 legitime

231 2656 235 2662 ’
268 2657 474 2740 coniugia
506 2659 844 2708 contraherent.

365 2733 613 2791 Proferam,
643 2735 692 2783 si
707 2736 843 2800 quod
879 2737 1073 2795 habent,
1112 2738 1296 2786 Neronis
1311 2775 1321 2794 ‚
1357 2737 1480 2785 Decii
1517 2748 1595 2785 aut
1615 2737 1726 2784 Dio-

268 2777 441 2875 cletiani
476 2811 696 2876 diploma,
737 2830 825 2877 quo
858 2813 1070 2863 ecclesiae
1103 2815 1378 2864 christianae.
1403 2813 1589 2863 facultas
1622 2813 1726 2861 data
