1980 3260
351 254 440 299 186
663 261 745 294 Lm.
772 262 818 294 ιι.
847 260 961 294 secr.
990 261 1020 292 1.
1049 260 1102 292 m:
1137 259 1302 292 roresr.
1330 259 1496 295 nectes.

348 345 503 392 merito
535 357 745 406 prorsus⁷
784 357 884 387 cum
920 338 1053 386 adid
1089 336 1380 386 sanciendum
1407 337 1671 390 necessitate
1691 361 1811 393 com·

347 419 502 486 pulsus
535 434 588 464 ex
622 434 767 463 rerum
791 415 1011 462 adiunctis
1049 414 1228 462 omnino
1253 414 1385 461 fuerit
1406 417 1492 477 (9).
1530 416 1815 469 Interim-hac

347 496 447 559 ipsa
487 492 840 540 incriminatione
879 508 969 555 qua
1010 501 1214 538 sanctum
1254 491 1510 554 pontificem
1554 492 1814 544 vaferrimas

344 571 441 618 eius
481 569 622 616 hostis
657 568 898 615 insectatus
933 578 1031 624 est,
1072 567 1372 614 testimonium
1412 564 1816 618 luculentissimum

346 647 474 694 nobis
506 645 758 710 suppeditat
785 644 842 691 de
868 661 978 691 rom.
1002 643 1225 709 pontificis
1245 653 1461 708 potestate
1478 644 1524 690 in
1548 644 1814 694 christiano—

346 741 442 769 rum
471 721 677 785 coniugia
711 737 961 785 causasque
991 719 1338 767 matrimoniales
1367 722 1484 782 (10).

441 797 478 844 A
507 815 595 845 sec.
625 797 693 843 lv.
729 813 781 843 ac
803 796 1013 861 deinceps
1039 796 1151 842 nihil
1170 796 1334 861 pariter
1357 797 1548 843 occurrit
1576 797 1632 845 de
1659 798 1811 846 causis

346 874 745 922 matrimonialibus
770 873 1111 920 christianorum
1144 873 1291 937 quoad
1325 873 1552 920 vinculum
1575 871 1705 939 'apud
1734 892 1814 939 po-

346 951 517 999 liticum
547 952 743 1014 regimen
777 950 998 998 discussis
1022 970 1031 1008 ;
1070 960 1221 997 contra
1242 967 1346 997 vero
1379 967 1467 996 non
1496 967 1640 1014 pauca
1662 968 1816 999 occur-

346 1037 449 1074 runt
481 1027 745 1074 documenta
777 1026 833 1072 de
861 1026 933 1074 his
969 1026 1081 1091 ipsis
1115 1025 1263 1073 causis
1304 1025 1424 1089 apud
1468 1023 1701 1074 ecclesiam
1741 1044 1813 1074 ex-

345 1104 501 1169 pensis
521 1102 881 1168 diiudicatisque.
907 1103 1239 1150 Praetermissis
1265 1102 1382 1148 enim
1402 1098 1601 1149 hocloco
1626 1103 1817 1151 decretis

345 1190 479 1244 atque
511 1180 688 1227 statutis
727 1179 1013 1226 conciliorum
1058 1194 1428 1241 romanorumque
1466 1176 1728 1241 pontificum
1761 1178 1818 1224 de

344 1257 587 1320 coniugiis,
612 1274 726 1322 quae
743 1257 891 1303 minus
924 1255 1090 1302 directe
1112 1254 1169 1301 ad
1198 1264 1476 1318 praesentem
1511 1248 1818 1319 quaestionem

343 1333 564 1396 pertinent
596 1335 711 1394 (11),
750 1332 909 1379 iuverit
945 1349 998 1378 ea
1031 1341 1200 1377 tantum
1234 1330 1475 1393 attingere,
1504 1347 1620 1394 quae
1650 1329 1818 1378 directe

344 1408 402 1455 ad
429 1418 627 1455 nostrum
663 1418 864 1472 spectant
892 1416 1213 1471 argumentum.

343 1561 529 1602 anglicanus
543 1561 770 1594 Wordsworth
786 1561 819 1593 in
832 1570 886 1602 op.
902 1562 1000 1594 saint
1014 1560 1221 1603 Hippolytus
1235 1560 1308 1593 and
1321 1555 1378 1593 the
1392 1559 1530 1594 Chureh
1544 1558 1588 1600 ο]
1596 1562 1710 1600 Rome,
1730 1561 1814 1602 Ilip-

338 1614 479 1657 polytus
502 1617 535 1646 et
549 1617 673 1647 Romae
693 1614 835 1647 ecclesia
860 1616 885 1646 Ι.
903 1614 968 1646 vol.
986 1614 1019 1646 in
1036 1620 1065 1647 8.
1086 1615 1149 1647 Alii
1164 1614 1348 1647 tribuerunt
1362 1614 1562 1646 Tertulliano
1577 1614 1634 1646 aut
1647 1613 1726 1645 caio
1744 1622 1815 1654 pre·

343 1666 481 1707 shytero.
509 1667 591 1698 Huic
619 1667 787 1707 posteriori
815 1667 958 1708 opinioni
981 1667 1064 1699 favit
1091 1667 1133 1699 cl.
1162 1667 1278 1699 Ciuice
1297 1666 1330 1698 in
1352 1675 1405 1711 op.
1429 1659 1562 1699 Etudes
1583 1674 1647 1698 sur
1669 1665 1713 1698 de
1734 1673 1819 1699 non-

341 1727 460 1751 veaux
486 1718 685 1751 documents
711 1719 917 1761 historiques
937 1720 1134 1761 empruntes
1160 1719 1184 1752 ὰ
1206 1719 1385 1760 l’ouvraye
1405 1718 1610 1751 recemment
1631 1717 1819 1751 decouvert

342 1771 401 1804 des
422 1772 744 1813 philosophumena.
776 1773 866 1804 Paris
893 1777 982 1805 1853.
1016 1778 1044 1806 ι.
1070 1773 1135 1804 vol.
1165 1773 1245 1805 in·4.
1277 1772 1313 1804 in
1337 1772 1438 1805 altero
1463 1780 1541 1803 vero
1565 1779 1661 1812 opere
1689 1770 1743 1803 cui
1767 1770 1819 1804 tit.

344 1826 496 1856 Histoire
518 1824 560 1856 de
585 1824 723 1866 l’eqlise
749 1824 791 1857 de
818 1828 921 1857 Rome
948 1834 1028 1858 sous
1054 1825 1102 1858 les
1120 1824 1324 1867 pontificats
1339 1824 1382 1857 de
1401 1825 1446 1857 st.
1479 1825 1615 1863 Victor,
1630 1823 1673 1856 de
1690 1824 1735 1855 st.
1752 1824 1818 1861 >Ze-

337 1876 458 1918 phirin
479 1879 513 1909 et
534 1877 577 1909 de
598 1879 644 1909 st.
666 1877 821 1910 Calliste.
839 1878 930 1910 Paris
959 1882 1047 1911 1856.
1065 1878 1107 1909 ab
1137 1878 1195 1910 illa
1218 1877 1370 1918 opinione
1393 1876 1542 1909 recedere
1563 1876 1713 1917 videtur,
1739 1875 1818 1909 fate-

340 1930 458 1970 turque
491 1930 649 1962 inceitum
675 1931 782 1962 adhuc
807 1939 877 1963 esse
894 1930 1289 1972 Philosophumenorum
1312 1930 1488 1962 auctorem.
1514 1929 1566 1961 01.
1594 1929 1760 1970 Dollinger
1783 1928 1819 1961 in

344 1991 398 2023 op.
424 1982 628 2023 Hippolytus
655 1983 729 2015 und
754 1984 920 2016 Callistus
947 1993 1000 2018 an.
1018 1989 1107 2017 1853.
1128 1985 1249 2025 pugnat
1262 1992 1320 2024 pro
1345 1992 1372 2015 s.
1390 1981 1585 2023 Hippolyte,
1609 1990 1648 2013 eo
1670 1982 1816 2022 tempore

345 2035 459 2076 queis
485 2035 526 2066 ad
553 2036 740 2068 novatianas
766 2038 872 2078 partes
896 2036 1004 2069 adhuc
1029 2036 1210 2078 spectabat,
1239 2043 1370 2076 quoque
1388 2034 1547 2076 *antipapa
1561 2034 1688 2075 extitit,
1715 2033 1819 2067 donec

341 2087 530 2128 resipiscens
543 2087 581 2118 ad
598 2089 787 2120 catholicam
803 2089 960 2121 unitatem
975 2098 1011 2121 se
1024 2089 1145 2130 recepit
1159 2089 1194 2120 in
1210 2097 1312 2129 eaque
1325 2087 1482 2128 martyrio
1500 2087 1629 2119 functus
1641 2087 1700 2119 est.
1716 2086 1817 2124 Quid-

345 2139 424 2180 quid
452 2139 492 2171 de
517 2140 576 2171 hac
597 2141 639 2172 sit
662 2142 880 2174 controversia
905 2142 1037 2182 critica,
1055 2141 1144 2182 duo,
1160 2150 1243 2182 quos
1270 2140 1435 2173 nominavi
1452 2139 1630 2172 catholicos
1651 2147 1691 2172 ac
1710 2138 1818 2172 erudi·

346 2194 398 2225 tos
421 2192 525 2234 viros,
541 2194 697 2226 vindicias
723 2195 847 2227 Callisti
877 2196 909 2228 et
933 2195 1087 2228 ecclesiae
1107 2203 1258 2227 romanae
1283 2195 1413 2227 strenue
1432 2193 1641 2234 susceperunt
1664 2192 1820 2225 adversus

347 2246 558 2287 protestantes
589 2248 622 2278 et
649 2248 856 2289 anglicanos,
889 2249 946 2290 qui
973 2249 1035 2281 hoc
1062 2257 1158 2289 opere
1191 2247 1284 2280 abusi
1306 2248 1393 2280 sunt.
1423 2246 1473 2279 Cf.
1500 2245 1662 2280 eruditam
1687 2255 1742 2287 op.
1758 2246 1814 2279 cit.

346 2300 387 2330 D.
404 2298 520 2330 Cruice
543 2298 798 2331 dissertationem
827 2302 1084 2341 praeliminarem
1110 2303 1264 2334 Histoire
1286 2302 1348 2333 etc.

436 2351 481 2391 (9)
503 2351 564 2383 Hic
588 2351 685 2392 igitur
709 2361 735 2383 s.
751 2353 874 2385 Callisti
904 2355 1072 2387 vellicator
1097 2355 1181 2387 inter
1216 2356 1322 2387 cetera
1345 2362 1430 2394 quae
1451 2353 1482 2386 ei
1506 2353 1634 2385 crimini
1664 2352 1763 2385 vertit
1785 2352 1818 2385 et

345 2404 408 2436 hoc
421 2405 490 2444 est,
506 2404 595 2445 quod
617 2405 753 2436 vetitum
781 2414 817 2437 ac
846 2406 972 2447 illegale
997 2408 1183 2449 coniugium
1203 2407 1384 2449 permiserit
1397 2406 1582 2439 christianis
1607 2406 1666 2439 lib.
1684 2408 1742 2438 IX.
1761 2404 1814 2438 ed.

346 2458 451 2489 oxon.
472 2461 560 2489 1851.
578 2466 649 2498 pag.
671 2462 741 2489 291.
772 2460 985 2500 «Praeterea,
1016 2461 1149 2502 scribit,
1175 2461 1315 2502 legitime
1334 2460 1519 2501 (foemina)
1543 2459 1666 2492 nubere
1688 2458 1813 2500 potent,

334 2517 571 2550 quemcumque
598 2508 728 2541 demum
744 2509 876 2550 elegerit
892 2511 956 2542 tori
981 2512 1103 2544 socium
1122 2515 1194 2545 sive
1216 2520 1356 2545 servum
1384 2513 1454 2544 sive
1482 2512 1620 2544 liberum
1634 2536 1646 2553 ,
1672 2512 1706 2544 et
1728 2510 1815 2542 hunc

333 2571 393 2604 pro
420 2563 536 2595 marito
562 2563 701 2604 habere,
729 2563 810 2596 licet
835 2573 902 2596 non
926 2568 1037 2606 nupta
1050 2566 1240 2599 secundum
1253 2567 1370 2608 leqem.
1387 2578 1404 2594 »ι
1435 2560 1504 2595 Am*
1533 2561 1636 2595 τοῦτο
1666 2556 1818 2603 νομίμως

342 2611 546 2658 ’γαμηθῆναι
571 2611 646 2659 ἔχει
665 2611 725 2647 ἕνα
750 2610 784 2646 ὃν
808 2610 851 2646 ἄν
878 2612 1081 2659 αἱρήσονται
1113 2615 1315 2662 σύγκοιτον,
1342 2613 1412 2650 εἴτε
1444 2614 1595 2656 οἰκέτην,
1619 2613 1690 2649 εἴτε
1723 2614 1820 2652 ἐλεύ-

345 2662 461 2711 θερον,
485 2664 544 2699 καὶ
570 2666 690 2700 τοῦτον
716 2665 837 2712 κρίνειν
862 2665 943 2700 dvi-1¹
966 2665 1085 2712 ἀνδρός
1110 2669 1161 2714 μή
1178 2667 1264 2715 νόμῳ
1289 2665 1547 2714 γεγαμημένην.

416 2722 482 2763 (10)
503 2722 554 2755 Cf.
576 2723 740 2764 noninger
753 2731 806 2764 op.
822 2723 878 2755 cit.
895 2723 925 2765 §.
945 2726 1000 2756 vl.
1018 2725 1074 2757 ubi
1090 2727 1214 2767 egregie
1235 2725 1379 2758 defendit
1393 2724 1509 2766 agendi
1525 2724 1681 2757 rationem
1697 2734 1724 2758 s.
1741 2725 1814 2758 Cal-

344 2773 431 2816 listi,
458 2776 651 2817 amovetque
676 2776 768 2808 istius
795 2776 947 2809 haeretici
972 2779 1187 2811 montanistae
1207 2787 1264 2811 seu
1293 2777 1459 2810 novatiani
1485 2777 1735 2810 accusationem.

435 2827 501 2869 (ιι)
521 2828 572 2861 Gt'.
591 2837 702 2870 opusc.
722 2829 777 2861 cui
793 2829 844 2862 tit.
862 2829 966 2862 Sulla
988 2833 1164 2864 esenzione
1189 2830 1246 2863 det
1263 2831 1415 2872 reqolari
1444 2830 1545 2863 dalla
1569 2829 1815 2871 yiumdizwne

344 2878 398 2914 de’
418 2883 554 2917 vescovi
568 2890 587 2915 e
610 2881 703 2916 salle
727 2890 831 2915 cause
855 2884 1120 2916 matrimoniali.
1140 2884 1240 2917 Assisi
1265 2883 1409 2925 ·1884.§.
1428 2885 1484 2917 XI.
1502 2892 1573 2925 pag.
1590 2886 1630 2917 79
1650 2892 1742 2925 seqq.
