<?xml version="1.0" encoding="UTF-8"?>
<!DOCTYPE html PUBLIC "-//W3C//DTD XHTML 1.0 Transitional//EN"
    "http://www.w3.org/TR/xhtml1/DTD/xhtml1-transitional.dtd">
<html xmlns="http://www.w3.org/1999/xhtml" xml:lang="en" lang="en">
 <head>
  <title>
</title>
<meta http-equiv="Content-Type" content="text/html;charset=utf-8" />
  <meta name='ocr-system' content='tesseract 3.04.00' />
  <meta name='ocr-capabilities' content='ocr_page ocr_carea ocr_par ocr_line ocrx_word'/>
</head>
<body>
  <div class='ocr_page' id='page_1' title='image "a603380702perruoft_0308.png"; bbox 0 0 1980 3260; ppageno 0'>
   <div class='ocr_carea' id='block_1_1' title="bbox 337 233 1474 278">
    <p class='ocr_par' dir='ltr' id='par_1_1' title="bbox 337 233 1474 278">
     <span class='ocr_line' id='line_1_1' title="bbox 337 233 1474 278; baseline -0.005 0"><span class='ocrx_word' id='word_1_1' title='bbox 337 233 425 278; x_wconf 75' lang='lat'><strong>304</strong></span> <span class='ocrx_word' id='word_1_2' title='bbox 651 245 729 276; x_wconf 72' lang='lat' dir='ltr'><strong>tui.</strong></span> <span class='ocrx_word' id='word_1_3' title='bbox 760 244 806 275; x_wconf 86' lang='lat'><strong>11.</strong></span> <span class='ocrx_word' id='word_1_4' title='bbox 835 243 947 274; x_wconf 69' lang='lat' dir='ltr'><strong>sacr.</strong></span> <span class='ocrx_word' id='word_1_5' title='bbox 977 243 1007 273; x_wconf 91' lang='lat'><strong>1.</strong></span> <span class='ocrx_word' id='word_1_6' title='bbox 1036 242 1088 272; x_wconf 71' lang='lat' dir='ltr'><strong>nr:</strong></span> <span class='ocrx_word' id='word_1_7' title='bbox 1113 241 1277 273; x_wconf 69' lang='lat' dir='ltr'><strong>rorrsr.</strong></span> <span class='ocrx_word' id='word_1_8' title='bbox 1309 239 1474 274; x_wconf 68' lang='lat' dir='ltr'><strong>nectus.</strong></span> 
     </span>
    </p>
   </div>
   <div class='ocr_carea' id='block_1_2' title="bbox 332 319 1807 2899">
    <p class='ocr_par' dir='ltr' id='par_1_2' title="bbox 332 319 1806 1604">
     <span class='ocr_line' id='line_1_2' title="bbox 427 319 1797 386; baseline 0.001 -17"><span class='ocrx_word' id='word_1_9' title='bbox 427 323 651 370; x_wconf 88' lang='lat' dir='ltr'><strong>Absonum</strong></span> <span class='ocrx_word' id='word_1_10' title='bbox 685 338 814 386; x_wconf 85' lang='lat' dir='ltr'><strong>porro</strong></span> <span class='ocrx_word' id='word_1_11' title='bbox 849 331 916 369; x_wconf 88' lang='lat' dir='ltr'><strong>est</strong></span> <span class='ocrx_word' id='word_1_12' title='bbox 949 320 1067 384; x_wconf 90' lang='lat' dir='ltr'><strong>quod</strong></span> <span class='ocrx_word' id='word_1_13' title='bbox 1102 319 1281 366; x_wconf 87' lang='lat' dir='ltr'>additur</span> <span class='ocrx_word' id='word_1_14' title='bbox 1302 357 1312 375; x_wconf 94' lang='lat'><strong>,</strong></span> <span class='ocrx_word' id='word_1_15' title='bbox 1357 319 1684 383; x_wconf 72' lang='lat' dir='ltr'><strong>impedimentis</strong></span> <span class='ocrx_word' id='word_1_16' title='bbox 1730 339 1797 370; x_wconf 54' lang='lat' dir='ltr'><strong>ec*</strong></span> 
     </span>
     <span class='ocr_line' id='line_1_3' title="bbox 333 394 1798 460; baseline -0.001 -15"><span class='ocrx_word' id='word_1_17' title='bbox 333 397 594 446; x_wconf 89' lang='lat' dir='ltr'><strong>clesiasticis</strong></span> <span class='ocrx_word' id='word_1_18' title='bbox 617 396 848 443; x_wconf 83' lang='lat' dir='ltr'><strong>obnoxios·</strong></span> <span class='ocrx_word' id='word_1_19' title='bbox 865 394 956 442; x_wconf 84' lang='lat' dir='ltr'><strong>fore</strong></span> <span class='ocrx_word' id='word_1_20' title='bbox 991 394 1217 451; x_wconf 85' lang='lat' dir='ltr'><strong>infideles,</strong></span> <span class='ocrx_word' id='word_1_21' title='bbox 1247 395 1286 442; x_wconf 87' lang='lat' dir='ltr'><strong>si</strong></span> <span class='ocrx_word' id='word_1_22' title='bbox 1310 412 1388 460; x_wconf 87' lang='lat' dir='ltr'><strong>per</strong></span> <span class='ocrx_word' id='word_1_23' title='bbox 1410 394 1681 459; x_wconf 90' lang='lat' dir='ltr'><strong>baptismum</strong></span> <span class='ocrx_word' id='word_1_24' title='bbox 1705 398 1798 445; x_wconf 86' lang='lat' dir='ltr'><strong>illo-</strong></span> 
     </span>
     <span class='ocr_line' id='line_1_4' title="bbox 334 470 1799 536; baseline -0.001 -15"><span class='ocrx_word' id='word_1_25' title='bbox 334 492 428 521; x_wconf 90' lang='lat' dir='ltr'><strong>rum</strong></span> <span class='ocrx_word' id='word_1_26' title='bbox 447 473 699 536; x_wconf 78' lang='lat' dir='ltr'><strong>coniugium</strong></span> <span class='ocrx_word' id='word_1_27' title='bbox 719 471 843 518; x_wconf 90' lang='lat' dir='ltr'><strong>fieret</strong></span> <span class='ocrx_word' id='word_1_28' title='bbox 860 481 1328 527; x_wconf 78' lang='lat' dir='ltr'><strong>sacramentum3‘nam</strong></span> <span class='ocrx_word' id='word_1_29' title='bbox 1347 470 1386 518; x_wconf 89' lang='lat' dir='ltr'><strong>si</strong></span> <span class='ocrx_word' id='word_1_30' title='bbox 1403 470 1530 534; x_wconf 91' lang='lat' dir='ltr'><strong>prius</strong></span> <span class='ocrx_word' id='word_1_31' title='bbox 1547 471 1799 534; x_wconf 81' lang='lat' dir='ltr'><strong>coniugium</strong></span> 
     </span>
     <span class='ocr_line' id='line_1_5' title="bbox 334 546 1801 611; baseline -0.001 -15"><span class='ocrx_word' id='word_1_32' title='bbox 334 551 379 596; x_wconf 91' lang='lat' dir='ltr'><strong>in</strong></span> <span class='ocrx_word' id='word_1_33' title='bbox 408 549 666 596; x_wconf 85' lang='lat' dir='ltr'><strong>infidelitate</strong></span> <span class='ocrx_word' id='word_1_34' title='bbox 694 557 964 595; x_wconf 88' lang='lat' dir='ltr'><strong>contractum</strong></span> <span class='ocrx_word' id='word_1_35' title='bbox 1002 546 1199 594; x_wconf 91' lang='lat' dir='ltr'><strong>validum</strong></span> <span class='ocrx_word' id='word_1_36' title='bbox 1235 547 1341 603; x_wconf 86' lang='lat' dir='ltr'><strong>suit,</strong></span> <span class='ocrx_word' id='word_1_37' title='bbox 1385 546 1472 593; x_wconf 86' lang='lat' dir='ltr'><strong>tale</strong></span> <span class='ocrx_word' id='word_1_38' title='bbox 1511 563 1611 594; x_wconf 88' lang='lat' dir='ltr'><strong>esse</strong></span> <span class='ocrx_word' id='word_1_39' title='bbox 1651 561 1801 611; x_wconf 76' lang='lat' dir='ltr'><strong>perse·</strong></span> 
     </span>
     <span class='ocr_line' id='line_1_6' title="bbox 332 622 1802 689; baseline -0.003 -16"><span class='ocrx_word' id='word_1_40' title='bbox 332 637 454 673; x_wconf 88' lang='lat' dir='ltr'><strong>verat</strong></span> <span class='ocrx_word' id='word_1_41' title='bbox 486 625 618 673; x_wconf 84' lang='lat' dir='ltr'><strong>etiam</strong></span> <span class='ocrx_word' id='word_1_42' title='bbox 654 635 754 689; x_wconf 91' lang='lat' dir='ltr'><strong>post</strong></span> <span class='ocrx_word' id='word_1_43' title='bbox 786 623 1057 688; x_wconf 89' lang='lat' dir='ltr'><strong>baptismum</strong></span> <span class='ocrx_word' id='word_1_44' title='bbox 1087 659 1096 679; x_wconf 91' lang='lat'><strong>,</strong></span> <span class='ocrx_word' id='word_1_45' title='bbox 1141 640 1229 670; x_wconf 91' lang='lat' dir='ltr'><strong>non</strong></span> <span class='ocrx_word' id='word_1_46' title='bbox 1269 623 1550 671; x_wconf 85' lang='lat' dir='ltr'><strong>obstantibus</strong></span> <span class='ocrx_word' id='word_1_47' title='bbox 1589 622 1802 670; x_wconf 88' lang='lat' dir='ltr'><strong>ecclesia-</strong></span> 
     </span>
     <span class='ocr_line' id='line_1_7' title="bbox 333 697 1802 766; baseline -0.003 -17"><span class='ocrx_word' id='word_1_48' title='bbox 333 702 458 749; x_wconf 87' lang='lat' dir='ltr'><strong>sticis</strong></span> <span class='ocrx_word' id='word_1_49' title='bbox 503 699 832 766; x_wconf 79' lang='lat' dir='ltr'><strong>impedimentis</strong></span> <span class='ocrx_word' id='word_1_50' title='bbox 861 737 871 756; x_wconf 89' lang='lat'><strong>,</strong></span> <span class='ocrx_word' id='word_1_51' title='bbox 917 698 1082 764; x_wconf 89' lang='lat' dir='ltr'><strong>quibus</strong></span> <span class='ocrx_word' id='word_1_52' title='bbox 1117 699 1162 745; x_wconf 90' lang='lat' dir='ltr'><strong>in</strong></span> <span class='ocrx_word' id='word_1_53' title='bbox 1199 698 1456 746; x_wconf 88' lang='lat' dir='ltr'><strong>infidelitate</strong></span> <span class='ocrx_word' id='word_1_54' title='bbox 1494 697 1675 747; x_wconf 88' lang='lat' dir='ltr'><strong>obnoxii</strong></span> <span class='ocrx_word' id='word_1_55' title='bbox 1715 714 1802 746; x_wconf 88' lang='lat' dir='ltr'><strong>non</strong></span> 
     </span>
     <span class='ocr_line' id='line_1_8' title="bbox 333 773 1805 840; baseline -0.001 -16"><span class='ocrx_word' id='word_1_56' title='bbox 333 789 471 825; x_wconf 85' lang='lat' dir='ltr'><strong>erant.</strong></span> <span class='ocrx_word' id='word_1_57' title='bbox 501 778 619 824; x_wconf 87' lang='lat' dir='ltr'><strong>Haec</strong></span> <span class='ocrx_word' id='word_1_58' title='bbox 641 776 759 823; x_wconf 90' lang='lat' dir='ltr'><strong>enim</strong></span> <span class='ocrx_word' id='word_1_59' title='bbox 783 776 1098 840; x_wconf 85' lang='lat' dir='ltr'><strong>impedimenta</strong></span> <span class='ocrx_word' id='word_1_60' title='bbox 1128 791 1216 822; x_wconf 91' lang='lat' dir='ltr'><strong>non</strong></span> <span class='ocrx_word' id='word_1_61' title='bbox 1251 775 1450 823; x_wconf 82' lang='lat' dir='ltr'><strong>afficiunt</strong></span> <span class='ocrx_word' id='word_1_62' title='bbox 1481 774 1570 822; x_wconf 90' lang='lat' dir='ltr'><strong>nisi</strong></span> <span class='ocrx_word' id='word_1_63' title='bbox 1603 773 1805 840; x_wconf 84' lang='lat' dir='ltr'><strong>baptiza—</strong></span> 
     </span>
     <span class='ocr_line' id='line_1_9' title="bbox 334 850 1805 918; baseline -0.003 -17"><span class='ocrx_word' id='word_1_64' title='bbox 334 865 418 901; x_wconf 87' lang='lat' dir='ltr'><strong>tos.</strong></span> <span class='ocrx_word' id='word_1_65' title='bbox 443 854 634 910; x_wconf 85' lang='lat' dir='ltr'><strong>Quodsi</strong></span> <span class='ocrx_word' id='word_1_66' title='bbox 658 853 760 918; x_wconf 90' lang='lat' dir='ltr'><strong>quis</strong></span> <span class='ocrx_word' id='word_1_67' title='bbox 786 862 940 915; x_wconf 81' lang='lat' dir='ltr'><strong>urgeat</strong></span> <span class='ocrx_word' id='word_1_68' title='bbox 973 852 1091 899; x_wconf 78' lang='lat' dir='ltr'><strong>iuxta</strong></span> <span class='ocrx_word' id='word_1_69' title='bbox 1126 852 1331 916; x_wconf 85' lang='lat' dir='ltr'><strong>superius</strong></span> <span class='ocrx_word' id='word_1_70' title='bbox 1364 851 1484 899; x_wconf 89' lang='lat' dir='ltr'><strong>dicta</strong></span> <span class='ocrx_word' id='word_1_71' title='bbox 1518 851 1688 899; x_wconf 90' lang='lat' dir='ltr'><strong>ratione</strong></span> <span class='ocrx_word' id='word_1_72' title='bbox 1720 850 1805 899; x_wconf 88' lang='lat' dir='ltr'><strong>sal·</strong></span> 
     </span>
     <span class='ocr_line' id='line_1_10' title="bbox 334 926 1804 994; baseline -0.003 -17"><span class='ocrx_word' id='word_1_73' title='bbox 334 941 420 977; x_wconf 88' lang='lat' dir='ltr'><strong>tem</strong></span> <span class='ocrx_word' id='word_1_74' title='bbox 455 947 509 977; x_wconf 91' lang='lat' dir='ltr'><strong>ac</strong></span> <span class='ocrx_word' id='word_1_75' title='bbox 543 940 701 977; x_wconf 88' lang='lat' dir='ltr'><strong>natura</strong></span> <span class='ocrx_word' id='word_1_76' title='bbox 732 926 1003 994; x_wconf 85' lang='lat' dir='ltr'><strong>baptismum</strong></span> <span class='ocrx_word' id='word_1_77' title='bbox 1047 927 1312 992; x_wconf 88' lang='lat' dir='ltr'><strong>praecedere</strong></span> <span class='ocrx_word' id='word_1_78' title='bbox 1348 938 1675 975; x_wconf 85' lang='lat' dir='ltr'><strong>sacramentum</strong></span> <span class='ocrx_word' id='word_1_79' title='bbox 1709 941 1804 974; x_wconf 78' lang='lat' dir='ltr'><strong>ma-</strong></span> 
     </span>
     <span class='ocr_line' id='line_1_11' title="bbox 336 999 1803 1070; baseline -0.001 -18"><span class='ocrx_word' id='word_1_80' title='bbox 336 1006 555 1063; x_wconf 86' lang='lat' dir='ltr'><strong>trimonii,</strong></span> <span class='ocrx_word' id='word_1_81' title='bbox 595 1005 797 1070; x_wconf 75' lang='lat' dir='ltr'>adeoque</span> <span class='ocrx_word' id='word_1_82' title='bbox 831 1005 984 1052; x_wconf 89' lang='lat' dir='ltr'><strong>statim</strong></span> <span class='ocrx_word' id='word_1_83' title='bbox 1010 1022 1036 1051; x_wconf 93' lang='lat' dir='ltr'><strong>a</strong></span> <span class='ocrx_word' id='word_1_84' title='bbox 1057 1004 1282 1068; x_wconf 87' lang='lat' dir='ltr'><strong>baptismo</strong></span> <span class='ocrx_word' id='word_1_85' title='bbox 1316 1003 1531 1052; x_wconf 85' lang='lat' dir='ltr'><strong>obnoxios</strong></span> <span class='ocrx_word' id='word_1_86' title='bbox 1565 999 1803 1051; x_wconf 84' lang='lat' dir='ltr'><strong>conversos</strong></span> 
     </span>
     <span class='ocr_line' id='line_1_12' title="bbox 336 1079 1806 1146; baseline -0.003 -17"><span class='ocrx_word' id='word_1_87' title='bbox 336 1082 431 1129; x_wconf 87' lang='lat' dir='ltr'><strong>fieri</strong></span> <span class='ocrx_word' id='word_1_88' title='bbox 472 1081 785 1129; x_wconf 87' lang='lat' dir='ltr'><strong>ecclesiasticis</strong></span> <span class='ocrx_word' id='word_1_89' title='bbox 829 1080 1182 1146; x_wconf 83' lang='lat' dir='ltr'><strong>impedimentis,</strong></span> <span class='ocrx_word' id='word_1_90' title='bbox 1216 1097 1331 1144; x_wconf 89' lang='lat' dir='ltr'><strong>quae</strong></span> <span class='ocrx_word' id='word_1_91' title='bbox 1364 1079 1535 1126; x_wconf 87' lang='lat' dir='ltr'><strong>nullum</strong></span> <span class='ocrx_word' id='word_1_92' title='bbox 1573 1079 1806 1126; x_wconf 85' lang='lat' dir='ltr'><strong>redderent</strong></span> 
     </span>
     <span class='ocr_line' id='line_1_13' title="bbox 334 1151 1805 1222; baseline -0.002 -17"><span class='ocrx_word' id='word_1_93' title='bbox 334 1158 679 1215; x_wconf 84' lang='lat' dir='ltr'><strong>matrimonium,</strong></span> <span class='ocrx_word' id='word_1_94' title='bbox 719 1157 974 1222; x_wconf 87' lang='lat' dir='ltr'><strong>reponimus</strong></span> <span class='ocrx_word' id='word_1_95' title='bbox 1010 1156 1241 1203; x_wconf 86' lang='lat' dir='ltr'><strong>ecclesiam</strong></span> <span class='ocrx_word' id='word_1_96' title='bbox 1265 1155 1323 1202; x_wconf 91' lang='lat' dir='ltr'><strong>ab</strong></span> <span class='ocrx_word' id='word_1_97' title='bbox 1346 1155 1421 1203; x_wconf 87' lang='lat' dir='ltr'><strong>his</strong></span> <span class='ocrx_word' id='word_1_98' title='bbox 1442 1172 1518 1203; x_wconf 90' lang='lat' dir='ltr'><strong>eos</strong></span> <span class='ocrx_word' id='word_1_99' title='bbox 1542 1151 1805 1220; x_wconf 78' lang='lat' dir='ltr'><strong>dispensare</strong></span> 
     </span>
     <span class='ocr_line' id='line_1_14' title="bbox 336 1227 1801 1299; baseline -0.001 -19"><span class='ocrx_word' id='word_1_100' title='bbox 336 1235 381 1281; x_wconf 89' lang='lat' dir='ltr'><strong>in</strong></span> <span class='ocrx_word' id='word_1_101' title='bbox 418 1245 517 1282; x_wconf 90' lang='lat' dir='ltr'><strong>actu</strong></span> <span class='ocrx_word' id='word_1_102' title='bbox 553 1235 652 1299; x_wconf 89' lang='lat' dir='ltr'><strong>ipso</strong></span> <span class='ocrx_word' id='word_1_103' title='bbox 684 1233 896 1298; x_wconf 87' lang='lat' dir='ltr'><strong>baptismi</strong></span> <span class='ocrx_word' id='word_1_104' title='bbox 922 1242 1063 1279; x_wconf 90' lang='lat' dir='ltr'><strong>ratum</strong></span> <span class='ocrx_word' id='word_1_105' title='bbox 1088 1232 1260 1279; x_wconf 91' lang='lat' dir='ltr'><strong>habens</strong></span> <span class='ocrx_word' id='word_1_106' title='bbox 1290 1233 1488 1298; x_wconf 85' lang='lat' dir='ltr'><strong>ipsorum</strong></span> <span class='ocrx_word' id='word_1_107' title='bbox 1517 1227 1801 1296; x_wconf 73' lang='lat' dir='ltr'><strong>coniugium,</strong></span> 
     </span>
     <span class='ocr_line' id='line_1_15' title="bbox 335 1303 1803 1375; baseline -0.002 -18"><span class='ocrx_word' id='word_1_108' title='bbox 335 1321 467 1375; x_wconf 91' lang='lat' dir='ltr'><strong>prout</strong></span> <span class='ocrx_word' id='word_1_109' title='bbox 495 1311 541 1356; x_wconf 91' lang='lat' dir='ltr'><strong>in</strong></span> <span class='ocrx_word' id='word_1_110' title='bbox 573 1309 799 1358; x_wconf 87' lang='lat' dir='ltr'><strong>nonnullis</strong></span> <span class='ocrx_word' id='word_1_111' title='bbox 829 1308 1157 1373; x_wconf 80' lang='lat' dir='ltr'><strong>impedimentis</strong></span> <span class='ocrx_word' id='word_1_112' title='bbox 1179 1309 1290 1355; x_wconf 90' lang='lat' dir='ltr'><strong>iuris</strong></span> <span class='ocrx_word' id='word_1_113' title='bbox 1313 1308 1528 1356; x_wconf 86' lang='lat' dir='ltr'><strong>naturalis</strong></span> <span class='ocrx_word' id='word_1_114' title='bbox 1551 1303 1803 1356; x_wconf 84' lang='lat' dir='ltr'><strong>secundarii</strong></span> 
     </span>
     <span class='ocr_line' id='line_1_16' title="bbox 335 1384 1804 1451; baseline 0 -19"><span class='ocrx_word' id='word_1_115' title='bbox 335 1387 595 1451; x_wconf 87' lang='lat' dir='ltr'><strong>dispensare</strong></span> <span class='ocrx_word' id='word_1_116' title='bbox 628 1403 864 1433; x_wconf 88' lang='lat' dir='ltr'><strong>conversos</strong></span> <span class='ocrx_word' id='word_1_117' title='bbox 900 1385 1131 1433; x_wconf 86' lang='lat' dir='ltr'><strong>consuevit</strong></span> <span class='ocrx_word' id='word_1_118' title='bbox 1163 1386 1269 1432; x_wconf 90' lang='lat' dir='ltr'><strong>dum</strong></span> <span class='ocrx_word' id='word_1_119' title='bbox 1307 1396 1403 1433; x_wconf 88' lang='lat' dir='ltr'><strong>rata</strong></span> <span class='ocrx_word' id='word_1_120' title='bbox 1431 1385 1565 1433; x_wconf 88' lang='lat' dir='ltr'><strong>habet</strong></span> <span class='ocrx_word' id='word_1_121' title='bbox 1596 1384 1804 1449; x_wconf 83' lang='lat' dir='ltr'><strong>coniugia</strong></span> 
     </span>
     <span class='ocr_line' id='line_1_17' title="bbox 336 1461 1806 1526; baseline 0 -18"><span class='ocrx_word' id='word_1_122' title='bbox 336 1462 460 1526; x_wconf 90' lang='lat' dir='ltr'><strong>prius</strong></span> <span class='ocrx_word' id='word_1_123' title='bbox 484 1462 594 1510; x_wconf 88' lang='lat' dir='ltr'><strong>inita</strong></span> <span class='ocrx_word' id='word_1_124' title='bbox 618 1462 663 1508; x_wconf 91' lang='lat' dir='ltr'><strong>in</strong></span> <span class='ocrx_word' id='word_1_125' title='bbox 687 1462 884 1509; x_wconf 88' lang='lat' dir='ltr'><strong>secundo</strong></span> <span class='ocrx_word' id='word_1_126' title='bbox 907 1461 1137 1510; x_wconf 85' lang='lat' dir='ltr'><strong>affinitatis</strong></span> <span class='ocrx_word' id='word_1_127' title='bbox 1170 1462 1326 1525; x_wconf 83' lang='lat' dir='ltr'><strong>gradu.</strong></span> <span class='ocrx_word' id='word_1_128' title='bbox 1361 1462 1477 1526; x_wconf 83' lang='lat' dir='ltr'><strong>Ergo</strong></span> <span class='ocrx_word' id='word_1_129' title='bbox 1511 1462 1558 1508; x_wconf 88' lang='lat' dir='ltr'><strong>in</strong></span> <span class='ocrx_word' id='word_1_130' title='bbox 1593 1476 1806 1526; x_wconf 82' lang='lat' dir='ltr'><strong>quacum-</strong></span> 
     </span>
     <span class='ocr_line' id='line_1_18' title="bbox 335 1538 1751 1604; baseline -0.002 -17"><span class='ocrx_word' id='word_1_131' title='bbox 335 1556 423 1604; x_wconf 88' lang='lat' dir='ltr'><strong>que</strong></span> <span class='ocrx_word' id='word_1_132' title='bbox 455 1538 693 1604; x_wconf 83' lang='lat' dir='ltr'><strong>hypothesi</strong></span> <span class='ocrx_word' id='word_1_133' title='bbox 729 1549 849 1604; x_wconf 90' lang='lat' dir='ltr'><strong>patet</strong></span> <span class='ocrx_word' id='word_1_134' title='bbox 881 1539 1097 1587; x_wconf 88' lang='lat' dir='ltr'><strong>obiectam</strong></span> <span class='ocrx_word' id='word_1_135' title='bbox 1131 1538 1437 1586; x_wconf 82' lang='lat' dir='ltr'><strong>difficultatem</strong></span> <span class='ocrx_word' id='word_1_136' title='bbox 1471 1555 1751 1586; x_wconf 84' lang='lat' dir='ltr'><strong>evanescere.</strong></span> 
     </span>
    </p>

    <p class='ocr_par' dir='ltr' id='par_1_3' title="bbox 334 1613 1807 2899">
     <span class='ocr_line' id='line_1_19' title="bbox 430 1613 1804 1679; baseline 0 -19"><span class='ocrx_word' id='word_1_137' title='bbox 430 1613 510 1661; x_wconf 89' lang='lat' dir='ltr'><strong>His</strong></span> <span class='ocrx_word' id='word_1_138' title='bbox 545 1613 758 1661; x_wconf 89' lang='lat' dir='ltr'><strong>omnibus·</strong></span> <span class='ocrx_word' id='word_1_139' title='bbox 789 1614 1022 1679; x_wconf 88' lang='lat' dir='ltr'><strong>perpensis</strong></span> <span class='ocrx_word' id='word_1_140' title='bbox 1045 1613 1165 1661; x_wconf 85' lang='lat' dir='ltr'><strong>circa</strong></span> <span class='ocrx_word' id='word_1_141' title='bbox 1187 1614 1420 1679; x_wconf 85' lang='lat' dir='ltr'><strong>utriusque</strong></span> <span class='ocrx_word' id='word_1_142' title='bbox 1443 1614 1690 1669; x_wconf 72' lang='lat' dir='ltr'><strong>sententiae</strong></span> <span class='ocrx_word' id='word_1_143' title='bbox 1712 1624 1804 1660; x_wconf 87' lang='lat' dir='ltr'><strong>tum</strong></span> 
     </span>
     <span class='ocr_line' id='line_1_20' title="bbox 336 1687 1807 1755; baseline 0 -19"><span class='ocrx_word' id='word_1_144' title='bbox 336 1690 528 1738; x_wconf 88' lang='lat' dir='ltr'><strong>rationes</strong></span> <span class='ocrx_word' id='word_1_145' title='bbox 563 1701 656 1737; x_wconf 89' lang='lat' dir='ltr'><strong>tum</strong></span> <span class='ocrx_word' id='word_1_146' title='bbox 691 1690 1002 1747; x_wconf 87' lang='lat' dir='ltr'><strong>difficultates,</strong></span> <span class='ocrx_word' id='word_1_147' title='bbox 1032 1688 1207 1738; x_wconf 90' lang='lat' dir='ltr'><strong>videtur</strong></span> <span class='ocrx_word' id='word_1_148' title='bbox 1241 1688 1505 1739; x_wconf 84' lang='lat' dir='ltr'><strong>sententiam</strong></span> <span class='ocrx_word' id='word_1_149' title='bbox 1538 1687 1807 1755; x_wconf 52' lang='lat' dir='ltr'><strong>quaeuffiis-</strong></span> 
     </span>
     <span class='ocr_line' id='line_1_21' title="bbox 334 1766 1806 1824; baseline -0.001 -10"><span class='ocrx_word' id='word_1_150' title='bbox 334 1777 427 1814; x_wconf 92' lang='lat' dir='ltr'><strong>mat</strong></span> <span class='ocrx_word' id='word_1_151' title='bbox 451 1766 696 1814; x_wconf 89' lang='lat' dir='ltr'><strong>infidelium</strong></span> <span class='ocrx_word' id='word_1_152' title='bbox 730 1784 1042 1815; x_wconf 89' lang='lat' dir='ltr'><strong>conversorum</strong></span> <span class='ocrx_word' id='word_1_153' title='bbox 1076 1768 1132 1815; x_wconf 89' lang='lat' dir='ltr'><strong>ad</strong></span> <span class='ocrx_word' id='word_1_154' title='bbox 1169 1767 1460 1824; x_wconf 85' lang='lat' dir='ltr'><strong>christianam</strong></span> <span class='ocrx_word' id='word_1_155' title='bbox 1481 1766 1624 1813; x_wconf 86' lang='lat' dir='ltr'><strong>fidem</strong></span> <span class='ocrx_word' id='word_1_156' title='bbox 1657 1766 1806 1823; x_wconf 80' lang='lat' dir='ltr'><strong>coniu-</strong></span> 
     </span>
     <span class='ocr_line' id='line_1_22' title="bbox 336 1839 1804 1908; baseline 0.001 -19"><span class='ocrx_word' id='word_1_157' title='bbox 336 1843 454 1905; x_wconf 75' lang='lat' dir='ltr'><strong>gium</strong></span> <span class='ocrx_word' id='word_1_158' title='bbox 480 1843 537 1890; x_wconf 89' lang='lat' dir='ltr'><strong>ad</strong></span> <span class='ocrx_word' id='word_1_159' title='bbox 561 1842 823 1891; x_wconf 84' lang='lat' dir='ltr'><strong>sacramenti</strong></span> <span class='ocrx_word' id='word_1_160' title='bbox 854 1843 1070 1892; x_wconf 87' lang='lat' dir='ltr'><strong>rationem</strong></span> <span class='ocrx_word' id='word_1_161' title='bbox 1101 1844 1258 1902; x_wconf 86' lang='lat' dir='ltr'><strong>evehi,</strong></span> <span class='ocrx_word' id='word_1_162' title='bbox 1290 1840 1420 1908; x_wconf 80' lang='lat' dir='ltr'><strong>longe</strong></span> <span class='ocrx_word' id='word_1_163' title='bbox 1450 1839 1804 1891; x_wconf 76' lang='lat' dir='ltr'><strong>verisimiliorem</strong></span> 
     </span>
     <span class='ocr_line' id='line_1_23' title="bbox 337 1915 1807 1986; baseline 0.002 -22"><span class='ocrx_word' id='word_1_164' title='bbox 337 1935 388 1965; x_wconf 86' lang='lat' dir='ltr'><strong>ac</strong></span> <span class='ocrx_word' id='word_1_165' title='bbox 423 1919 674 1968; x_wconf 89' lang='lat' dir='ltr'><strong>solidiorem</strong></span> <span class='ocrx_word' id='word_1_166' title='bbox 707 1917 914 1986; x_wconf 84' lang='lat' dir='ltr'><strong>opposita</strong></span> <span class='ocrx_word' id='word_1_167' title='bbox 941 1938 1055 1969; x_wconf 87' lang='lat' dir='ltr'><strong>esse.</strong></span> <span class='ocrx_word' id='word_1_168' title='bbox 1089 1922 1199 1968; x_wconf 89' lang='lat' dir='ltr'><strong>Nam</strong></span> <span class='ocrx_word' id='word_1_169' title='bbox 1235 1921 1452 1968; x_wconf 88' lang='lat' dir='ltr'><strong>sententia</strong></span> <span class='ocrx_word' id='word_1_170' title='bbox 1486 1915 1654 1983; x_wconf 83' lang='lat' dir='ltr'><strong>negans</strong></span> <span class='ocrx_word' id='word_1_171' title='bbox 1674 1919 1807 1967; x_wconf 81' lang='lat' dir='ltr'><strong>unice</strong></span> 
     </span>
     <span class='ocr_line' id='line_1_24' title="bbox 338 1994 1807 2056; baseline 0.001 -16"><span class='ocrx_word' id='word_1_172' title='bbox 338 1994 428 2041; x_wconf 82' lang='lat' dir='ltr'><strong>fere</strong></span> <span class='ocrx_word' id='word_1_173' title='bbox 462 1995 663 2043; x_wconf 85' lang='lat' dir='ltr'><strong>innititur</strong></span> <span class='ocrx_word' id='word_1_174' title='bbox 701 1997 928 2045; x_wconf 86' lang='lat' dir='ltr'><strong>doctrinae</strong></span> <span class='ocrx_word' id='word_1_175' title='bbox 968 1997 1076 2056; x_wconf 83' lang='lat' dir='ltr'><strong>Cani</strong></span> <span class='ocrx_word' id='word_1_176' title='bbox 1122 1998 1179 2046; x_wconf 89' lang='lat' dir='ltr'><strong>de</strong></span> <span class='ocrx_word' id='word_1_177' title='bbox 1221 1997 1505 2044; x_wconf 78' lang='lat' dir='ltr'><strong>distinctione</strong></span> <span class='ocrx_word' id='word_1_178' title='bbox 1550 1994 1657 2043; x_wconf 91' lang='lat' dir='ltr'><strong>reali</strong></span> <span class='ocrx_word' id='word_1_179' title='bbox 1691 1995 1807 2043; x_wconf 79' lang='lat' dir='ltr'><strong>inter</strong></span> 
     </span>
     <span class='ocr_line' id='line_1_25' title="bbox 337 2071 1806 2138; baseline 0.001 -20"><span class='ocrx_word' id='word_1_180' title='bbox 337 2081 607 2119; x_wconf 85' lang='lat' dir='ltr'><strong>contractum</strong></span> <span class='ocrx_word' id='word_1_181' title='bbox 641 2085 686 2120; x_wconf 90' lang='lat' dir='ltr'><strong>et</strong></span> <span class='ocrx_word' id='word_1_182' title='bbox 718 2084 1041 2122; x_wconf 85' lang='lat' dir='ltr'><strong>sacramentum</strong></span> <span class='ocrx_word' id='word_1_183' title='bbox 1075 2071 1326 2138; x_wconf 82' lang='lat' dir='ltr'><strong>innuptiis</strong></span> <span class='ocrx_word' id='word_1_184' title='bbox 1354 2073 1614 2120; x_wconf 86' lang='lat' dir='ltr'><strong>christianis</strong></span> <span class='ocrx_word' id='word_1_185' title='bbox 1632 2110 1642 2130; x_wconf 93' lang='lat'>‚</span> <span class='ocrx_word' id='word_1_186' title='bbox 1673 2083 1718 2120; x_wconf 89' lang='lat' dir='ltr'><strong>et</strong></span> <span class='ocrx_word' id='word_1_187' title='bbox 1749 2071 1806 2119; x_wconf 90' lang='lat' dir='ltr'><strong>de</strong></span> 
     </span>
     <span class='ocr_line' id='line_1_26' title="bbox 338 2146 1804 2215; baseline 0.001 -21"><span class='ocrx_word' id='word_1_188' title='bbox 338 2146 566 2194; x_wconf 84' lang='lat' dir='ltr'><strong>sacerdote</strong></span> <span class='ocrx_word' id='word_1_189' title='bbox 599 2148 731 2197; x_wconf 92' lang='lat' dir='ltr'><strong>huius</strong></span> <span class='ocrx_word' id='word_1_190' title='bbox 767 2151 1031 2198; x_wconf 86' lang='lat' dir='ltr'><strong>sacramenti</strong></span> <span class='ocrx_word' id='word_1_191' title='bbox 1066 2151 1295 2207; x_wconf 81' lang='lat' dir='ltr'><strong>ministr03</strong></span> <span class='ocrx_word' id='word_1_192' title='bbox 1324 2167 1440 2215; x_wconf 86' lang='lat' dir='ltr'><strong>quae</strong></span> <span class='ocrx_word' id='word_1_193' title='bbox 1469 2149 1671 2197; x_wconf 80' lang='lat' dir='ltr'><strong>doctrina</strong></span> <span class='ocrx_word' id='word_1_194' title='bbox 1703 2159 1804 2197; x_wconf 80' lang='lat' dir='ltr'><strong>cum</strong></span> 
     </span>
     <span class='ocr_line' id='line_1_27' title="bbox 336 2220 1806 2291; baseline 0.001 -22"><span class='ocrx_word' id='word_1_195' title='bbox 336 2220 391 2269; x_wconf 66' lang='lat' dir='ltr'><strong>ex&#39;</strong></span> <span class='ocrx_word' id='word_1_196' title='bbox 420 2222 475 2269; x_wconf 88' lang='lat' dir='ltr'><strong>iis</strong></span> <span class='ocrx_word' id='word_1_197' title='bbox 493 2260 503 2279; x_wconf 89' lang='lat'>‚</span> <span class='ocrx_word' id='word_1_198' title='bbox 536 2240 650 2287; x_wconf 89' lang='lat' dir='ltr'><strong>quae</strong></span> <span class='ocrx_word' id='word_1_199' title='bbox 673 2225 717 2271; x_wconf 89' lang='lat' dir='ltr'><strong>in</strong></span> <span class='ocrx_word' id='word_1_200' title='bbox 744 2227 883 2290; x_wconf 90' lang='lat' dir='ltr'><strong>primo</strong></span> <span class='ocrx_word' id='word_1_201' title='bbox 905 2226 1030 2277; x_wconf 26' lang='lat' dir='ltr'><strong>*libro</strong></span> <span class='ocrx_word' id='word_1_202' title='bbox 1062 2226 1432 2291; x_wconf 77' lang='lat' dir='ltr'><strong>disceptavimus,</strong></span> <span class='ocrx_word' id='word_1_203' title='bbox 1459 2225 1533 2273; x_wconf 85' lang='lat' dir='ltr'><strong>vix</strong></span> <span class='ocrx_word' id='word_1_204' title='bbox 1557 2234 1632 2272; x_wconf 85' lang='lat' dir='ltr'><strong>aut</strong></span> <span class='ocrx_word' id='word_1_205' title='bbox 1653 2222 1710 2273; x_wconf 86' lang='lat' dir='ltr'><strong>ne</strong></span> <span class='ocrx_word' id='word_1_206' title='bbox 1731 2225 1806 2272; x_wconf 83' lang='lat' dir='ltr'><strong>vix</strong></span> 
     </span>
     <span class='ocr_line' id='line_1_28' title="bbox 336 2297 1803 2368; baseline 0.003 -25"><span class='ocrx_word' id='word_1_207' title='bbox 336 2297 519 2362; x_wconf 86' lang='lat' dir='ltr'><strong>quidem</strong></span> <span class='ocrx_word' id='word_1_208' title='bbox 554 2315 580 2345; x_wconf 89' lang='lat' dir='ltr'><strong>a</strong></span> <span class='ocrx_word' id='word_1_209' title='bbox 614 2300 791 2349; x_wconf 87' lang='lat' dir='ltr'><strong>cordato</strong></span> <span class='ocrx_word' id='word_1_210' title='bbox 836 2302 1041 2366; x_wconf 81' lang='lat' dir='ltr'><strong>theologo</strong></span> <span class='ocrx_word' id='word_1_211' title='bbox 1079 2303 1144 2352; x_wconf 92' lang='lat' dir='ltr'><strong>uti</strong></span> <span class='ocrx_word' id='word_1_212' title='bbox 1189 2301 1437 2368; x_wconf 88' lang='lat' dir='ltr'><strong>probabilis</strong></span> <span class='ocrx_word' id='word_1_213' title='bbox 1481 2316 1601 2350; x_wconf 85' lang='lat' dir='ltr'><strong>nunc</strong></span> <span class='ocrx_word' id='word_1_214' title='bbox 1633 2297 1803 2349; x_wconf 86' lang='lat' dir='ltr'><strong>adstrui</strong></span> 
     </span>
     <span class='ocr_line' id='line_1_29' title="bbox 337 2374 1797 2438; baseline 0.002 -17"><span class='ocrx_word' id='word_1_215' title='bbox 337 2374 512 2437; x_wconf 76' lang='lat' dir='ltr'><strong>possit,</strong></span> <span class='ocrx_word' id='word_1_216' title='bbox 558 2392 743 2438; x_wconf 87' lang='lat' dir='ltr'><strong>pronum</strong></span> <span class='ocrx_word' id='word_1_217' title='bbox 779 2388 846 2425; x_wconf 91' lang='lat' dir='ltr'><strong>est</strong></span> <span class='ocrx_word' id='word_1_218' title='bbox 881 2379 1042 2427; x_wconf 86' lang='lat' dir='ltr'><strong>inferre</strong></span> <span class='ocrx_word' id='word_1_219' title='bbox 1075 2397 1174 2427; x_wconf 88' lang='lat' dir='ltr'><strong>eam</strong></span> <span class='ocrx_word' id='word_1_220' title='bbox 1217 2378 1340 2426; x_wconf 89' lang='lat' dir='ltr'><strong>labili</strong></span> <span class='ocrx_word' id='word_1_221' title='bbox 1374 2374 1455 2425; x_wconf 75' lang='lat' dir='ltr'><strong>nit&#39;i</strong></span> <span class='ocrx_word' id='word_1_222' title='bbox 1496 2378 1797 2425; x_wconf 80' lang='lat' dir='ltr'><strong>fundamento.</strong></span> 
     </span>
     <span class='ocr_line' id='line_1_30' title="bbox 336 2448 1805 2517; baseline 0.003 -22"><span class='ocrx_word' id='word_1_223' title='bbox 336 2448 498 2497; x_wconf 86' lang='lat' dir='ltr'><strong>Contra</strong></span> <span class='ocrx_word' id='word_1_224' title='bbox 523 2467 626 2498; x_wconf 91' lang='lat' dir='ltr'><strong>vero</strong></span> <span class='ocrx_word' id='word_1_225' title='bbox 660 2451 737 2515; x_wconf 91' lang='lat' dir='ltr'><strong>qui</strong></span> <span class='ocrx_word' id='word_1_226' title='bbox 773 2454 1037 2502; x_wconf 90' lang='lat' dir='ltr'><strong>sententiam</strong></span> <span class='ocrx_word' id='word_1_227' title='bbox 1071 2452 1368 2502; x_wconf 81' lang='lat' dir='ltr'><strong>affirmantem</strong></span> <span class='ocrx_word' id='word_1_228' title='bbox 1397 2463 1599 2509; x_wconf 85' lang='lat' dir='ltr'><strong>tuentur,</strong></span> <span class='ocrx_word' id='word_1_229' title='bbox 1633 2462 1805 2517; x_wconf 75' lang='lat' dir='ltr'><strong>praeter</strong></span> 
     </span>
     <span class='ocr_line' id='line_1_31' title="bbox 336 2524 1803 2590; baseline 0.002 -17"><span class='ocrx_word' id='word_1_230' title='bbox 336 2524 472 2590; x_wconf 75' lang='lat' dir='ltr'><strong>quam</strong></span> <span class='ocrx_word' id='word_1_231' title='bbox 496 2524 615 2590; x_wconf 79' lang='lat' dir='ltr'><strong>quod</strong></span> <span class='ocrx_word' id='word_1_232' title='bbox 640 2526 769 2590; x_wconf 82' lang='lat' dir='ltr'><strong>longe</strong></span> <span class='ocrx_word' id='word_1_233' title='bbox 793 2528 965 2576; x_wconf 85' lang='lat' dir='ltr'><strong>facilius</strong></span> <span class='ocrx_word' id='word_1_234' title='bbox 995 2531 1052 2577; x_wconf 89' lang='lat' dir='ltr'><strong>ab</strong></span> <span class='ocrx_word' id='word_1_235' title='bbox 1081 2531 1436 2579; x_wconf 85' lang='lat' dir='ltr'><strong>adversariorum</strong></span> <span class='ocrx_word' id='word_1_236' title='bbox 1465 2527 1803 2584; x_wconf 78' lang='lat' dir='ltr'><strong>difficultatibus</strong></span> 
     </span>
     <span class='ocr_line' id='line_1_32' title="bbox 336 2602 1804 2668; baseline 0.002 -20"><span class='ocrx_word' id='word_1_237' title='bbox 336 2618 393 2648; x_wconf 81' lang='lat' dir='ltr'><strong>se</strong></span> <span class='ocrx_word' id='word_1_238' title='bbox 420 2602 682 2666; x_wconf 87' lang='lat' dir='ltr'><strong>expediunt,</strong></span> <span class='ocrx_word' id='word_1_239' title='bbox 713 2603 1025 2662; x_wconf 87' lang='lat' dir='ltr'><strong>solidioribus,</strong></span> <span class='ocrx_word' id='word_1_240' title='bbox 1053 2617 1103 2653; x_wconf 90' lang='lat' dir='ltr'><strong>ut</strong></span> <span class='ocrx_word' id='word_1_241' title='bbox 1125 2607 1254 2654; x_wconf 90' lang='lat' dir='ltr'><strong>nobis</strong></span> <span class='ocrx_word' id='word_1_242' title='bbox 1276 2605 1474 2662; x_wconf 87' lang='lat' dir='ltr'><strong>videtur,</strong></span> <span class='ocrx_word' id='word_1_243' title='bbox 1502 2603 1737 2668; x_wconf 86' lang='lat' dir='ltr'><strong>principiis</strong></span> <span class='ocrx_word' id='word_1_244' title='bbox 1755 2621 1804 2651; x_wconf 85' lang='lat' dir='ltr'><strong>se</strong></span> 
     </span>
     <span class='ocr_line' id='line_1_33' title="bbox 336 2678 1803 2745; baseline 0.001 -21"><span class='ocrx_word' id='word_1_245' title='bbox 336 2678 655 2726; x_wconf 87' lang='lat' dir='ltr'><strong>communiunt.</strong></span> <span class='ocrx_word' id='word_1_246' title='bbox 683 2679 803 2727; x_wconf 80' lang='lat' dir='ltr'><strong>Huic</strong></span> <span class='ocrx_word' id='word_1_247' title='bbox 836 2680 952 2728; x_wconf 85' lang='lat' dir='ltr'><strong>favet</strong></span> <span class='ocrx_word' id='word_1_248' title='bbox 983 2683 1233 2731; x_wconf 89' lang='lat' dir='ltr'><strong>communis</strong></span> <span class='ocrx_word' id='word_1_249' title='bbox 1261 2679 1567 2745; x_wconf 81' lang='lat' dir='ltr'><strong>theologorum</strong></span> <span class='ocrx_word' id='word_1_250' title='bbox 1596 2690 1640 2727; x_wconf 83' lang='lat' dir='ltr'><strong>et</strong></span> <span class='ocrx_word' id='word_1_251' title='bbox 1670 2696 1803 2727; x_wconf 88' lang='lat' dir='ltr'><strong>cano-</strong></span> 
     </span>
     <span class='ocr_line' id='line_1_34' title="bbox 337 2753 1803 2824; baseline 0.003 -25"><span class='ocrx_word' id='word_1_252' title='bbox 337 2753 554 2801; x_wconf 84' lang='lat' dir='ltr'><strong>nistarum</strong></span> <span class='ocrx_word' id='word_1_253' title='bbox 571 2755 772 2803; x_wconf 82' lang='lat' dir='ltr'><strong>doctrina</strong></span> <span class='ocrx_word' id='word_1_254' title='bbox 786 2776 805 2812; x_wconf 63' lang='lat'><strong>,¹</strong></span> <span class='ocrx_word' id='word_1_255' title='bbox 818 2774 871 2804; x_wconf 91' lang='lat' dir='ltr'><strong>ac</strong></span> <span class='ocrx_word' id='word_1_256' title='bbox 889 2757 1152 2806; x_wconf 88' lang='lat' dir='ltr'><strong>ineamdem</strong></span> <span class='ocrx_word' id='word_1_257' title='bbox 1170 2776 1220 2807; x_wconf 88' lang='lat' dir='ltr'><strong>se</strong></span> <span class='ocrx_word' id='word_1_258' title='bbox 1236 2774 1506 2824; x_wconf 89' lang='lat' dir='ltr'><strong>propensum</strong></span> <span class='ocrx_word' id='word_1_259' title='bbox 1527 2756 1638 2804; x_wconf 90' lang='lat' dir='ltr'><strong>satis</strong></span> <span class='ocrx_word' id='word_1_260' title='bbox 1654 2766 1803 2822; x_wconf 87' lang='lat' dir='ltr'><strong>aperte</strong></span> 
     </span>
     <span class='ocr_line' id='line_1_35' title="bbox 336 2829 1795 2899; baseline 0.002 -25"><span class='ocrx_word' id='word_1_261' title='bbox 336 2829 596 2879; x_wconf 86' lang='lat' dir='ltr'><strong>Benedictus</strong></span> <span class='ocrx_word' id='word_1_262' title='bbox 608 2832 717 2878; x_wconf 88' lang='lat' dir='ltr'><strong>XIV.</strong></span> <span class='ocrx_word' id='word_1_263' title='bbox 729 2832 971 2896; x_wconf 87' lang='lat' dir='ltr'><strong>profitetur.</strong></span> <span class='ocrx_word' id='word_1_264' title='bbox 982 2834 1096 2883; x_wconf 87' lang='lat' dir='ltr'><strong>Huic</strong></span> <span class='ocrx_word' id='word_1_265' title='bbox 1109 2833 1293 2899; x_wconf 86' lang='lat' dir='ltr'><strong>proinde</strong></span> <span class='ocrx_word' id='word_1_266' title='bbox 1305 2843 1348 2882; x_wconf 88' lang='lat' dir='ltr'><strong>et</strong></span> <span class='ocrx_word' id='word_1_267' title='bbox 1361 2850 1444 2881; x_wconf 86' lang='lat' dir='ltr'><strong>nos</strong></span> <span class='ocrx_word' id='word_1_268' title='bbox 1456 2831 1795 2897; x_wconf 84' lang='lat' dir='ltr'><strong>adstipulamur.</strong></span> 
     </span>
    </p>
   </div>
  </div>
 </body>
</html>
