<?xml version="1.0" encoding="UTF-8"?>
<!DOCTYPE html PUBLIC "-//W3C//DTD XHTML 1.0 Transitional//EN"
    "http://www.w3.org/TR/xhtml1/DTD/xhtml1-transitional.dtd">
<html xmlns="http://www.w3.org/1999/xhtml" xml:lang="en" lang="en">
 <head>
  <title>
</title>
<meta http-equiv="Content-Type" content="text/html;charset=utf-8" />
  <meta name='ocr-system' content='tesseract 3.04.00' />
  <meta name='ocr-capabilities' content='ocr_page ocr_carea ocr_par ocr_line ocrx_word'/>
</head>
<body>
  <div class='ocr_page' id='page_1' title='image "a603380702perruoft_0440.png"; bbox 0 0 1980 3260; ppageno 0'>
   <div class='ocr_carea' id='block_1_1' title="bbox 360 266 1567 311">
    <p class='ocr_par' dir='ltr' id='par_1_1' title="bbox 360 266 1567 311">
     <span class='ocr_line' id='line_1_1' title="bbox 360 266 1567 311; baseline -0.003 -1"><span class='ocrx_word' id='word_1_1' title='bbox 360 266 445 311; x_wconf 75' lang='lat'><strong>436</strong></span> <span class='ocrx_word' id='word_1_2' title='bbox 613 279 693 309; x_wconf 76' lang='lat' dir='ltr'><strong>un.</strong></span> <span class='ocrx_word' id='word_1_3' title='bbox 723 278 770 309; x_wconf 78' lang='grc' dir='ltr'><strong>ιι.</strong></span> <span class='ocrx_word' id='word_1_4' title='bbox 800 276 915 308; x_wconf 69' lang='lat' dir='ltr'><strong>secr.</strong></span> <span class='ocrx_word' id='word_1_5' title='bbox 944 275 1117 308; x_wconf 63' lang='lat' dir='ltr'><strong>ursui.</strong></span> <span class='ocrx_word' id='word_1_6' title='bbox 1146 276 1198 307; x_wconf 77' lang='lat' dir='ltr'><strong>ns</strong></span> <span class='ocrx_word' id='word_1_7' title='bbox 1229 275 1394 307; x_wconf 73' lang='lat' dir='ltr'><strong>rornsr.</strong></span> <span class='ocrx_word' id='word_1_8' title='bbox 1423 274 1567 309; x_wconf 75' lang='lat' dir='ltr'><strong>civim.</strong></span> 
     </span>
    </p>
   </div>
   <div class='ocr_carea' id='block_1_2' title="bbox 348 344 1837 2249">
    <p class='ocr_par' dir='ltr' id='par_1_2' title="bbox 348 344 1833 1332">
     <span class='ocr_line' id='line_1_2' title="bbox 352 344 1826 421; baseline -0.001 -17"><span class='ocrx_word' id='word_1_9' title='bbox 352 375 454 405; x_wconf 87' lang='lat' dir='ltr'><strong>nam</strong></span> <span class='ocrx_word' id='word_1_10' title='bbox 479 344 627 421; x_wconf 81' lang='lat' dir='ltr'><strong>quoad</strong></span> <span class='ocrx_word' id='word_1_11' title='bbox 651 354 802 403; x_wconf 89' lang='lat' dir='ltr'><strong>secula</strong></span> <span class='ocrx_word' id='word_1_12' title='bbox 823 353 1106 419; x_wconf 82' lang='lat' dir='ltr'><strong>insequentia</strong></span> <span class='ocrx_word' id='word_1_13' title='bbox 1123 370 1150 401; x_wconf 91' lang='lat' dir='ltr'><strong>a</strong></span> <span class='ocrx_word' id='word_1_14' title='bbox 1168 353 1348 401; x_wconf 84' lang='lat' dir='ltr'><strong>nemine</strong></span> <span class='ocrx_word' id='word_1_15' title='bbox 1368 353 1602 401; x_wconf 84' lang='lat' dir='ltr'><strong>existentia</strong></span> <span class='ocrx_word' id='word_1_16' title='bbox 1624 352 1826 403; x_wconf 80' lang='lat' dir='ltr'><strong>eiusdem</strong></span> 
     </span>
     <span class='ocr_line' id='line_1_3' title="bbox 351 429 1825 495; baseline -0.002 -14"><span class='ocrx_word' id='word_1_17' title='bbox 351 432 517 481; x_wconf 84' lang='lat' dir='ltr'><strong>externi</strong></span> <span class='ocrx_word' id='word_1_18' title='bbox 551 430 844 479; x_wconf 88' lang='lat' dir='ltr'><strong>ecclesiastici</strong></span> <span class='ocrx_word' id='word_1_19' title='bbox 879 430 963 478; x_wconf 88' lang='lat' dir='ltr'><strong>fori</strong></span> <span class='ocrx_word' id='word_1_20' title='bbox 998 430 1093 477; x_wconf 88' lang='lat' dir='ltr'><strong>iure</strong></span> <span class='ocrx_word' id='word_1_21' title='bbox 1125 429 1171 476; x_wconf 93' lang='lat' dir='ltr'><strong>in</strong></span> <span class='ocrx_word' id='word_1_22' title='bbox 1205 429 1392 477; x_wconf 90' lang='lat' dir='ltr'><strong>dubium</strong></span> <span class='ocrx_word' id='word_1_23' title='bbox 1426 429 1622 478; x_wconf 86' lang='lat' dir='ltr'><strong>revocari</strong></span> <span class='ocrx_word' id='word_1_24' title='bbox 1656 439 1825 495; x_wconf 86' lang='lat' dir='ltr'><strong>potest,</strong></span> 
     </span>
     <span class='ocr_line' id='line_1_4' title="bbox 351 505 1832 573; baseline -0.001 -18"><span class='ocrx_word' id='word_1_25' title='bbox 351 510 396 555; x_wconf 88' lang='lat' dir='ltr'><strong>in</strong></span> <span class='ocrx_word' id='word_1_26' title='bbox 420 526 509 573; x_wconf 93' lang='lat' dir='ltr'><strong>quo</strong></span> <span class='ocrx_word' id='word_1_27' title='bbox 533 524 696 555; x_wconf 88' lang='lat' dir='ltr'><strong>causae</strong></span> <span class='ocrx_word' id='word_1_28' title='bbox 724 524 803 554; x_wconf 91' lang='lat' dir='ltr'><strong>eae</strong></span> <span class='ocrx_word' id='word_1_29' title='bbox 833 507 953 554; x_wconf 92' lang='lat' dir='ltr'><strong>omni</strong></span> <span class='ocrx_word' id='word_1_30' title='bbox 984 524 1100 572; x_wconf 90' lang='lat' dir='ltr'><strong>quae</strong></span> <span class='ocrx_word' id='word_1_31' title='bbox 1128 506 1383 555; x_wconf 87' lang='lat' dir='ltr'><strong>necessaria</strong></span> <span class='ocrx_word' id='word_1_32' title='bbox 1404 516 1473 554; x_wconf 88' lang='lat' dir='ltr'><strong>est</strong></span> <span class='ocrx_word' id='word_1_33' title='bbox 1495 505 1754 554; x_wconf 87' lang='lat' dir='ltr'><strong>auctoritate</strong></span> <span class='ocrx_word' id='word_1_34' title='bbox 1775 521 1832 553; x_wconf 78' lang='lat' dir='ltr'><strong>ac</strong></span> 
     </span>
     <span class='ocr_line' id='line_1_5' title="bbox 349 581 1831 648; baseline -0.001 -18"><span class='ocrx_word' id='word_1_35' title='bbox 349 584 627 648; x_wconf 80' lang='lat' dir='ltr'><strong>formalitate,</strong></span> <span class='ocrx_word' id='word_1_36' title='bbox 645 600 779 648; x_wconf 87' lang='lat' dir='ltr'><strong>quam</strong></span> <span class='ocrx_word' id='word_1_37' title='bbox 801 593 960 631; x_wconf 88' lang='lat' dir='ltr'><strong>vocant</strong></span> <span class='ocrx_word' id='word_1_38' title='bbox 976 620 986 639; x_wconf 89' lang='lat'>,</span> <span class='ocrx_word' id='word_1_39' title='bbox 1009 599 1099 629; x_wconf 88' lang='lat' dir='ltr'><strong>una</strong></span> <span class='ocrx_word' id='word_1_40' title='bbox 1121 599 1223 629; x_wconf 91' lang='lat' dir='ltr'><strong>cum</strong></span> <span class='ocrx_word' id='word_1_41' title='bbox 1246 581 1442 630; x_wconf 83' lang='lat' dir='ltr'><strong>coactiva</strong></span> <span class='ocrx_word' id='word_1_42' title='bbox 1465 581 1710 629; x_wconf 88' lang='lat' dir='ltr'><strong>sententiae</strong></span> <span class='ocrx_word' id='word_1_43' title='bbox 1732 597 1831 629; x_wconf 86' lang='lat' dir='ltr'><strong>exe-</strong></span> 
     </span>
     <span class='ocr_line' id='line_1_6' title="bbox 350 656 1827 722; baseline -0.001 -16"><span class='ocrx_word' id='word_1_44' title='bbox 350 659 527 706; x_wconf 83' lang='lat' dir='ltr'><strong>cutione</strong></span> <span class='ocrx_word' id='word_1_45' title='bbox 559 658 794 706; x_wconf 84' lang='lat' dir='ltr'><strong>discussae</strong></span> <span class='ocrx_word' id='word_1_46' title='bbox 828 668 934 705; x_wconf 89' lang='lat' dir='ltr'><strong>sunt</strong></span> <span class='ocrx_word' id='word_1_47' title='bbox 961 674 1014 705; x_wconf 91' lang='lat' dir='ltr'><strong>ac</strong></span> <span class='ocrx_word' id='word_1_48' title='bbox 1040 657 1263 705; x_wconf 88' lang='lat' dir='ltr'><strong>iudicatae</strong></span> <span class='ocrx_word' id='word_1_49' title='bbox 1295 658 1445 720; x_wconf 82' lang='lat'>(161);</span> <span class='ocrx_word' id='word_1_50' title='bbox 1475 656 1555 705; x_wconf 89' lang='lat' dir='ltr'><strong>sed</strong></span> <span class='ocrx_word' id='word_1_51' title='bbox 1580 667 1827 722; x_wconf 83' lang='lat' dir='ltr'><strong>praeterea,</strong></span> 
     </span>
     <span class='ocr_line' id='line_1_7' title="bbox 348 732 1831 799; baseline -0.001 -16"><span class='ocrx_word' id='word_1_52' title='bbox 348 746 397 783; x_wconf 90' lang='lat' dir='ltr'><strong>ut</strong></span> <span class='ocrx_word' id='word_1_53' title='bbox 431 735 652 792; x_wconf 87' lang='lat' dir='ltr'><strong>diximus,</strong></span> <span class='ocrx_word' id='word_1_54' title='bbox 691 734 802 782; x_wconf 91' lang='lat' dir='ltr'><strong>haec</strong></span> <span class='ocrx_word' id='word_1_55' title='bbox 836 733 1079 782; x_wconf 90' lang='lat' dir='ltr'><strong>adversarii</strong></span> <span class='ocrx_word' id='word_1_56' title='bbox 1113 732 1301 781; x_wconf 84' lang='lat' dir='ltr'><strong>assertio</strong></span> <span class='ocrx_word' id='word_1_57' title='bbox 1335 743 1405 782; x_wconf 89' lang='lat' dir='ltr'><strong>est</strong></span> <span class='ocrx_word' id='word_1_58' title='bbox 1427 732 1698 782; x_wconf 77' lang='lat' dir='ltr'><strong>haereticalis</strong></span> <span class='ocrx_word' id='word_1_59' title='bbox 1721 732 1831 799; x_wconf 83' lang='lat' dir='ltr'><strong>quia</strong></span> 
     </span>
     <span class='ocr_line' id='line_1_8' title="bbox 350 809 1832 877; baseline 0 -19"><span class='ocrx_word' id='word_1_60' title='bbox 350 812 522 877; x_wconf 90' lang='lat' dir='ltr'><strong>impetit</strong></span> <span class='ocrx_word' id='word_1_61' title='bbox 556 812 627 859; x_wconf 90' lang='lat' dir='ltr'><strong>ius</strong></span> <span class='ocrx_word' id='word_1_62' title='bbox 661 811 717 859; x_wconf 93' lang='lat' dir='ltr'><strong>de</strong></span> <span class='ocrx_word' id='word_1_63' title='bbox 750 811 838 858; x_wconf 88' lang='lat' dir='ltr'><strong>fide</strong></span> <span class='ocrx_word' id='word_1_64' title='bbox 873 820 1093 859; x_wconf 90' lang='lat' dir='ltr'><strong>assertum</strong></span> <span class='ocrx_word' id='word_1_65' title='bbox 1128 810 1345 858; x_wconf 87' lang='lat' dir='ltr'><strong>adversus</strong></span> <span class='ocrx_word' id='word_1_66' title='bbox 1381 809 1627 858; x_wconf 88' lang='lat' dir='ltr'><strong>Marsilium</strong></span> <span class='ocrx_word' id='word_1_67' title='bbox 1655 809 1832 859; x_wconf 80' lang='lat' dir='ltr'><strong>Patavi—</strong></span> 
     </span>
     <span class='ocr_line' id='line_1_9' title="bbox 350 885 1829 952; baseline -0.001 -17"><span class='ocrx_word' id='word_1_68' title='bbox 350 906 456 936; x_wconf 91' lang='lat' dir='ltr'><strong>num</strong></span> <span class='ocrx_word' id='word_1_69' title='bbox 479 927 488 946; x_wconf 92' lang='lat'>,</span> <span class='ocrx_word' id='word_1_70' title='bbox 530 898 573 936; x_wconf 87' lang='lat' dir='ltr'><strong>et</strong></span> <span class='ocrx_word' id='word_1_71' title='bbox 605 889 815 936; x_wconf 91' lang='lat' dir='ltr'><strong>Ioannem</strong></span> <span class='ocrx_word' id='word_1_72' title='bbox 849 888 1100 935; x_wconf 89' lang='lat' dir='ltr'><strong>landunum</strong></span> <span class='ocrx_word' id='word_1_73' title='bbox 1125 905 1151 934; x_wconf 91' lang='lat' dir='ltr'><strong>a</strong></span> <span class='ocrx_word' id='word_1_74' title='bbox 1174 887 1339 935; x_wconf 87' lang='lat' dir='ltr'><strong>Ioanne</strong></span> <span class='ocrx_word' id='word_1_75' title='bbox 1361 887 1497 934; x_wconf 87' lang='lat' dir='ltr'>XXII.</span> <span class='ocrx_word' id='word_1_76' title='bbox 1520 885 1599 952; x_wconf 90' lang='lat' dir='ltr'><strong>qui</strong></span> <span class='ocrx_word' id='word_1_77' title='bbox 1627 885 1829 952; x_wconf 86' lang='lat' dir='ltr'><strong>ipsorum</strong></span> 
     </span>
     <span class='ocr_line' id='line_1_10' title="bbox 349 961 1833 1028; baseline -0.001 -16"><span class='ocrx_word' id='word_1_78' title='bbox 349 981 541 1013; x_wconf 90' lang='lat' dir='ltr'><strong>errorem</strong></span> <span class='ocrx_word' id='word_1_79' title='bbox 560 964 679 1011; x_wconf 88' lang='lat' dir='ltr'><strong>circa</strong></span> <span class='ocrx_word' id='word_1_80' title='bbox 698 973 958 1028; x_wconf 89' lang='lat' dir='ltr'><strong>potestatem</strong></span> <span class='ocrx_word' id='word_1_81' title='bbox 970 962 1221 1011; x_wconf 38' lang='lat' dir='ltr'><strong>‘coactivam</strong></span> <span class='ocrx_word' id='word_1_82' title='bbox 1240 961 1456 1010; x_wconf 87' lang='lat' dir='ltr'><strong>ecclesiae</strong></span> <span class='ocrx_word' id='word_1_83' title='bbox 1474 962 1521 1009; x_wconf 92' lang='lat' dir='ltr'><strong>in</strong></span> <span class='ocrx_word' id='word_1_84' title='bbox 1538 962 1633 1011; x_wconf 85' lang='lat' dir='ltr'><strong>foro</strong></span> <span class='ocrx_word' id='word_1_85' title='bbox 1650 971 1833 1010; x_wconf 81' lang='lat' dir='ltr'><strong>externo</strong></span> 
     </span>
     <span class='ocr_line' id='line_1_11' title="bbox 350 1036 1833 1096; baseline -0.003 -7"><span class='ocrx_word' id='word_1_86' title='bbox 350 1051 399 1089; x_wconf 89' lang='lat' dir='ltr'><strong>ut</strong></span> <span class='ocrx_word' id='word_1_87' title='bbox 434 1041 642 1088; x_wconf 78' lang='lat' dir='ltr'><strong>haeresim</strong></span> <span class='ocrx_word' id='word_1_88' title='bbox 675 1040 931 1096; x_wconf 85' lang='lat' dir='ltr'><strong>damnavit,</strong></span> <span class='ocrx_word' id='word_1_89' title='bbox 959 1050 1008 1087; x_wconf 89' lang='lat' dir='ltr'><strong>ut</strong></span> <span class='ocrx_word' id='word_1_90' title='bbox 1030 1049 1203 1087; x_wconf 89' lang='lat' dir='ltr'><strong>constat</strong></span> <span class='ocrx_word' id='word_1_91' title='bbox 1225 1056 1279 1086; x_wconf 89' lang='lat' dir='ltr'><strong>ex</strong></span> <span class='ocrx_word' id='word_1_92' title='bbox 1302 1038 1498 1086; x_wconf 87' lang='lat' dir='ltr'><strong>recitatis</strong></span> <span class='ocrx_word' id='word_1_93' title='bbox 1531 1038 1632 1086; x_wconf 82' lang='lat' dir='ltr'><strong>eius</strong></span> <span class='ocrx_word' id='word_1_94' title='bbox 1665 1036 1833 1086; x_wconf 88' lang='lat' dir='ltr'><strong>consti-</strong></span> 
     </span>
     <span class='ocr_line' id='line_1_12' title="bbox 352 1113 1832 1180; baseline -0.001 -17"><span class='ocrx_word' id='word_1_95' title='bbox 352 1116 536 1164; x_wconf 88' lang='lat' dir='ltr'><strong>tutionis</strong></span> <span class='ocrx_word' id='word_1_96' title='bbox 561 1115 727 1163; x_wconf 87' lang='lat' dir='ltr'><strong>verbis.</strong></span> <span class='ocrx_word' id='word_1_97' title='bbox 751 1116 967 1180; x_wconf 90' lang='lat' dir='ltr'><strong>Hancque</strong></span> <span class='ocrx_word' id='word_1_98' title='bbox 1000 1114 1201 1162; x_wconf 88' lang='lat' dir='ltr'><strong>eamdem</strong></span> <span class='ocrx_word' id='word_1_99' title='bbox 1236 1113 1476 1162; x_wconf 87' lang='lat' dir='ltr'><strong>haereseos</strong></span> <span class='ocrx_word' id='word_1_100' title='bbox 1500 1123 1649 1162; x_wconf 88' lang='lat' dir='ltr'><strong>notam</strong></span> <span class='ocrx_word' id='word_1_101' title='bbox 1673 1113 1832 1161; x_wconf 82' lang='lat' dir='ltr'><strong>adver-</strong></span> 
     </span>
     <span class='ocr_line' id='line_1_13' title="bbox 350 1188 1833 1239; baseline -0.002 0"><span class='ocrx_word' id='word_1_102' title='bbox 350 1209 428 1239; x_wconf 90' lang='lat' dir='ltr'><strong>sus</strong></span> <span class='ocrx_word' id='word_1_103' title='bbox 463 1191 668 1239; x_wconf 89' lang='lat' dir='ltr'><strong>eumdem</strong></span> <span class='ocrx_word' id='word_1_104' title='bbox 703 1207 895 1238; x_wconf 90' lang='lat' dir='ltr'><strong>errorem</strong></span> <span class='ocrx_word' id='word_1_105' title='bbox 930 1190 1095 1237; x_wconf 90' lang='lat' dir='ltr'><strong>inussit</strong></span> <span class='ocrx_word' id='word_1_106' title='bbox 1129 1189 1235 1237; x_wconf 87' lang='lat' dir='ltr'><strong>Pius</strong></span> <span class='ocrx_word' id='word_1_107' title='bbox 1267 1188 1339 1236; x_wconf 83' lang='lat' dir='ltr'><strong>VI.</strong></span> <span class='ocrx_word' id='word_1_108' title='bbox 1369 1189 1415 1236; x_wconf 92' lang='lat' dir='ltr'><strong>in</strong></span> <span class='ocrx_word' id='word_1_109' title='bbox 1440 1200 1585 1238; x_wconf 87' lang='lat' dir='ltr'><strong>const.</strong></span> <span class='ocrx_word' id='word_1_110' title='bbox 1607 1190 1833 1237; x_wconf 81' lang='lat' dir='ltr'><strong>Auctorem</strong></span> 
     </span>
     <span class='ocr_line' id='line_1_14' title="bbox 349 1265 1827 1332; baseline -0.001 -18"><span class='ocrx_word' id='word_1_111' title='bbox 349 1267 453 1332; x_wconf 76' lang='lat' dir='ltr'><strong>fidei</strong></span> <span class='ocrx_word' id='word_1_112' title='bbox 473 1267 687 1315; x_wconf 87' lang='lat' dir='ltr'><strong>adversus</strong></span> <span class='ocrx_word' id='word_1_113' title='bbox 713 1267 1003 1331; x_wconf 82' lang='lat' dir='ltr'><strong>pistorienses</strong></span> <span class='ocrx_word' id='word_1_114' title='bbox 1019 1304 1029 1323; x_wconf 91' lang='lat'>‚</span> <span class='ocrx_word' id='word_1_115' title='bbox 1051 1265 1161 1331; x_wconf 91' lang='lat' dir='ltr'><strong>quin</strong></span> <span class='ocrx_word' id='word_1_116' title='bbox 1180 1282 1364 1314; x_wconf 89' lang='lat' dir='ltr'><strong>necesse</strong></span> <span class='ocrx_word' id='word_1_117' title='bbox 1387 1265 1446 1314; x_wconf 89' lang='lat' dir='ltr'><strong>sit</strong></span> <span class='ocrx_word' id='word_1_118' title='bbox 1467 1265 1623 1314; x_wconf 91' lang='lat' dir='ltr'><strong>eadem</strong></span> <span class='ocrx_word' id='word_1_119' title='bbox 1647 1265 1827 1314; x_wconf 81' lang='lat' dir='ltr'><strong>referre.</strong></span> 
     </span>
    </p>

    <p class='ocr_par' dir='ltr' id='par_1_3' title="bbox 350 1340 1831 1636">
     <span class='ocr_line' id='line_1_15' title="bbox 447 1340 1828 1405; baseline 0 -16"><span class='ocrx_word' id='word_1_120' title='bbox 447 1343 575 1389; x_wconf 88' lang='lat' dir='ltr'><strong>Nunc</strong></span> <span class='ocrx_word' id='word_1_121' title='bbox 607 1358 711 1389; x_wconf 87' lang='lat' dir='ltr'><strong>vero</strong></span> <span class='ocrx_word' id='word_1_122' title='bbox 739 1341 858 1405; x_wconf 92' lang='lat' dir='ltr'><strong>quod</strong></span> <span class='ocrx_word' id='word_1_123' title='bbox 889 1341 1045 1388; x_wconf 88' lang='lat' dir='ltr'><strong>attinet</strong></span> <span class='ocrx_word' id='word_1_124' title='bbox 1076 1340 1134 1388; x_wconf 91' lang='lat' dir='ltr'><strong>ad</strong></span> <span class='ocrx_word' id='word_1_125' title='bbox 1168 1341 1420 1405; x_wconf 83' lang='lat' dir='ltr'><strong>congeriem</strong></span> <span class='ocrx_word' id='word_1_126' title='bbox 1443 1341 1828 1397; x_wconf 88' lang='lat' dir='ltr'><strong>consecutionum,</strong></span> 
     </span>
     <span class='ocr_line' id='line_1_16' title="bbox 350 1417 1831 1483; baseline 0.001 -18"><span class='ocrx_word' id='word_1_127' title='bbox 350 1419 414 1466; x_wconf 90' lang='lat' dir='ltr'><strong>uti</strong></span> <span class='ocrx_word' id='word_1_128' title='bbox 450 1418 734 1474; x_wconf 86' lang='lat' dir='ltr'><strong>vocavimus,</strong></span> <span class='ocrx_word' id='word_1_129' title='bbox 763 1435 877 1483; x_wconf 90' lang='lat' dir='ltr'><strong>quas</strong></span> <span class='ocrx_word' id='word_1_130' title='bbox 905 1417 1189 1466; x_wconf 82' lang='lat' dir='ltr'><strong>adversarius</strong></span> <span class='ocrx_word' id='word_1_131' title='bbox 1226 1418 1593 1482; x_wconf 81' lang='lat' dir='ltr'><strong>argumentationi</strong></span> <span class='ocrx_word' id='word_1_132' title='bbox 1623 1434 1731 1466; x_wconf 90' lang='lat' dir='ltr'><strong>suae</strong></span> <span class='ocrx_word' id='word_1_133' title='bbox 1753 1435 1831 1466; x_wconf 83' lang='lat' dir='ltr'><strong>su·</strong></span> 
     </span>
     <span class='ocr_line' id='line_1_17' title="bbox 350 1493 1829 1561; baseline 0 -19"><span class='ocrx_word' id='word_1_134' title='bbox 350 1494 622 1560; x_wconf 85' lang='lat' dir='ltr'><strong>perstruxit,</strong></span> <span class='ocrx_word' id='word_1_135' title='bbox 659 1512 740 1542; x_wconf 91' lang='lat' dir='ltr'><strong>seu</strong></span> <span class='ocrx_word' id='word_1_136' title='bbox 772 1495 922 1542; x_wconf 77' lang='lat' dir='ltr'><strong>verius</strong></span> <span class='ocrx_word' id='word_1_137' title='bbox 957 1512 1009 1542; x_wconf 88' lang='lat' dir='ltr'><strong>ex</strong></span> <span class='ocrx_word' id='word_1_138' title='bbox 1045 1511 1099 1542; x_wconf 89' lang='lat' dir='ltr'><strong>ea</strong></span> <span class='ocrx_word' id='word_1_139' title='bbox 1133 1494 1350 1553; x_wconf 88' lang='lat' dir='ltr'><strong>deduxit,</strong></span> <span class='ocrx_word' id='word_1_140' title='bbox 1387 1495 1498 1544; x_wconf 84' lang='lat' dir='ltr'><strong>satis</strong></span> <span class='ocrx_word' id='word_1_141' title='bbox 1543 1505 1613 1543; x_wconf 86' lang='lat' dir='ltr'><strong>est</strong></span> <span class='ocrx_word' id='word_1_142' title='bbox 1651 1493 1829 1561; x_wconf 75' lang='lat' dir='ltr'><strong>analysi</strong></span> 
     </span>
     <span class='ocr_line' id='line_1_18' title="bbox 350 1570 1336 1636; baseline 0.001 -19"><span class='ocrx_word' id='word_1_143' title='bbox 350 1571 583 1628; x_wconf 88' lang='lat' dir='ltr'><strong>instituta,</strong></span> <span class='ocrx_word' id='word_1_144' title='bbox 621 1571 720 1618; x_wconf 91' lang='lat' dir='ltr'><strong>eius</strong></span> <span class='ocrx_word' id='word_1_145' title='bbox 754 1571 1079 1636; x_wconf 82' lang='lat' dir='ltr'><strong>paralogismos</strong></span> <span class='ocrx_word' id='word_1_146' title='bbox 1114 1570 1336 1635; x_wconf 88' lang='lat' dir='ltr'><strong>detegere.</strong></span> 
     </span>
    </p>

    <p class='ocr_par' dir='ltr' id='par_1_4' title="bbox 351 1647 1837 2249">
     <span class='ocr_line' id='line_1_19' title="bbox 449 1647 1835 1712; baseline 0.001 -18"><span class='ocrx_word' id='word_1_147' title='bbox 449 1648 623 1694; x_wconf 88' lang='lat' dir='ltr'><strong>Primus</strong></span> <span class='ocrx_word' id='word_1_148' title='bbox 660 1647 987 1712; x_wconf 81' lang='lat' dir='ltr'><strong>paralogismus</strong></span> <span class='ocrx_word' id='word_1_149' title='bbox 1027 1658 1117 1706; x_wconf 88' lang='lat' dir='ltr'><strong>est,</strong></span> <span class='ocrx_word' id='word_1_150' title='bbox 1155 1665 1208 1696; x_wconf 87' lang='lat' dir='ltr'><strong>ex</strong></span> <span class='ocrx_word' id='word_1_151' title='bbox 1243 1658 1395 1696; x_wconf 86' lang='lat' dir='ltr'><strong>nostra</strong></span> <span class='ocrx_word' id='word_1_152' title='bbox 1427 1648 1652 1706; x_wconf 87' lang='lat' dir='ltr'><strong>doctrina,</strong></span> <span class='ocrx_word' id='word_1_153' title='bbox 1685 1647 1732 1695; x_wconf 89' lang='lat' dir='ltr'><strong>id</strong></span> <span class='ocrx_word' id='word_1_154' title='bbox 1765 1657 1835 1695; x_wconf 87' lang='lat' dir='ltr'><strong>est</strong></span> 
     </span>
     <span class='ocr_line' id='line_1_20' title="bbox 351 1723 1837 1791; baseline 0.001 -21"><span class='ocrx_word' id='word_1_155' title='bbox 351 1742 403 1770; x_wconf 86' lang='lat' dir='ltr'><strong>ex</strong></span> <span class='ocrx_word' id='word_1_156' title='bbox 435 1724 638 1772; x_wconf 88' lang='lat' dir='ltr'><strong>doctrina</strong></span> <span class='ocrx_word' id='word_1_157' title='bbox 672 1723 913 1782; x_wconf 88' lang='lat' dir='ltr'><strong>catholica,</strong></span> <span class='ocrx_word' id='word_1_158' title='bbox 953 1725 1082 1790; x_wconf 90' lang='lat' dir='ltr'><strong>sequi</strong></span> <span class='ocrx_word' id='word_1_159' title='bbox 1107 1725 1166 1773; x_wconf 90' lang='lat' dir='ltr'><strong>ob</strong></span> <span class='ocrx_word' id='word_1_160' title='bbox 1189 1724 1422 1790; x_wconf 85' lang='lat' dir='ltr'><strong>paritatem</strong></span> <span class='ocrx_word' id='word_1_161' title='bbox 1459 1724 1644 1773; x_wconf 87' lang='lat' dir='ltr'><strong>rationis</strong></span> <span class='ocrx_word' id='word_1_162' title='bbox 1661 1762 1672 1782; x_wconf 87' lang='lat'><strong>‚</strong></span> <span class='ocrx_word' id='word_1_163' title='bbox 1700 1740 1837 1791; x_wconf 87' lang='lat' dir='ltr'><strong>posse</strong></span> 
     </span>
     <span class='ocr_line' id='line_1_21' title="bbox 352 1799 1835 1866; baseline -0.001 -19"><span class='ocrx_word' id='word_1_164' title='bbox 352 1800 587 1848; x_wconf 89' lang='lat' dir='ltr'><strong>ecclesiam</strong></span> <span class='ocrx_word' id='word_1_165' title='bbox 622 1817 672 1847; x_wconf 90' lang='lat' dir='ltr'><strong>se</strong></span> <span class='ocrx_word' id='word_1_166' title='bbox 707 1799 958 1848; x_wconf 90' lang='lat' dir='ltr'><strong>immiscere</strong></span> <span class='ocrx_word' id='word_1_167' title='bbox 1001 1801 1048 1847; x_wconf 86' lang='lat' dir='ltr'><strong>in</strong></span> <span class='ocrx_word' id='word_1_168' title='bbox 1087 1800 1295 1848; x_wconf 90' lang='lat' dir='ltr'><strong>omnibus</strong></span> <span class='ocrx_word' id='word_1_169' title='bbox 1341 1800 1641 1849; x_wconf 88' lang='lat' dir='ltr'><strong>contractibus</strong></span> <span class='ocrx_word' id='word_1_170' title='bbox 1664 1838 1676 1858; x_wconf 94' lang='lat'>,</span> <span class='ocrx_word' id='word_1_171' title='bbox 1725 1799 1835 1866; x_wconf 87' lang='lat' dir='ltr'><strong>quia</strong></span> 
     </span>
     <span class='ocr_line' id='line_1_22' title="bbox 353 1876 1834 1935; baseline 0.001 -12"><span class='ocrx_word' id='word_1_172' title='bbox 353 1877 464 1924; x_wconf 89' lang='lat' dir='ltr'><strong>ethi</strong></span> <span class='ocrx_word' id='word_1_173' title='bbox 490 1877 791 1924; x_wconf 89' lang='lat' dir='ltr'><strong>conscientiae</strong></span> <span class='ocrx_word' id='word_1_174' title='bbox 819 1877 997 1926; x_wconf 86' lang='lat' dir='ltr'><strong>obnoxii</strong></span> <span class='ocrx_word' id='word_1_175' title='bbox 1032 1888 1161 1935; x_wconf 90' lang='lat' dir='ltr'><strong>sunt,</strong></span> <span class='ocrx_word' id='word_1_176' title='bbox 1190 1878 1318 1926; x_wconf 87' lang='lat' dir='ltr'><strong>cuius</strong></span> <span class='ocrx_word' id='word_1_177' title='bbox 1342 1877 1612 1926; x_wconf 85' lang='lat' dir='ltr'><strong>moderatrix</strong></span> <span class='ocrx_word' id='word_1_178' title='bbox 1643 1876 1834 1925; x_wconf 83' lang='lat' dir='ltr'><strong>ecclesia</strong></span> 
     </span>
     <span class='ocr_line' id='line_1_23' title="bbox 355 1954 1829 2020; baseline 0 -19"><span class='ocrx_word' id='word_1_179' title='bbox 355 1966 438 2002; x_wconf 89' lang='lat' dir='ltr'><strong>est.</strong></span> <span class='ocrx_word' id='word_1_180' title='bbox 470 1955 629 2020; x_wconf 91' lang='lat' dir='ltr'><strong>Utique</strong></span> <span class='ocrx_word' id='word_1_181' title='bbox 664 1972 827 2003; x_wconf 88' lang='lat' dir='ltr'><strong>causae</strong></span> <span class='ocrx_word' id='word_1_182' title='bbox 861 1964 1163 2004; x_wconf 87' lang='lat' dir='ltr'><strong>contractuum</strong></span> <span class='ocrx_word' id='word_1_183' title='bbox 1187 1955 1354 2003; x_wconf 89' lang='lat' dir='ltr'><strong>iudicio</strong></span> <span class='ocrx_word' id='word_1_184' title='bbox 1376 1954 1591 2002; x_wconf 89' lang='lat' dir='ltr'><strong>ecclesiae</strong></span> <span class='ocrx_word' id='word_1_185' title='bbox 1614 1954 1829 2011; x_wconf 85' lang='lat' dir='ltr'><strong>subsunt,</strong></span> 
     </span>
     <span class='ocr_line' id='line_1_24' title="bbox 358 2028 1833 2092; baseline 0 -16"><span class='ocrx_word' id='word_1_186' title='bbox 358 2047 457 2076; x_wconf 90' lang='lat' dir='ltr'><strong>cum</strong></span> <span class='ocrx_word' id='word_1_187' title='bbox 493 2030 637 2092; x_wconf 87' lang='lat' dir='ltr'><strong>agitur</strong></span> <span class='ocrx_word' id='word_1_188' title='bbox 671 2030 728 2078; x_wconf 91' lang='lat' dir='ltr'><strong>de</strong></span> <span class='ocrx_word' id='word_1_189' title='bbox 761 2030 907 2079; x_wconf 86' lang='lat' dir='ltr'><strong>ethica</strong></span> <span class='ocrx_word' id='word_1_190' title='bbox 929 2069 939 2088; x_wconf 93' lang='lat'>‚</span> <span class='ocrx_word' id='word_1_191' title='bbox 978 2048 1058 2078; x_wconf 93' lang='lat' dir='ltr'><strong>seu</strong></span> <span class='ocrx_word' id='word_1_192' title='bbox 1091 2030 1246 2078; x_wconf 90' lang='lat' dir='ltr'><strong>morali</strong></span> <span class='ocrx_word' id='word_1_193' title='bbox 1282 2040 1358 2078; x_wconf 87' lang='lat' dir='ltr'><strong>aut</strong></span> <span class='ocrx_word' id='word_1_194' title='bbox 1390 2029 1610 2078; x_wconf 90' lang='lat' dir='ltr'><strong>immorali</strong></span> <span class='ocrx_word' id='word_1_195' title='bbox 1656 2028 1833 2077; x_wconf 88' lang='lat' dir='ltr'><strong>illorum</strong></span> 
     </span>
     <span class='ocr_line' id='line_1_25' title="bbox 357 2106 1832 2165; baseline 0.001 -13"><span class='ocrx_word' id='word_1_196' title='bbox 357 2116 540 2162; x_wconf 89' lang='lat' dir='ltr'><strong>natura,</strong></span> <span class='ocrx_word' id='word_1_197' title='bbox 580 2124 660 2154; x_wconf 91' lang='lat' dir='ltr'><strong>seu</strong></span> <span class='ocrx_word' id='word_1_198' title='bbox 693 2107 865 2156; x_wconf 86' lang='lat' dir='ltr'><strong>ratione</strong></span> <span class='ocrx_word' id='word_1_199' title='bbox 898 2107 1200 2165; x_wconf 86' lang='lat' dir='ltr'><strong>discutienda,</strong></span> <span class='ocrx_word' id='word_1_200' title='bbox 1230 2124 1331 2155; x_wconf 90' lang='lat' dir='ltr'><strong>cum</strong></span> <span class='ocrx_word' id='word_1_201' title='bbox 1355 2106 1545 2155; x_wconf 87' lang='lat' dir='ltr'><strong>ecclesia</strong></span> <span class='ocrx_word' id='word_1_202' title='bbox 1572 2123 1661 2154; x_wconf 91' lang='lat' dir='ltr'><strong>non</strong></span> <span class='ocrx_word' id='word_1_203' title='bbox 1683 2110 1832 2154; x_wconf 85' lang='lat' dir='ltr'><strong>minus</strong></span> 
     </span>
     <span class='ocr_line' id='line_1_26' title="bbox 357 2182 1830 2249; baseline 0.001 -20"><span class='ocrx_word' id='word_1_204' title='bbox 357 2183 415 2230; x_wconf 88' lang='lat' dir='ltr'><strong>sit</strong></span> <span class='ocrx_word' id='word_1_205' title='bbox 448 2182 661 2245; x_wconf 87' lang='lat' dir='ltr'><strong>magistra</strong></span> <span class='ocrx_word' id='word_1_206' title='bbox 685 2183 730 2230; x_wconf 90' lang='lat' dir='ltr'><strong>in</strong></span> <span class='ocrx_word' id='word_1_207' title='bbox 755 2184 911 2233; x_wconf 90' lang='lat' dir='ltr'><strong>ordine</strong></span> <span class='ocrx_word' id='word_1_208' title='bbox 934 2183 990 2231; x_wconf 87' lang='lat' dir='ltr'><strong>ad</strong></span> <span class='ocrx_word' id='word_1_209' title='bbox 1015 2183 1148 2232; x_wconf 91' lang='lat' dir='ltr'><strong>fidem</strong></span> <span class='ocrx_word' id='word_1_210' title='bbox 1176 2201 1312 2249; x_wconf 88' lang='lat' dir='ltr'><strong>quam</strong></span> <span class='ocrx_word' id='word_1_211' title='bbox 1335 2184 1381 2230; x_wconf 91' lang='lat' dir='ltr'><strong>in</strong></span> <span class='ocrx_word' id='word_1_212' title='bbox 1405 2183 1563 2232; x_wconf 89' lang='lat' dir='ltr'><strong>ordine</strong></span> <span class='ocrx_word' id='word_1_213' title='bbox 1586 2182 1644 2231; x_wconf 89' lang='lat' dir='ltr'><strong>ad</strong></span> <span class='ocrx_word' id='word_1_214' title='bbox 1666 2199 1830 2232; x_wconf 86' lang='lat' dir='ltr'><strong>mores.</strong></span> 
     </span>
    </p>
   </div>
   <div class='ocr_carea' id='block_1_3' title="bbox 355 2331 1837 2903">
    <p class='ocr_par' dir='ltr' id='par_1_5' title="bbox 355 2331 1837 2903">
     <span class='ocr_line' id='line_1_27' title="bbox 451 2331 1836 2376; baseline 0.002 -13"><span class='ocrx_word' id='word_1_215' title='bbox 451 2331 536 2372; x_wconf 76' lang='lat'><em>(161)</em></span> <span class='ocrx_word' id='word_1_216' title='bbox 557 2332 592 2363; x_wconf 86' lang='lat' dir='ltr'><strong>Si</strong></span> <span class='ocrx_word' id='word_1_217' title='bbox 614 2332 688 2372; x_wconf 86' lang='lat' dir='ltr'><strong>quis</strong></span> <span class='ocrx_word' id='word_1_218' title='bbox 714 2333 820 2374; x_wconf 84' lang='lat' dir='ltr'><strong>capiat</strong></span> <span class='ocrx_word' id='word_1_219' title='bbox 840 2334 920 2366; x_wconf 84' lang='lat' dir='ltr'><strong>haec</strong></span> <span class='ocrx_word' id='word_1_220' title='bbox 940 2333 1135 2367; x_wconf 87' lang='lat' dir='ltr'><strong>documenta</strong></span> <span class='ocrx_word' id='word_1_221' title='bbox 1156 2342 1273 2376; x_wconf 84' lang='lat' dir='ltr'><strong>magna</strong></span> <span class='ocrx_word' id='word_1_222' title='bbox 1302 2334 1397 2375; x_wconf 85' lang='lat' dir='ltr'><strong>copia</strong></span> <span class='ocrx_word' id='word_1_223' title='bbox 1418 2334 1558 2376; x_wconf 84' lang='lat' dir='ltr'><strong>reperire</strong></span> <span class='ocrx_word' id='word_1_224' title='bbox 1580 2333 1676 2366; x_wconf 78' lang='lat' dir='ltr'><strong>adeat</strong></span> <span class='ocrx_word' id='word_1_225' title='bbox 1701 2332 1836 2367; x_wconf 81' lang='lat' dir='ltr'><strong>Bianchi</strong></span> 
     </span>
     <span class='ocr_line' id='line_1_28' title="bbox 356 2385 1837 2429; baseline 0.001 -13"><span class='ocrx_word' id='word_1_226' title='bbox 356 2395 410 2426; x_wconf 88' lang='lat' dir='ltr'><strong>op.</strong></span> <span class='ocrx_word' id='word_1_227' title='bbox 428 2385 483 2417; x_wconf 87' lang='lat' dir='ltr'><strong>cit.</strong></span> <span class='ocrx_word' id='word_1_228' title='bbox 501 2386 580 2417; x_wconf 83' lang='lat' dir='ltr'><strong>tom.</strong></span> <span class='ocrx_word' id='word_1_229' title='bbox 594 2386 651 2416; x_wconf 80' lang='lat'><strong>111.</strong></span> <span class='ocrx_word' id='word_1_230' title='bbox 669 2385 727 2417; x_wconf 85' lang='lat' dir='ltr'><strong>lib.</strong></span> <span class='ocrx_word' id='word_1_231' title='bbox 744 2388 771 2417; x_wconf 94' lang='lat' dir='ltr'><strong>I.</strong></span> <span class='ocrx_word' id='word_1_232' title='bbox 788 2395 858 2427; x_wconf 81' lang='lat' dir='ltr'><strong>cap.</strong></span> <span class='ocrx_word' id='word_1_233' title='bbox 877 2392 907 2419; x_wconf 82' lang='grc'><strong>5.</strong></span> <span class='ocrx_word' id='word_1_234' title='bbox 924 2387 954 2428; x_wconf 87' lang='lat'><strong>§.</strong></span> <span class='ocrx_word' id='word_1_235' title='bbox 967 2393 997 2420; x_wconf 84' lang='lat'><strong>2.</strong></span> <span class='ocrx_word' id='word_1_236' title='bbox 1016 2396 1048 2420; x_wconf 94' lang='lat' dir='ltr'><strong>n.</strong></span> <span class='ocrx_word' id='word_1_237' title='bbox 1072 2390 1090 2420; x_wconf 89' lang='grc'>7</span> <span class='ocrx_word' id='word_1_238' title='bbox 1106 2397 1198 2429; x_wconf 88' lang='lat' dir='ltr'><strong>seqq.</strong></span> <span class='ocrx_word' id='word_1_239' title='bbox 1217 2387 1274 2420; x_wconf 91' lang='lat' dir='ltr'><strong>ubi</strong></span> <span class='ocrx_word' id='word_1_240' title='bbox 1295 2387 1394 2420; x_wconf 85' lang='lat' dir='ltr'><strong>etiam</strong></span> <span class='ocrx_word' id='word_1_241' title='bbox 1416 2388 1561 2429; x_wconf 85' lang='lat' dir='ltr'><strong>egregius</strong></span> <span class='ocrx_word' id='word_1_242' title='bbox 1584 2389 1699 2420; x_wconf 77' lang='lat' dir='ltr'><strong>auctor</strong></span> <span class='ocrx_word' id='word_1_243' title='bbox 1719 2386 1837 2419; x_wconf 78' lang='lat' dir='ltr'><strong>refellit</strong></span> 
     </span>
     <span class='ocr_line' id='line_1_29' title="bbox 356 2438 1834 2483; baseline 0.001 -14"><span class='ocrx_word' id='word_1_244' title='bbox 356 2438 520 2469; x_wconf 84' lang='lat' dir='ltr'><strong>Morinum</strong></span> <span class='ocrx_word' id='word_1_245' title='bbox 530 2461 540 2478; x_wconf 90' lang='lat'>,</span> <span class='ocrx_word' id='word_1_246' title='bbox 556 2438 660 2478; x_wconf 88' lang='lat' dir='ltr'><strong>quiin</strong></span> <span class='ocrx_word' id='word_1_247' title='bbox 674 2438 792 2479; x_wconf 82' lang='lat' dir='ltr'><strong>insigni</strong></span> <span class='ocrx_word' id='word_1_248' title='bbox 805 2448 902 2479; x_wconf 87' lang='lat' dir='ltr'><strong>opere</strong></span> <span class='ocrx_word' id='word_1_249' title='bbox 916 2442 966 2472; x_wconf 85' lang='lat' dir='ltr'><strong>De</strong></span> <span class='ocrx_word' id='word_1_250' title='bbox 979 2440 1179 2473; x_wconf 78' lang='lat' dir='ltr'><strong>administr.</strong></span> <span class='ocrx_word' id='word_1_251' title='bbox 1196 2449 1348 2474; x_wconf 86' lang='lat' dir='ltr'><strong>sacram.</strong></span> <span class='ocrx_word' id='word_1_252' title='bbox 1358 2441 1608 2483; x_wconf 74' lang='lat' dir='ltr'><strong>poenitentiae,</strong></span> <span class='ocrx_word' id='word_1_253' title='bbox 1626 2440 1682 2472; x_wconf 86' lang='lat' dir='ltr'><strong>lib.</strong></span> <span class='ocrx_word' id='word_1_254' title='bbox 1692 2441 1773 2472; x_wconf 84' lang='lat' dir='ltr'><strong>V.n.</strong></span> <span class='ocrx_word' id='word_1_255' title='bbox 1783 2443 1834 2472; x_wconf 78' lang='grc'><strong>26.</strong></span> 
     </span>
     <span class='ocr_line' id='line_1_30' title="bbox 355 2490 1836 2533; baseline 0.002 -11"><span class='ocrx_word' id='word_1_256' title='bbox 355 2492 444 2522; x_wconf 85' lang='lat' dir='ltr'><strong>totus</strong></span> <span class='ocrx_word' id='word_1_257' title='bbox 466 2490 500 2521; x_wconf 91' lang='lat' dir='ltr'><strong>in</strong></span> <span class='ocrx_word' id='word_1_258' title='bbox 521 2499 559 2522; x_wconf 89' lang='lat' dir='ltr'><strong>eo</strong></span> <span class='ocrx_word' id='word_1_259' title='bbox 581 2492 647 2530; x_wconf 89' lang='lat' dir='ltr'><strong>est,</strong></span> <span class='ocrx_word' id='word_1_260' title='bbox 669 2492 705 2522; x_wconf 87' lang='lat' dir='ltr'><strong>ut</strong></span> <span class='ocrx_word' id='word_1_261' title='bbox 725 2491 854 2523; x_wconf 82' lang='lat' dir='ltr'><strong>evineat</strong></span> <span class='ocrx_word' id='word_1_262' title='bbox 876 2500 932 2532; x_wconf 89' lang='lat' dir='ltr'><strong>per</strong></span> <span class='ocrx_word' id='word_1_263' title='bbox 953 2492 1047 2533; x_wconf 83' lang='lat' dir='ltr'><strong>plura</strong></span> <span class='ocrx_word' id='word_1_264' title='bbox 1076 2493 1187 2526; x_wconf 80' lang='lat' dir='ltr'><strong>secula</strong></span> <span class='ocrx_word' id='word_1_265' title='bbox 1216 2503 1281 2526; x_wconf 93' lang='lat' dir='ltr'><strong>non</strong></span> <span class='ocrx_word' id='word_1_266' title='bbox 1303 2493 1403 2527; x_wconf 80' lang='lat' dir='ltr'><strong>fuisse</strong></span> <span class='ocrx_word' id='word_1_267' title='bbox 1423 2494 1457 2525; x_wconf 86' lang='lat' dir='ltr'><strong>in</strong></span> <span class='ocrx_word' id='word_1_268' title='bbox 1478 2493 1614 2526; x_wconf 55' lang='lat' dir='ltr'><strong>antusia</strong></span> <span class='ocrx_word' id='word_1_269' title='bbox 1645 2492 1836 2525; x_wconf 79' lang='lat' dir='ltr'><strong>distinctum</strong></span> 
     </span>
     <span class='ocr_line' id='line_1_31' title="bbox 356 2534 1833 2588; baseline 0.001 -14"><span class='ocrx_word' id='word_1_270' title='bbox 356 2543 462 2575; x_wconf 85' lang='lat' dir='ltr'><strong>sorum</strong></span> <span class='ocrx_word' id='word_1_271' title='bbox 485 2543 653 2575; x_wconf 81' lang='lat' dir='ltr'><strong>externum</strong></span> <span class='ocrx_word' id='word_1_272' title='bbox 672 2544 705 2575; x_wconf 88' lang='lat' dir='ltr'><strong>et</strong></span> <span class='ocrx_word' id='word_1_273' title='bbox 722 2543 962 2575; x_wconf 86' lang='lat' dir='ltr'><strong>contentiosum</strong></span> <span class='ocrx_word' id='word_1_274' title='bbox 972 2553 991 2575; x_wconf 84' lang='lat' dir='ltr'><strong>a</strong></span> <span class='ocrx_word' id='word_1_275' title='bbox 1001 2544 1072 2577; x_wconf 80' lang='lat' dir='ltr'><strong>foro</strong></span> <span class='ocrx_word' id='word_1_276' title='bbox 1087 2546 1215 2578; x_wconf 86' lang='lat' dir='ltr'><strong>interno</strong></span> <span class='ocrx_word' id='word_1_277' title='bbox 1227 2555 1266 2578; x_wconf 88' lang='lat' dir='ltr'><strong>ac</strong></span> <span class='ocrx_word' id='word_1_278' title='bbox 1281 2545 1515 2588; x_wconf 76' lang='lat' dir='ltr'><strong>poenitentiali.</strong></span> <span class='ocrx_word' id='word_1_279' title='bbox 1527 2545 1578 2577; x_wconf 82' lang='lat' dir='ltr'><strong>Cf.</strong></span> <span class='ocrx_word' id='word_1_280' title='bbox 1588 2534 1670 2577; x_wconf 75' lang='lat' dir='ltr'><strong>item</strong></span> <span class='ocrx_word' id='word_1_281' title='bbox 1683 2545 1764 2577; x_wconf 81' lang='lat' dir='ltr'><strong>tom.</strong></span> <span class='ocrx_word' id='word_1_282' title='bbox 1775 2545 1833 2577; x_wconf 81' lang='lat' dir='ltr'><strong>lv.</strong></span> 
     </span>
     <span class='ocr_line' id='line_1_32' title="bbox 355 2595 1834 2639; baseline 0.001 -11"><span class='ocrx_word' id='word_1_283' title='bbox 355 2596 414 2628; x_wconf 85' lang='lat' dir='ltr'><strong>lib.</strong></span> <span class='ocrx_word' id='word_1_284' title='bbox 432 2598 474 2628; x_wconf 90' lang='lat'><strong>11.</strong></span> <span class='ocrx_word' id='word_1_285' title='bbox 492 2605 564 2637; x_wconf 84' lang='lat' dir='ltr'><strong>cap.</strong></span> <span class='ocrx_word' id='word_1_286' title='bbox 581 2598 613 2628; x_wconf 86' lang='lat'><strong>4.</strong></span> <span class='ocrx_word' id='word_1_287' title='bbox 625 2595 656 2637; x_wconf 85' lang='lat'><strong>§.</strong></span> <span class='ocrx_word' id='word_1_288' title='bbox 675 2601 688 2628; x_wconf 89' lang='lat'>1</span> <span class='ocrx_word' id='word_1_289' title='bbox 712 2604 805 2637; x_wconf 87' lang='lat' dir='ltr'><strong>seqq.</strong></span> <span class='ocrx_word' id='word_1_290' title='bbox 819 2595 875 2627; x_wconf 93' lang='lat' dir='ltr'><strong>ubi</strong></span> <span class='ocrx_word' id='word_1_291' title='bbox 892 2596 1047 2629; x_wconf 79' lang='lat' dir='ltr'><strong>adversus</strong></span> <span class='ocrx_word' id='word_1_292' title='bbox 1065 2598 1233 2632; x_wconf 87' lang='lat' dir='ltr'><strong>Giannone</strong></span> <span class='ocrx_word' id='word_1_293' title='bbox 1247 2608 1285 2632; x_wconf 83' lang='lat' dir='ltr'><strong>ex</strong></span> <span class='ocrx_word' id='word_1_294' title='bbox 1302 2597 1617 2632; x_wconf 70' lang='lat' dir='ltr'><strong>constitutionibus</strong></span> <span class='ocrx_word' id='word_1_295' title='bbox 1636 2596 1834 2639; x_wconf 66' lang='lat' dir='ltr'><strong>apostolicis</strong></span> 
     </span>
     <span class='ocr_line' id='line_1_33' title="bbox 356 2647 1831 2693; baseline 0.002 -13"><span class='ocrx_word' id='word_1_296' title='bbox 356 2647 500 2680; x_wconf 82' lang='lat' dir='ltr'><strong>ostendit</strong></span> <span class='ocrx_word' id='word_1_297' title='bbox 521 2647 669 2680; x_wconf 84' lang='lat' dir='ltr'><strong>ordinem</strong></span> <span class='ocrx_word' id='word_1_298' title='bbox 689 2656 786 2689; x_wconf 88' lang='lat' dir='ltr'><strong>quem</strong></span> <span class='ocrx_word' id='word_1_299' title='bbox 811 2648 919 2680; x_wconf 82' lang='lat' dir='ltr'><strong>tenuit</strong></span> <span class='ocrx_word' id='word_1_300' title='bbox 935 2650 1141 2691; x_wconf 84' lang='lat' dir='ltr'><strong>servavitque</strong></span> <span class='ocrx_word' id='word_1_301' title='bbox 1162 2652 1299 2684; x_wconf 79' lang='lat' dir='ltr'><strong>ecclesia</strong></span> <span class='ocrx_word' id='word_1_302' title='bbox 1316 2651 1350 2684; x_wconf 87' lang='lat' dir='ltr'><strong>in</strong></span> <span class='ocrx_word' id='word_1_303' title='bbox 1365 2650 1540 2693; x_wconf 80' lang='lat' dir='ltr'><strong>puniendis</strong></span> <span class='ocrx_word' id='word_1_304' title='bbox 1556 2649 1831 2691; x_wconf 76' lang='lat' dir='ltr'><strong>delinquentibus.</strong></span> 
     </span>
     <span class='ocr_line' id='line_1_34' title="bbox 360 2700 1831 2746; baseline 0.002 -13"><span class='ocrx_word' id='word_1_305' title='bbox 360 2700 410 2733; x_wconf 84' lang='lat' dir='ltr'><strong>Gs.</strong></span> <span class='ocrx_word' id='word_1_306' title='bbox 434 2701 531 2733; x_wconf 87' lang='lat' dir='ltr'><strong>etiam</strong></span> <span class='ocrx_word' id='word_1_307' title='bbox 552 2701 714 2734; x_wconf 80' lang='lat' dir='ltr'><strong>Mamachi</strong></span> <span class='ocrx_word' id='word_1_308' title='bbox 737 2710 792 2742; x_wconf 88' lang='lat' dir='ltr'><strong>op.</strong></span> <span class='ocrx_word' id='word_1_309' title='bbox 816 2701 872 2734; x_wconf 87' lang='lat' dir='ltr'><strong>cit.</strong></span> <span class='ocrx_word' id='word_1_310' title='bbox 890 2701 956 2734; x_wconf 88' lang='lat' dir='ltr'><strong>Del</strong></span> <span class='ocrx_word' id='word_1_311' title='bbox 981 2702 1106 2735; x_wconf 70' lang='lat' dir='ltr'><strong>dtr-mo</strong></span> <span class='ocrx_word' id='word_1_312' title='bbox 1134 2704 1243 2737; x_wconf 79' lang='lat' dir='ltr'><strong>libero</strong></span> <span class='ocrx_word' id='word_1_313' title='bbox 1267 2704 1366 2738; x_wconf 82' lang='lat' dir='ltr'><strong>della</strong></span> <span class='ocrx_word' id='word_1_314' title='bbox 1387 2704 1520 2745; x_wconf 72' lang='lat' dir='ltr'><strong>chiesa,</strong></span> <span class='ocrx_word' id='word_1_315' title='bbox 1537 2704 1618 2737; x_wconf 84' lang='lat' dir='ltr'><strong>tom.</strong></span> <span class='ocrx_word' id='word_1_316' title='bbox 1632 2705 1675 2736; x_wconf 79' lang='lat'><strong>11.</strong></span> <span class='ocrx_word' id='word_1_317' title='bbox 1689 2704 1774 2746; x_wconf 83' lang='lat' dir='ltr'><strong>part.</strong></span> <span class='ocrx_word' id='word_1_318' title='bbox 1789 2705 1831 2737; x_wconf 86' lang='lat'><strong>11.</strong></span> 
     </span>
     <span class='ocr_line' id='line_1_35' title="bbox 365 2754 1834 2798; baseline 0.003 -12"><span class='ocrx_word' id='word_1_319' title='bbox 365 2762 437 2794; x_wconf 84' lang='lat' dir='ltr'><strong>pag.</strong></span> <span class='ocrx_word' id='word_1_320' title='bbox 459 2757 514 2787; x_wconf 83' lang='lat'><strong>127</strong></span> <span class='ocrx_word' id='word_1_321' title='bbox 531 2763 622 2796; x_wconf 82' lang='lat' dir='ltr'><strong>seqq.</strong></span> <span class='ocrx_word' id='word_1_322' title='bbox 637 2754 700 2787; x_wconf 88' lang='lat' dir='ltr'><strong>Sed</strong></span> <span class='ocrx_word' id='word_1_323' title='bbox 713 2754 803 2795; x_wconf 87' lang='lat' dir='ltr'><strong>quod</strong></span> <span class='ocrx_word' id='word_1_324' title='bbox 820 2754 923 2796; x_wconf 85' lang='lat' dir='ltr'><strong>magis</strong></span> <span class='ocrx_word' id='word_1_325' title='bbox 937 2754 978 2787; x_wconf 86' lang='lat' dir='ltr'><strong>ad</strong></span> <span class='ocrx_word' id='word_1_326' title='bbox 994 2764 1063 2788; x_wconf 91' lang='lat' dir='ltr'><strong>rem</strong></span> <span class='ocrx_word' id='word_1_327' title='bbox 1078 2757 1157 2789; x_wconf 80' lang='lat' dir='ltr'><strong>facit</strong></span> <span class='ocrx_word' id='word_1_328' title='bbox 1174 2757 1330 2790; x_wconf 82' lang='lat' dir='ltr'><strong>adversus</strong></span> <span class='ocrx_word' id='word_1_329' title='bbox 1346 2758 1470 2798; x_wconf 65' lang='lat' dir='ltr'><strong>Num,</strong></span> <span class='ocrx_word' id='word_1_330' title='bbox 1488 2757 1530 2789; x_wconf 82' lang='lat' dir='ltr'><strong>cl&#39;.</strong></span> <span class='ocrx_word' id='word_1_331' title='bbox 1548 2757 1704 2798; x_wconf 83' lang='lat' dir='ltr'><strong>Bingham</strong></span> <span class='ocrx_word' id='word_1_332' title='bbox 1723 2757 1834 2791; x_wconf 81' lang='lat' dir='ltr'><strong>aucto·</strong></span> 
     </span>
     <span class='ocr_line' id='line_1_36' title="bbox 361 2809 1832 2852; baseline 0.003 -14"><span class='ocrx_word' id='word_1_333' title='bbox 361 2815 429 2839; x_wconf 88' lang='lat' dir='ltr'><strong>rem</strong></span> <span class='ocrx_word' id='word_1_334' title='bbox 447 2809 676 2848; x_wconf 84' lang='lat' dir='ltr'><strong>protestantem</strong></span> <span class='ocrx_word' id='word_1_335' title='bbox 689 2809 819 2850; x_wconf 73' lang='lat' dir='ltr'><strong>Oriyin.</strong></span> <span class='ocrx_word' id='word_1_336' title='bbox 835 2816 897 2842; x_wconf 82' lang='lat' dir='ltr'><strong>seu</strong></span> <span class='ocrx_word' id='word_1_337' title='bbox 915 2810 1081 2851; x_wconf 78' lang='lat' dir='ltr'><strong>antiquit.</strong></span> <span class='ocrx_word' id='word_1_338' title='bbox 1098 2810 1286 2843; x_wconf 73' lang='lat' dir='ltr'><strong>ecclesiast.</strong></span> <span class='ocrx_word' id='word_1_339' title='bbox 1304 2810 1369 2843; x_wconf 86' lang='lat' dir='ltr'><strong>vol.</strong></span> <span class='ocrx_word' id='word_1_340' title='bbox 1386 2810 1497 2843; x_wconf 82' lang='lat' dir='ltr'><strong>11.lib.</strong></span> <span class='ocrx_word' id='word_1_341' title='bbox 1508 2812 1548 2843; x_wconf 84' lang='lat' dir='ltr'><strong>V.</strong></span> <span class='ocrx_word' id='word_1_342' title='bbox 1563 2809 1594 2852; x_wconf 87' lang='lat'><strong>§.</strong></span> <span class='ocrx_word' id='word_1_343' title='bbox 1608 2812 1638 2843; x_wconf 83' lang='lat'><strong>4.</strong></span> <span class='ocrx_word' id='word_1_344' title='bbox 1654 2811 1688 2844; x_wconf 89' lang='lat' dir='ltr'><strong>et</strong></span> <span class='ocrx_word' id='word_1_345' title='bbox 1701 2819 1832 2844; x_wconf 78' lang='lat' dir='ltr'><strong>rursum</strong></span> 
     </span>
     <span class='ocr_line' id='line_1_37' title="bbox 359 2861 851 2903; baseline 0.002 -11"><span class='ocrx_word' id='word_1_346' title='bbox 359 2862 439 2892; x_wconf 84' lang='lat' dir='ltr'><strong>tom.</strong></span> <span class='ocrx_word' id='word_1_347' title='bbox 458 2863 511 2893; x_wconf 83' lang='lat' dir='ltr'><strong>lx.</strong></span> <span class='ocrx_word' id='word_1_348' title='bbox 530 2861 586 2893; x_wconf 89' lang='lat' dir='ltr'><strong>lib.</strong></span> <span class='ocrx_word' id='word_1_349' title='bbox 603 2863 705 2894; x_wconf 67' lang='lat' dir='ltr'><strong>XXII.</strong></span> <span class='ocrx_word' id='word_1_350' title='bbox 721 2870 792 2903; x_wconf 86' lang='lat' dir='ltr'><strong>cap.</strong></span> <span class='ocrx_word' id='word_1_351' title='bbox 812 2863 851 2894; x_wconf 87' lang='lat' dir='ltr'><strong>V.</strong></span> 
     </span>
    </p>
   </div>
  </div>
 </body>
</html>
