1980 3260
292 258 382 292 cn.
402 260 459 292 iv.
479 258 531 291 nn
552 257 667 291 ecci.
691 256 831 290 rores.
851 256 1000 289 SANAN.
1023 255 1148 289 uun.
1166 256 1208 289 IN
1227 256 1322 288 mn.
1347 256 1424 288 ΑΜ
1443 255 1472 288 ι.
1562 240 1654 287 157

174 337 428 395 debuisset,
461 338 551 384 iam
575 336 801 400 legitimus
836 334 1072 391 reddatur,
1111 344 1160 382 ut
1194 334 1438 399 producere
1471 333 1660 399 incipiat

175 414 361 462 effectus
395 431 502 462 suos
531 451 542 471 ‚
587 412 816 476 analogice
857 413 1028 459 sanatio
1068 411 1165 458 iure
1209 421 1507 476 nuncupatur.
1542 411 1659 459 Sane

175 491 296 539 card.
338 491 534 556 Caprara
567 491 613 537 in
648 489 858 537 facultate
891 489 995 536 data
1036 487 1277 536 Galliarum
1313 488 1541 554 episcopis
1562 526 1572 546 ,
1601 487 1658 535 de

176 585 267 633 qua
292 578 448 633 postea
471 567 729 631 loquemur,
757 565 830 612 his
854 565 992 612 utitur
1013 564 1189 613 verbis:
1212 562 1510 612 «Facultatem
1537 580 1659 612 com-

176 641 833 705 municamus....dispensandi
863 642 911 687 in
944 641 1091 688 radice
1125 640 1422 696 matrimonii,
1457 657 1539 687 seu
1571 657 1662 687 ma-

178 719 434 768 trimonium
464 717 511 763 in
546 717 697 763 radice
724 717 940 772 sanandi,
978 717 1166 781 perinde
1192 735 1244 765 ac
1278 718 1317 764 si
1350 717 1660 765 contrahentes

177 794 255 858 qui
284 793 341 840 ad
369 792 699 839 matrimonium
735 791 979 839 ineundum
1015 793 1238 840 inhabiles
1264 793 1463 851 fuerant,
1492 802 1535 840 et
1558 810 1661 841 con-

176 884 359 916 sensum
394 866 625 929 illegitime
658 867 999 930 praestiterant,
1029 866 1086 914 ab
1110 867 1238 914 initio
1268 867 1442 915 habiles
1472 869 1663 917 fuissent

179 954 223 992 et
255 961 525 992 consensum
560 943 756 1007 legitime
784 943 1114 1008 praestitissent
1147 945 1266 1006 (2).»

276 1020 543 1086 Intelligitur
578 1023 622 1068 2.
645 1038 785 1086 quare
819 1020 993 1068 dicatur
1017 1022 1193 1070 sanatio
1216 1022 1488 1070 matrimonii
1520 1023 1566 1069 in
1594 1040 1665 1070 ra-

178 1100 271 1148 dice
306 1110 382 1148 aut
408 1107 443 1146 ‘a
475 1098 644 1154 radice,
673 1097 782 1163 quia
803 1097 1013 1146 videlicet
1036 1116 1287 1147 consensus
1311 1117 1338 1147 a
1362 1117 1452 1164 quo
1483 1110 1660 1147 contra-

181 1187 279 1225 ctus
313 1175 656 1223 matrimonialis
690 1175 881 1240 pendet,
921 1174 1047 1222 radix
1082 1186 1172 1234 est,
1211 1187 1262 1223 ut
1293 1176 1513 1234 diximus,
1542 1176 1664 1224 unde

181 1254 439 1318 coniugium
484 1252 683 1300 validum
737 1251 796 1300 sit
840 1262 916 1299 aut
959 1252 1205 1301 invalidum
1234 1292 1243 1311 ,
1296 1253 1544 1317 legitimum
1590 1263 1667 1301 aut

180 1330 478 1395 illegitimum.
511 1330 621 1377 Cum
645 1330 795 1395 itaque
819 1347 1065 1378 consensus
1090 1330 1164 1378 hic
1189 1331 1376 1379 affectus
1399 1330 1509 1378 vitio
1533 1329 1665 1379 fuerit

182 1406 239 1454 ab
274 1405 401 1454 initio
424 1444 434 1463 ,
474 1406 611 1471 idque
645 1406 707 1454 ita
739 1405 902 1454 deinde
946 1406 1157 1464 tollatur,
1196 1417 1246 1454 ut
1279 1424 1526 1455 consensus
1567 1407 1667 1472 ipse

181 1482 407 1547 legitimus
443 1492 679 1531 censeatur
700 1494 744 1531 et
768 1483 845 1531 fiat
869 1500 950 1548 pro
974 1483 1051 1531 illo
1078 1483 1222 1549 primo
1256 1484 1453 1531 instante
1476 1500 1565 1549 quo
1587 1483 1667 1531 da-

181 1571 253 1608 tus
282 1570 372 1619 est,
411 1561 612 1626 adeoque
646 1561 741 1608 iure
771 1561 955 1608 effectus
980 1578 1135 1609 omnes
1166 1561 1313 1608 eliciat
1337 1561 1522 1626 perinde
1545 1578 1598 1609 ac
1622 1561 1663 1609 si

181 1655 208 1685 a
237 1637 332 1686 suis
369 1637 626 1702 primordiis
660 1637 887 1702 legitimus
922 1638 1104 1695 fuisset,
1144 1637 1301 1685 merito
1330 1638 1663 1686 matrimonium

182 1714 333 1779 ipsum
364 1714 514 1762 sanari
538 1715 701 1761 dicitur
723 1716 770 1762 in
793 1715 957 1762 radice.
988 1714 1200 1771 Quinimo
1224 1732 1364 1780 quum
1389 1715 1436 1761 in
1465 1714 1664 1778 legitimo

182 1807 406 1838 consensu
439 1800 692 1838 contractus
716 1790 966 1854 coniugalis
990 1800 1252 1848 enascatur,
1277 1801 1321 1838 et
1338 1801 1522 1838 sanetur
1544 1790 1665 1839 idem

181 1867 281 1932 ipse
313 1885 562 1916 consensus
591 1885 673 1915 seu
700 1877 913 1933 purgetur
945 1885 972 1915 a
999 1867 1134 1924 vitio,
1163 1866 1284 1933 quod
1310 1867 1459 1933 ipsum
1490 1867 1665 1915 irritum

184 1943 466 2002 reddiderat,
499 1943 600 1992 ideo
635 1944 746 1992 forte
781 1944 1003 1992 eiusmodi
1028 1944 1225 2001 sanatio,
1254 1944 1398 2008 magis
1421 1943 1601 2009 proprie
1624 1954 1668 1991 et

184 2030 390 2069 accurate
422 2020 734 2085 designaretur
757 2038 836 2086 per
859 2020 1095 2069 formulam
1123 2021 1367 2068 sanationis
1389 2019 1555 2067 radicis
1578 2037 1668 2068 ma-

183 2097 401 2154 trimonii,
429 2115 565 2162 quam
590 2116 671 2162 per
692 2098 903 2146 usitatam
927 2098 1112 2147 alteram
1135 2099 1375 2146 sanationis
1400 2098 1671 2144 matrimonii

186 2175 232 2221 in
242 2185 355 2223 auta
370 2174 534 2221 radice.
553 2174 929 2240 Quandoquidem
947 2186 1016 2223 est
1035 2175 1138 2241 ipsa
1153 2174 1425 2223 matrimonii
1438 2174 1574 2222 radia·
1588 2192 1668 2223 seu

186 2265 455 2305 consensus,
485 2249 563 2313 qui
595 2260 803 2307 sanatur,
832 2251 1033 2317 adeoque
1059 2251 1182 2317 prior
1204 2250 1395 2299 formula
1417 2250 1563 2314 magis
1589 2267 1668 2298 no-

187 2323 258 2372 bis
286 2325 344 2374 ob
370 2323 524 2372 oculos
561 2341 726 2390 ponere
757 2325 931 2374 videtur
964 2327 1187 2376 notionem
1209 2336 1253 2375 et
1276 2326 1578 2375 conditionem
1603 2327 1667 2374 rei

187 2399 245 2448 de
278 2418 369 2466 qua
402 2400 685 2449 disserimus.
725 2401 928 2450 Ceterum
963 2421 990 2451 a
1024 2413 1203 2469 recepta
1241 2402 1456 2470 loquendi
1498 2403 1668 2452 ratione

187 2492 276 2524 non
298 2476 400 2525 ideo
423 2475 724 2535 discedimus,
765 2495 821 2526 ne
853 2479 1036 2528 novitati
1072 2480 1253 2528 studere
1285 2480 1534 2529 videamur.

285 2551 550 2616 Intelligitur
585 2554 628 2600 3.
658 2571 798 2619 quare
824 2554 1067 2604 dixerimus
1097 2556 1248 2605 omnia
1281 2567 1325 2604 et
1359 2556 1455 2605 sola
1490 2554 1669 2619 impedi-

185 2637 329 2675 menta
350 2629 558 2677 canonica
588 2646 724 2694 posse
748 2630 804 2678 ab
827 2631 1017 2680 ecclesia
1040 2631 1135 2681 tolli
1159 2632 1218 2680 ad
1242 2632 1523 2680 sanationem
1553 2631 1671 2679 eius·

186 2703 307 2752 modi
342 2704 641 2753 efficiendam.
675 2707 851 2755 Etenim
875 2708 915 2755 si
938 2707 1279 2774 impedimenta,
1310 2725 1427 2772 quae
1459 2707 1668 2756 vitiosum

285 2818 332 2859 (2)
353 2821 539 2854 Decretum
556 2830 626 2864 quo
643 2822 853 2864 apostolicae
859 2821 1059 2863 facultates
1074 2822 1349 2857 demandantur.
1364 2823 1402 2854 ln
1415 2821 1555 2864 append.
1572 2821 1672 2853 tertia

184 2877 297 2909 opusc.
315 2872 368 2904 cui
387 2873 440 2906 tit.
461 2875 604 2908 Dies-ert.
621 2883 686 2909 sur
701 2875 736 2908 la
752 2876 1018 2911 rehabilttation
1035 2876 1096 2910 des
1108 2877 1283 2916 mariaqes
1298 2875 1393 2908 nuls.
