1980 3260
372 242 430 289 20
672 253 751 285 Lm.
779 252 827 283 11.
856 250 969 283 srcr.
994 252 1024 281 1.
1053 251 1104 281 DE
1139 249 1306 281 rorns‘r.
1337 250 1502 284 rectus.

362 334 576 396 denegata
609 340 691 378 est.
718 330 803 375 «Si
833 329 935 394 quis
965 329 1211 393 privignam
1247 344 1374 373 suam
1408 327 1580 377 duxerit
1613 342 1828 388 uxorem,-

361 426 413 465 eo
453 407 570 473 quod
610 406 668 453 sit
703 406 929 461 incestus,
968 404 1136 469 placuit
1178 420 1258 451 nec
1292 403 1336 449 in
1372 402 1460 448 fine
1497 402 1826 459 dandam-,esse

360 483 708 533 communionem
731 483 879 544 (16).»
902 482 1091 527 Rursum
1121 496 1221 526 can.
1254 479 1341 525 XV.
1375 477 1636 542 prohibetur
1663 482 1830 533 coniu-

359 559 478 622 gium
511 558 850 609 christianarum
879 556 1099 618 virginum
1124 571 1227 601 cum
1248 554 1467 601 ethnicis:
1501 573 1523 599 «
1545 555 1727 619 Propter
1748 572 1833 605 004,-

361 634 479 698 piam
510 633 777 697 puellarum,
810 630 1048 694 gentilibus
1082 630 1262 676 minime
1286 629 1331 675 in
1357 629 1685 677 matrimonium
1704 630 1829 681 sdan*

359 709 442 756 dae
465 718 566 755 sunt
588 708 780 769 virgines
805 705 1089 762 christianae,
1119 723 1174 763 ne
1198 715 1319 755 aetas
1345 706 1392 751 in
1417 706 1527 753 flore
1555 715 1749 764 tumens,
1771 707 1829 758 „in'

359 782 573 830 adulterio
607 782 782 828 animae
817 780 1062 828 resolvatur
1089 782 1129 842 (1
1139 781 1237 841 17).»
1254 780 1440 827 Demum
1462 797 1561 827 can.
1585 781 1717 828 XVII.
1739 781 1825 832 sub

358 868 595 921 perpetuae
640 855 1109 903 excommunicationis
1159 854 1515 902 interminatione
1566 856 1829 921 prohibetur

359 933 596 997 quominus
639 943 841 997 parentes
878 931 1000 987 ⁴filias
1043 948 1148 978 suas
1189 931 1347 995 nuptui
1388 931 1566 978 tradant
1603 932 1823 981 idolorum

359 1008 688 1056 sacerdotibus:
722 1009 807 1054 «Si
830 1008 933 1073 quis
966 1007 1076 1055 forte
1109 1006 1413 1054 sacerdotibus
1445 1007 1662 1055 idolorum
1705 1008 1825 1060 filias

361 1101 466 1141 suas
490 1085 702 1141 iunxerit,
737 1084 929 1148 placuit,
965 1100 1046 1130 nec
1074 1083 1120 1129 in
1151 1082 1239 1130 fine
1267 1082 1332 1129 eis
1363 1082 1557 1129 dandam
1584 1101 1688 1132 esse
1710 1101 1824 1133 com·

361 1159 613 1207 munionem
647 1161 795 1222 (18).»
1655 1206 1670 1213 .,
1716 1171 1718 1173 ’
1797 1211 1800 1213 .

370 1288 372 1290 v
453 1236 535 1283 Hic
574 1253 662 1283 non
696 1236 1031 1293 contendimus,
1075 1237 1121 1282 in
1161 1236 1233 1282 his
1269 1235 1462 1301 aliisque
1506 1235 1824 1292 documentis,

357 1329 471 1376 quae
504 1312 652 1359 afferri
689 1312 817 1360 facile
850 1322 1030 1376 possent
1060 1330 1113 1359 ex
1147 1312 1372 1377 primaeva
1396 1311 1474 1359 illa
1497 1303 1640 1359 aetate
1667 1312 1740 1375 agi
1769 1312 1826 1360 de

358 1385 687 1450 impedimentis
727 1387 1054 1435 matrimonium
1097 1387 1446 1444 dirimentibus,
1498 1387 1614 1434 hanc
1655 1387 1832 1452 quippe

358 1462 702 1509 controversiam
736 1480 853 1510 nunc
887 1463 1173 1527 seponimus,
1212 1481 1313 1511 cum
1347 1463 1461 1511 alias
1495 1463 1552 1510 de
1584 1481 1638 1510 ea
1671 1463 1824 1527 singil-

356 1537 478 1584 latim
503 1555 646 1585 sermo
678 1539 773 1586 fieri
799 1539 977 1596 debeat;
1012 1540 1090 1586 sed
1116 1539 1225 1586 illud
1248 1558 1387 1587 unum
1411 1540 1671 1597 asserimus,
1699 1540 1821 1605 quod

357 1630 485 1660 nemo
514 1614 700 1661 inficiari
726 1615 909 1679 poterit,
942 1615 1051 1679 quin
1078 1615 1226 1663 omnia
1249 1626 1430 1680 respuat
1458 1626 1534 1663 aut
1565 1615 1610 1662 in
1633 1615 1822 1665 dubium

359 1699 557 1745 revocet,
595 1707 710 1754 quae
743 1690 876 1738 allata
905 1701 1009 1738 sunt
1036 1691 1322 1749 documenta,
1351 1692 1507 1756 primis
1532 1692 1596 1738 rei
1622 1691 1824 1740 christia-

357 1780 441 1810 nae
465 1764 655 1821 seculis‚
686 1783 764 1813 seu
788 1766 871 1813 sub
889 1767 1078 1814 ethnicis
1097 1767 1458 1832 imperatoribus,
1486 1767 1721 1815 ecclesiam
1744 1784 1825 1815 no-

356 1839 476 1886 mine
504 1850 548 1887 et
575 1841 832 1890 auctoritate
866 1843 1070 1908 propria,
1112 1843 1311 1908 adeoque
1343 1843 1501 1908 plena,
1521 1855 1746 1909 ‘suprema
1771 1861 1824 1892 ac

359 1913 679 1979 independente
713 1917 841 1982 plura
872 1918 990 1966 circa
1017 1918 1345 1966 matrimonium
1379 1919 1578 1966 fidelium
1608 1919 1823 1967 constitu—

358 1990 473 2047 isse,
503 1991 700 2056 illudque
731 2003 780 2040 ut
808 2012 899 2042 rem
930 2011 1079 2052 suam,
1114 2012 1193 2042 seu
1229 1994 1315 2042 sibi
1349 2012 1376 2042 a
1409 1994 1586 2042 Christo
1615 1995 1825 2049 traditam

356 2065 413 2113 ab
441 2066 567 2115 initio
596 2079 834 2132 spectasse.
858 2071 1109 2119 Asserimus
1138 2081 1388 2135 praeterea,
1418 2089 1471 2118 ex
1500 2071 1660 2126 iisdem
1685 2071 1822 2126 docu-

358 2142 519 2190 mentis
547 2154 779 2200 constare,
820 2147 1050 2194 ecclesiam
1092 2147 1184 2195 suis
1226 2147 1271 2194 in
1311 2147 1619 2211 sanctionibus
1654 2145 1821 2203 nullam

358 2217 565 2268 iniecisse
588 2220 643 2268 de
660 2221 870 2274 ,civilibus
894 2223 1066 2286 legibus
1082 2262 1092 2280 ,
1120 2233 1162 2271 et
1185 2224 1241 2272 de
1263 2223 1442 2289 politica
1458 2233 1676 2288 potestate
1697 2236 1821 2270 men-

356 2293 544 2352 tionem;
574 2296 652 2344 sed
677 2307 927 2345 constanter
959 2317 1223 2363 provocasse
1245 2310 1322 2347 aut
1350 2299 1408 2347 ad
1435 2316 1584 2347 sacras
1618 2298 1787 2349 litteras
1804 2336 1814 2355 ,

356 2380 432 2417 aut
470 2371 526 2418 ad
573 2373 859 2438 apostolicam
898 2375 1208 2434 traditionem,
1249 2387 1324 2424 aut
1359 2376 1414 2424 ad
1453 2374 1820 2423 consuetudinem

357 2447 574 2495 maiorum
592 2486 602 2505 ,
634 2459 710 2496 aut
734 2449 926 2515 denique
953 2451 1009 2498 ad
1040 2463 1288 2500 sanctorum
1315 2440 1509 2501 virorum
1532 2461 1722 2508 statuta,
1760 2450 1821 2507 ad

355 2520 629 2576 honestatem
663 2526 1028 2592 sanctitatemque
1050 2527 1281 2576 christiani
1305 2527 1523 2591 coniugii,
1550 2544 1603 2575 ac
1620 2544 1669 2575 se
1686 2526 1820 2592 plane

357 2606 637 2647 autonomam
664 2600 710 2648 in
743 2601 987 2650 christiano
1018 2604 1231 2668 coniugio,
1258 2603 1448 2666 regendo
1481 2602 1772 2668 patefecisse,⁴
1816 2639 1820 2654 ,-

454 2738 519 2777 (16)
541 2738 623 2771 lbid.
645 2740 707 2773 col.
725 2744 794 2773 257.

451 2790 516 2831 (17)
543 2790 625 2824 lbid.
642 2792 703 2824 col.
724 2798 793 2826 252.

454 2842 520 2883 (ts)
543 2843 624 2876 ἰδία.
