1980 3260
215 245 307 277 cm».
327 245 372 278 n.
398 245 448 278 ni:
466 246 606 279 roras.
623 246 759 280 rnmc.
779 247 862 280 rm.
878 247 961 280 cm.
977 247 1103 280 uun.
1122 246 1283 280 cunisr.
1301 247 1394 280 Αιιτ.
1411 248 1442 281 ι.
1515 233 1605 280 363

138 322 325 371 stultum
368 323 478 372 soret
512 325 557 372 id
605 342 819 373 asserere.
866 325 1005 388 Igitur
1048 324 1251 373 illicitum
1294 325 1436 374 fuerat
1472 341 1610 391 penes

136 399 410 448 christianos
443 400 620 449 duobus
650 401 885 458 fratribus,
914 410 990 448 aut
1013 401 1240 452 sororibus
1270 402 1436 450 nubere
1457 401 1514 450 ob
1536 419 1612 449 an-

140 477 307 541 tiquum
327 494 510 532 mrem,
543 487 593 525 ut
620 477 817 543 loquitur
834 495 872 525 s.
890 477 1084 526 Basilius
1100 516 1110 535 ‚
1139 495 1189 525 ac
1212 480 1302 525 vim
1327 478 1431 543 leqis
1453 478 1612 526 haben·-

140 561 218 600 tem
232 590 244 608 ,
267 570 313 600 eo
336 553 449 617 qaod
466 553 588 601 nobis
610 571 638 601 α
659 555 768 601 viris
788 556 951 601 sanctis
976 554 1159 602 traditae
1176 565 1276 601 sunt
1293 555 1467 619 requlae
1488 555 1605 617 (13).

137 628 254 692 Ergo
283 645 369 676 non
399 645 426 676 a
453 628 550 693 lege
579 629 728 686 civili,
766 629 847 678 sed
876 648 903 678 a
931 630 1029 695 lege
1056 630 1187 679 unice
1216 630 1519 679 ecclesiastica
1540 647 1612 678 ve·

138 704 242 752 titae
269 703 445 752 fuerant
467 705 688 753 eiusmodi
718 707 925 771 nuptiae;
959 707 1079 772 quod
1111 707 1241 773 plane
1268 708 1423 755 evertit.
1456 707 1613 755 adver-

136 779 244 827 sarii
274 789 487 844 systema.
521 779 608 827 Sed
638 798 725 828 non
752 799 866 846 opus
895 793 964 830 est
992 783 1278 839 coniecturis,
1318 800 1419 830 cum
1453 782 1614 831 existat

137 872 238 903 can.
277 857 334 902 Π.
373 855 574 904 eiusdem
604 857 813 904 concilii:
846 877 868 903 a
889 858 1070 915 Mulier,
1116 859 1155 906 si
1191 858 1366 906 duobus
1401 857 1612 906 fratribus

137 933 377 998 nupserit,
427 933 666 981 abiiciatur
708 951 853 999 usque
887 934 945 981 ad
979 946 1179 983 mortem.
1218 935 1526 982 Verumtamen
1566 934 1612 981 in

138 1007 260 1057 exitu
303 1019 485 1074 propter
523 1009 901 1067 misericordiam,
943 1010 981 1057 si
1017 1011 1294 1075 promiserit,
1333 1009 1454 1076 quod
1499 1009 1613 1058 facta

141 1084 377 1134 incolumis
411 1085 547 1134 huius
580 1085 905 1134 coniunctionis
938 1087 1114 1133 vincula
1149 1086 1383 1141 dissolvat,
1422 1086 1613 1134 fructum

141 1162 437 1227 poenitentiae
470 1174 768 1229 consequatur
803 1164 920 1226 (14).
947 1182 969 1208 >2
1001 1163 1046 1209 Si
1078 1163 1254 1210 vincula
1298 1162 1571 1210 dissolvenda
1596 1199 1608 1218 ,

141 1238 289 1302 agitur
318 1256 423 1303 ergo
456 1239 513 1287 de
547 1239 862 1306 impedimento
887 1239 1148 1297 dirimente,
1178 1257 1267 1287 non
1291 1250 1438 1287 autem
1461 1239 1616 1304 prohi-

139 1314 271 1363 bente
300 1325 486 1363 tantum.
518 1317 634 1380 Ergo
662 1333 716 1363 ex
745 1316 829 1364 hoc
857 1316 1024 1381 pariter
1058 1315 1245 1364 concilio
1279 1315 1506 1363 evanescit
1539 1332 1615 1380 pa-

140 1391 354 1439 radoxum
390 1391 663 1456 Spalatensis
698 1402 952 1458 apostatae,
991 1392 1111 1457 quod
1144 1391 1266 1439 nulla
1297 1401 1413 1439 extet
1446 1392 1614 1440 sanctio

138 1468 353 1516 canonica
370 1468 427 1516 ad
445 1468 741 1516 discernenda
757 1469 963 1533 coniugia
980 1487 1125 1534 usque
1143 1469 1200 1516 ad
1220 1486 1257 1516 s.
1277 1468 1533 1532 Gregorium
1550 1468 1608 1515 M.

137 1544 297 1592 Notum
326 1545 445 1593 enim
463 1556 554 1603 est,
577 1546 813 1593 concilium
844 1545 1225 1594 neociaesariense
1252 1544 1521 1593 celebratum
1544 1545 1614 1592 fu-

138 1621 229 1669 isse
246 1639 320 1669 an.
341 1623 450 1669 314.

238 1698 386 1762 Pergit
412 1708 559 1746 tamen
588 1699 864 1764 Spalatensis
882 1737 892 1756 ,
922 1698 1188 1764 subditque:
1222 1698 1330 1745 «Sic
1352 1698 1458 1746 facit
1480 1696 1613 1744 etiam

136 1774 373 1822 concilium
399 1774 709 1823 eliberitanum
738 1777 864 1838 (can.
882 1778 985 1836 61.)
1014 1775 1229 1824 adversus
1254 1792 1383 1832 eum,
1411 1774 1487 1839 qui
1512 1783 1616 1839 post

137 1862 322 1915 mortem
366 1851 517 1900 uxoris
562 1869 757 1900 sororem
794 1851 994 1899 eiusdem
1029 1844 1184 1900 uxoris*
1213 1851 1299 1899 sibi
1334 1850 1615 1898 matrimonio

137 1927 342 1992 copulat;
372 1928 687 1993 poenitentiam
721 1928 878 1976 indicit
906 1939 1131 1994 tamquam
1156 1929 1202 1974 in
1227 1946 1317 1976 rem
1345 1926 1613 1993 prohibitam

136 2013 181 2050 et
207 2003 412 2052 illicitam
433 2006 583 2067 (15).»
605 2004 713 2062 Ast,
743 2004 974 2062 sciscitor,
1004 2005 1275 2070 quibusnam
1306 2004 1471 2069 leqibus
1496 2020 1616 2050 secu-

142 2078 308 2127 laribus
341 2079 615 2144 prohibitum
644 2098 697 2128 ac
724 2080 928 2129 illicitum
958 2081 1042 2129 fuit
1074 2080 1291 2128 eiusmodi
1326 2079 1581 2143 coniugium
1599 2116 1610 2134 ,

137 2172 239 2203 cum
262 2156 408 2203 nullae
432 2156 613 2205 omnino
638 2157 891 2206 saeculares
918 2157 1038 2222 leges
1064 2157 1110 2204 id
1135 2168 1237 2204 ante
1262 2155 1505 2211 vetuerint,
1534 2170 1615 2202 nec

137 2242 371 2279 vetuerunt
400 2232 487 2279 nisi
528 2242 628 2296 post
657 2232 746 2280 duo
776 2232 877 2297 plus
908 2233 1057 2281 minus
1092 2232 1241 2280 secula
1269 2250 1295 2279 a
1322 2231 1615 2279 celebratione

139 2307 274 2355 huius
293 2308 470 2356 concilii
489 2308 759 2366 eliberitani,
783 2327 899 2374 quae
924 2310 1105 2373 contigit
1129 2327 1202 2357 an.
1229 2307 1346 2356 305?
1364 2309 1430 2355 En
1450 2324 1611 2356 novum

139 2394 473 2448 argumentum,
503 2402 591 2450 quo
618 2385 860 2433 destruitur
890 2385 1164 2452 Spalatensis
1199 2396 1396 2452 systema
1428 2384 1615 2448 eiusque

139 2470 421 2508 sectatorum.
444 2460 621 2509 Certum
659 2461 882 2527 siquidem
905 2474 973 2510 est
1002 2462 1059 2510 ad
1088 2462 1219 2511 istam
1248 2478 1393 2527 usque
1426 2469 1613 2507 aetatem

138 2547 182 2585 et
204 2536 261 2583 ad
285 2537 465 2602 longum
500 2549 674 2604 tempus
706 2549 858 2604 postea
881 2557 961 2605 per
984 2539 1106 2604 leges
1133 2539 1359 2588 seculares
1390 2537 1475 2585 ista
1510 2552 1615 2583 con-

139 2614 260 2679 iugia
295 2614 409 2662 inter
435 2614 596 2663 affines
626 2615 846 2681 permissa
869 2633 922 2664 ac
944 2615 1066 2665 licita
1095 2616 1253 2664 fuisse.
1277 2613 1443 2663 Ceteris
1466 2628 1614 2661 exem-

235 2759 301 2800 (13)
319 2761 414 2793 CLX.
432 2760 472 2793 ad
490 2760 671 2794 Diodorum
687 2759 739 2793 ed.
754 2761 857 2793 Maur.
873 2761 952 2793 tom.
966 2762 1024 2794 111.

235 2813 303 2853 (14)
325 2815 373 2845 Ex
399 2822 482 2847 vers.
502 2814 648 2856 Dionysii
672 2813 798 2857 Exigui.
819 2813 911 2856 Apud
935 2814 1036 2847 Hard.
1054 2814 1119 2847 loc.
1137 2814 1192 2845 cit.
1210 2811 1271 2844 col.
1289 2816 1358 2844 252.

237 2865 304 2906 (15)
324 2865 410 2899 lbid.
