<?xml version="1.0" encoding="UTF-8"?>
<!DOCTYPE html PUBLIC "-//W3C//DTD XHTML 1.0 Transitional//EN"
    "http://www.w3.org/TR/xhtml1/DTD/xhtml1-transitional.dtd">
<html xmlns="http://www.w3.org/1999/xhtml" xml:lang="en" lang="en">
 <head>
  <title>
</title>
<meta http-equiv="Content-Type" content="text/html;charset=utf-8" />
  <meta name='ocr-system' content='tesseract 3.04.00' />
  <meta name='ocr-capabilities' content='ocr_page ocr_carea ocr_par ocr_line ocrx_word'/>
</head>
<body>
  <div class='ocr_page' id='page_1' title='image "a603380702perruoft_0071.png"; bbox 0 0 1980 3260; ppageno 0'>
   <div class='ocr_carea' id='block_1_1' title="bbox 0 0 61 3260">
    <p class='ocr_par' dir='ltr' id='par_1_1' title="bbox 0 0 61 3260">
     <span class='ocr_line' id='line_1_1' title="bbox 0 0 61 3260; baseline 0 0"><span class='ocrx_word' id='word_1_1' title='bbox 0 0 61 3260; x_wconf 95' lang='lat' dir='ltr'> </span> 
     </span>
    </p>
   </div>
   <div class='ocr_carea' id='block_1_2' title="bbox 320 237 1680 284">
    <p class='ocr_par' dir='ltr' id='par_1_2' title="bbox 320 237 1680 284">
     <span class='ocr_line' id='line_1_2' title="bbox 320 237 1680 284; baseline 0.004 -6"><span class='ocrx_word' id='word_1_2' title='bbox 320 248 409 279; x_wconf 53' lang='lat' dir='ltr'>cnr.</span> <span class='ocrx_word' id='word_1_3' title='bbox 429 248 473 279; x_wconf 89' lang='lat'>11.</span> <span class='ocrx_word' id='word_1_4' title='bbox 492 248 542 279; x_wconf 69' lang='lat' dir='ltr'>ni:</span> <span class='ocrx_word' id='word_1_5' title='bbox 562 248 676 280; x_wconf 61' lang='lat' dir='ltr'>ecci.</span> <span class='ocrx_word' id='word_1_6' title='bbox 696 248 857 280; x_wconf 74' lang='lat' dir='ltr'>roresr.</span> <span class='ocrx_word' id='word_1_7' title='bbox 875 247 1015 281; x_wconf 71' lang='lat' dir='ltr'>cousr.</span> <span class='ocrx_word' id='word_1_8' title='bbox 1034 248 1123 280; x_wconf 76' lang='lat' dir='ltr'>mr.</span> <span class='ocrx_word' id='word_1_9' title='bbox 1139 249 1262 280; x_wconf 73' lang='lat' dir='ltr'>uun.</span> <span class='ocrx_word' id='word_1_10' title='bbox 1278 250 1362 282; x_wconf 82' lang='lat' dir='ltr'>nm.</span> <span class='ocrx_word' id='word_1_11' title='bbox 1380 251 1471 283; x_wconf 70' lang='lat' dir='ltr'>Aur.</span> <span class='ocrx_word' id='word_1_12' title='bbox 1487 251 1548 284; x_wconf 89' lang='lat'>111.</span> <span class='ocrx_word' id='word_1_13' title='bbox 1622 237 1680 283; x_wconf 80' lang='lat'>67</span> 
     </span>
    </p>
   </div>
   <div class='ocr_carea' id='block_1_3' title="bbox 212 326 1686 2210">
    <p class='ocr_par' dir='ltr' id='par_1_3' title="bbox 224 326 1683 468">
     <span class='ocr_line' id='line_1_3' title="bbox 224 326 1683 391; baseline 0.004 -21"><span class='ocrx_word' id='word_1_14' title='bbox 224 336 355 381; x_wconf 86' lang='lat' dir='ltr'>sunt,</span> <span class='ocrx_word' id='word_1_15' title='bbox 393 343 580 391; x_wconf 88' lang='lat' dir='ltr'>eamque</span> <span class='ocrx_word' id='word_1_16' title='bbox 615 326 932 391; x_wconf 80' lang='lat' dir='ltr'>praeseferunt.</span> <span class='ocrx_word' id='word_1_17' title='bbox 963 326 1090 384; x_wconf 85' lang='lat' dir='ltr'>Quod</span> <span class='ocrx_word' id='word_1_18' title='bbox 1115 327 1278 390; x_wconf 89' lang='lat' dir='ltr'>pariter</span> <span class='ocrx_word' id='word_1_19' title='bbox 1304 339 1373 375; x_wconf 89' lang='lat' dir='ltr'>est</span> <span class='ocrx_word' id='word_1_20' title='bbox 1395 339 1548 377; x_wconf 83' lang='lat' dir='ltr'>contra</span> <span class='ocrx_word' id='word_1_21' title='bbox 1571 330 1683 376; x_wconf 88' lang='lat' dir='ltr'>Lau-</span> 
     </span>
     <span class='ocr_line' id='line_1_4' title="bbox 224 401 1202 468; baseline 0.002 -22"><span class='ocrx_word' id='word_1_22' title='bbox 224 401 337 451; x_wconf 82' lang='lat' dir='ltr'>noii.</span> <span class='ocrx_word' id='word_1_23' title='bbox 375 402 562 467; x_wconf 89' lang='lat' dir='ltr'>eiusque</span> <span class='ocrx_word' id='word_1_24' title='bbox 598 402 869 450; x_wconf 87' lang='lat' dir='ltr'>asseclarum</span> <span class='ocrx_word' id='word_1_25' title='bbox 903 403 1202 468; x_wconf 73' lang='lat' dir='ltr'><strong>hypothesim.</strong></span> 
     </span>
    </p>

    <p class='ocr_par' dir='ltr' id='par_1_4' title="bbox 217 478 1683 995">
     <span class='ocr_line' id='line_1_5' title="bbox 320 478 1682 546; baseline 0.004 -22"><span class='ocrx_word' id='word_1_26' title='bbox 320 481 363 524; x_wconf 75' lang='grc' dir='ltr'>ὅ.</span> <span class='ocrx_word' id='word_1_27' title='bbox 403 478 655 526; x_wconf 90' lang='lat' dir='ltr'>Absurdum</span> <span class='ocrx_word' id='word_1_28' title='bbox 701 490 768 526; x_wconf 89' lang='lat' dir='ltr'>est</span> <span class='ocrx_word' id='word_1_29' title='bbox 808 479 1004 526; x_wconf 82' lang='lat' dir='ltr'>voluisse</span> <span class='ocrx_word' id='word_1_30' title='bbox 1048 478 1284 526; x_wconf 90' lang='lat' dir='ltr'>concilium</span> <span class='ocrx_word' id='word_1_31' title='bbox 1329 496 1378 527; x_wconf 85' lang='lat' dir='ltr'>se</span> <span class='ocrx_word' id='word_1_32' title='bbox 1421 491 1682 546; x_wconf 86' lang='lat' dir='ltr'>coetumque</span> 
     </span>
     <span class='ocr_line' id='line_1_6' title="bbox 222 553 1678 620; baseline 0.002 -21"><span class='ocrx_word' id='word_1_33' title='bbox 222 571 396 600; x_wconf 90' lang='lat' dir='ltr'>omnem</span> <span class='ocrx_word' id='word_1_34' title='bbox 425 554 741 601; x_wconf 89' lang='lat' dir='ltr'>sacerdotalem</span> <span class='ocrx_word' id='word_1_35' title='bbox 775 553 996 618; x_wconf 88' lang='lat' dir='ltr'>expoliare</span> <span class='ocrx_word' id='word_1_36' title='bbox 1030 555 1124 601; x_wconf 90' lang='lat' dir='ltr'>iure</span> <span class='ocrx_word' id='word_1_37' title='bbox 1162 555 1455 602; x_wconf 89' lang='lat' dir='ltr'>constituendi</span> <span class='ocrx_word' id='word_1_38' title='bbox 1491 556 1678 620; x_wconf 88' lang='lat' dir='ltr'>impedi-</span> 
     </span>
     <span class='ocr_line' id='line_1_7' title="bbox 219 629 1680 695; baseline 0.003 -19"><span class='ocrx_word' id='word_1_39' title='bbox 219 640 365 677; x_wconf 89' lang='lat' dir='ltr'>menta</span> <span class='ocrx_word' id='word_1_40' title='bbox 379 629 654 686; x_wconf 89' lang='lat' dir='ltr'>dirimentia,</span> <span class='ocrx_word' id='word_1_41' title='bbox 676 629 875 694; x_wconf 93' lang='lat' dir='ltr'>illudque</span> <span class='ocrx_word' id='word_1_42' title='bbox 898 630 1135 678; x_wconf 81' lang='lat' dir='ltr'>transferre</span> <span class='ocrx_word' id='word_1_43' title='bbox 1156 631 1416 695; x_wconf 82' lang='lat' dir='ltr'><strong>dogmaticis</strong></span> <span class='ocrx_word' id='word_1_44' title='bbox 1435 632 1680 680; x_wconf 87' lang='lat' dir='ltr'>canonibus</span> 
     </span>
     <span class='ocr_line' id='line_1_8' title="bbox 221 704 1683 769; baseline 0.002 -17"><span class='ocrx_word' id='word_1_45' title='bbox 221 706 267 752; x_wconf 91' lang='lat' dir='ltr'>in</span> <span class='ocrx_word' id='word_1_46' title='bbox 291 705 411 752; x_wconf 89' lang='lat' dir='ltr'>illam</span> <span class='ocrx_word' id='word_1_47' title='bbox 441 704 630 751; x_wconf 89' lang='lat' dir='ltr'>idealem</span> <span class='ocrx_word' id='word_1_48' title='bbox 656 705 907 769; x_wconf 87' lang='lat' dir='ltr'>principum</span> <span class='ocrx_word' id='word_1_49' title='bbox 940 705 1241 754; x_wconf 83' lang='lat' dir='ltr'>collectionem</span> <span class='ocrx_word' id='word_1_50' title='bbox 1274 706 1409 755; x_wconf 83' lang='lat' dir='ltr'>veluti</span> <span class='ocrx_word' id='word_1_51' title='bbox 1433 708 1478 755; x_wconf 91' lang='lat' dir='ltr'>in</span> <span class='ocrx_word' id='word_1_52' title='bbox 1501 708 1683 755; x_wconf 80' lang='lat' dir='ltr'>alteram</span> 
     </span>
     <span class='ocr_line' id='line_1_9' title="bbox 217 780 1682 842; baseline 0.003 -15"><span class='ocrx_word' id='word_1_53' title='bbox 217 781 415 827; x_wconf 74' lang='lat' dir='ltr'>ecclesiae</span> <span class='ocrx_word' id='word_1_54' title='bbox 444 796 699 842; x_wconf 81' lang='lat' dir='ltr'>personam,</span> <span class='ocrx_word' id='word_1_55' title='bbox 738 789 782 827; x_wconf 87' lang='lat' dir='ltr'>et</span> <span class='ocrx_word' id='word_1_56' title='bbox 815 780 876 827; x_wconf 91' lang='lat' dir='ltr'>ita</span> <span class='ocrx_word' id='word_1_57' title='bbox 909 780 974 827; x_wconf 92' lang='lat' dir='ltr'>eis</span> <span class='ocrx_word' id='word_1_58' title='bbox 1007 782 1258 838; x_wconf 87' lang='lat' dir='ltr'>vindicare,</span> <span class='ocrx_word' id='word_1_59' title='bbox 1295 793 1344 830; x_wconf 92' lang='lat' dir='ltr'>ut</span> <span class='ocrx_word' id='word_1_60' title='bbox 1379 784 1465 831; x_wconf 90' lang='lat' dir='ltr'>sub</span> <span class='ocrx_word' id='word_1_61' title='bbox 1500 785 1682 832; x_wconf 87' lang='lat' dir='ltr'>anathe-</span> 
     </span>
     <span class='ocr_line' id='line_1_10' title="bbox 217 855 1681 921; baseline 0.004 -20"><span class='ocrx_word' id='word_1_62' title='bbox 217 856 349 902; x_wconf 82' lang='lat' dir='ltr'>matis</span> <span class='ocrx_word' id='word_1_63' title='bbox 382 855 738 902; x_wconf 83' lang='lat' dir='ltr'>interminatione</span> <span class='ocrx_word' id='word_1_64' title='bbox 765 872 841 902; x_wconf 91' lang='lat' dir='ltr'>eos</span> <span class='ocrx_word' id='word_1_65' title='bbox 870 866 1109 913; x_wconf 87' lang='lat' dir='ltr'>coerceret,</span> <span class='ocrx_word' id='word_1_66' title='bbox 1147 857 1225 921; x_wconf 86' lang='lat' dir='ltr'>qui</span> <span class='ocrx_word' id='word_1_67' title='bbox 1256 857 1453 908; x_wconf 86' lang='lat' dir='ltr'>dicerent</span> <span class='ocrx_word' id='word_1_68' title='bbox 1479 859 1579 907; x_wconf 89' lang='lat' dir='ltr'>illos</span> <span class='ocrx_word' id='word_1_69' title='bbox 1613 877 1681 907; x_wconf 91' lang='lat' dir='ltr'>er-</span> 
     </span>
     <span class='ocr_line' id='line_1_11' title="bbox 218 929 1673 995; baseline 0.002 -17"><span class='ocrx_word' id='word_1_70' title='bbox 218 947 315 979; x_wconf 89' lang='lat' dir='ltr'>rare</span> <span class='ocrx_word' id='word_1_71' title='bbox 332 931 379 977; x_wconf 91' lang='lat' dir='ltr'>in</span> <span class='ocrx_word' id='word_1_72' title='bbox 392 929 714 978; x_wconf 87' lang='lat' dir='ltr'>constituendis</span> <span class='ocrx_word' id='word_1_73' title='bbox 732 931 1061 995; x_wconf 81' lang='lat' dir='ltr'>impedimentis</span> <span class='ocrx_word' id='word_1_74' title='bbox 1080 932 1334 995; x_wconf 81' lang='lat' dir='ltr'>coniugium</span> <span class='ocrx_word' id='word_1_75' title='bbox 1347 934 1673 982; x_wconf 89' lang='lat' dir='ltr'>dirimentibus.</span> 
     </span>
    </p>

    <p class='ocr_par' dir='ltr' id='par_1_5' title="bbox 212 1006 1682 1966">
     <span class='ocr_line' id='line_1_12' title="bbox 313 1006 1680 1074; baseline 0.003 -21"><span class='ocrx_word' id='word_1_76' title='bbox 313 1008 381 1053; x_wconf 88' lang='lat' dir='ltr'>lv.</span> <span class='ocrx_word' id='word_1_77' title='bbox 421 1007 540 1063; x_wconf 88' lang='lat' dir='ltr'>Quid</span> <span class='ocrx_word' id='word_1_78' title='bbox 563 1006 587 1052; x_wconf 70' lang='lat' dir='ltr'>‘P</span> <span class='ocrx_word' id='word_1_79' title='bbox 628 1007 746 1072; x_wconf 90' lang='lat' dir='ltr'>quod</span> <span class='ocrx_word' id='word_1_80' title='bbox 785 1007 899 1071; x_wconf 80' lang='lat' dir='ltr'>facto</span> <span class='ocrx_word' id='word_1_81' title='bbox 939 1008 1037 1072; x_wconf 87' lang='lat' dir='ltr'>ipso</span> <span class='ocrx_word' id='word_1_82' title='bbox 1070 1008 1305 1056; x_wconf 91' lang='lat' dir='ltr'>concilium</span> <span class='ocrx_word' id='word_1_83' title='bbox 1340 1009 1535 1057; x_wconf 90' lang='lat' dir='ltr'>ostendit</span> <span class='ocrx_word' id='word_1_84' title='bbox 1572 1010 1680 1074; x_wconf 87' lang='lat' dir='ltr'>quid</span> 
     </span>
     <span class='ocr_line' id='line_1_13' title="bbox 214 1083 1682 1149; baseline 0.001 -19"><span class='ocrx_word' id='word_1_85' title='bbox 214 1084 545 1146; x_wconf 85' lang='lat' dir='ltr'>significaretur</span> <span class='ocrx_word' id='word_1_86' title='bbox 567 1100 618 1131; x_wconf 94' lang='lat' dir='ltr'>eo</span> <span class='ocrx_word' id='word_1_87' title='bbox 641 1083 819 1130; x_wconf 89' lang='lat' dir='ltr'>nomine</span> <span class='ocrx_word' id='word_1_88' title='bbox 851 1085 1049 1130; x_wconf 80' lang='lat' dir='ltr'>ecclesiae</span> <span class='ocrx_word' id='word_1_89' title='bbox 1083 1084 1154 1131; x_wconf 85' lang='lat' dir='ltr'>cui</span> <span class='ocrx_word' id='word_1_90' title='bbox 1189 1084 1259 1131; x_wconf 90' lang='lat' dir='ltr'>ius</span> <span class='ocrx_word' id='word_1_91' title='bbox 1294 1085 1509 1132; x_wconf 88' lang='lat' dir='ltr'>asseritur</span> <span class='ocrx_word' id='word_1_92' title='bbox 1542 1085 1682 1149; x_wconf 86' lang='lat' dir='ltr'>impe-</span> 
     </span>
     <span class='ocr_line' id='line_1_14' title="bbox 215 1158 1682 1224; baseline 0.002 -18"><span class='ocrx_word' id='word_1_93' title='bbox 215 1159 411 1207; x_wconf 86' lang='lat' dir='ltr'>dimenta</span> <span class='ocrx_word' id='word_1_94' title='bbox 441 1158 775 1207; x_wconf 72' lang='lat' dir='ltr'>constituendi?</span> <span class='ocrx_word' id='word_1_95' title='bbox 800 1160 849 1205; x_wconf 91' lang='lat' dir='ltr'>In</span> <span class='ocrx_word' id='word_1_96' title='bbox 872 1160 970 1224; x_wconf 89' lang='lat' dir='ltr'>ipso</span> <span class='ocrx_word' id='word_1_97' title='bbox 1000 1159 1117 1207; x_wconf 91' lang='lat' dir='ltr'>enim</span> <span class='ocrx_word' id='word_1_98' title='bbox 1142 1160 1381 1208; x_wconf 90' lang='lat' dir='ltr'>tridentino</span> <span class='ocrx_word' id='word_1_99' title='bbox 1403 1161 1592 1208; x_wconf 86' lang='lat' dir='ltr'>concilio</span> <span class='ocrx_word' id='word_1_100' title='bbox 1616 1179 1682 1209; x_wconf 91' lang='lat' dir='ltr'>ec-</span> 
     </span>
     <span class='ocr_line' id='line_1_15' title="bbox 215 1234 1682 1292; baseline 0.001 -10"><span class='ocrx_word' id='word_1_101' title='bbox 215 1235 378 1292; x_wconf 89' lang='lat' dir='ltr'>clesia,</span> <span class='ocrx_word' id='word_1_102' title='bbox 417 1236 625 1282; x_wconf 88' lang='lat' dir='ltr'>nimirum</span> <span class='ocrx_word' id='word_1_103' title='bbox 657 1234 957 1283; x_wconf 88' lang='lat' dir='ltr'>ecclesiastica</span> <span class='ocrx_word' id='word_1_104' title='bbox 991 1235 1268 1292; x_wconf 85' lang='lat' dir='ltr'>hierarchia,</span> <span class='ocrx_word' id='word_1_105' title='bbox 1308 1253 1397 1283; x_wconf 91' lang='lat' dir='ltr'>non</span> <span class='ocrx_word' id='word_1_106' title='bbox 1432 1246 1580 1283; x_wconf 86' lang='lat' dir='ltr'>autem</span> <span class='ocrx_word' id='word_1_107' title='bbox 1614 1237 1682 1283; x_wconf 89' lang='lat' dir='ltr'>al-</span> 
     </span>
     <span class='ocr_line' id='line_1_16' title="bbox 217 1311 1680 1375; baseline 0.002 -19"><span class='ocrx_word' id='word_1_108' title='bbox 217 1321 307 1357; x_wconf 79' lang='lat' dir='ltr'>tera</span> <span class='ocrx_word' id='word_1_109' title='bbox 323 1311 522 1357; x_wconf 79' lang='lat' dir='ltr'>ecclesiae</span> <span class='ocrx_word' id='word_1_110' title='bbox 539 1327 726 1374; x_wconf 81' lang='lat' dir='ltr'>persona</span> <span class='ocrx_word' id='word_1_111' title='bbox 744 1328 904 1358; x_wconf 86' lang='lat' dir='ltr'>novum</span> <span class='ocrx_word' id='word_1_112' title='bbox 922 1311 1288 1375; x_wconf 86' lang='lat' dir='ltr'>impedimentum</span> <span class='ocrx_word' id='word_1_113' title='bbox 1308 1311 1680 1359; x_wconf 85' lang='lat' dir='ltr'>clandestinitatis</span> 
     </span>
     <span class='ocr_line' id='line_1_17' title="bbox 213 1387 1681 1452; baseline 0.001 -18"><span class='ocrx_word' id='word_1_114' title='bbox 213 1387 462 1443; x_wconf 89' lang='lat' dir='ltr'>constituit,</span> <span class='ocrx_word' id='word_1_115' title='bbox 480 1387 724 1452; x_wconf 86' lang='lat' dir='ltr'>eademque</span> <span class='ocrx_word' id='word_1_116' title='bbox 741 1387 930 1434; x_wconf 89' lang='lat' dir='ltr'>ecclesia</span> <span class='ocrx_word' id='word_1_117' title='bbox 948 1387 1087 1434; x_wconf 89' lang='lat' dir='ltr'>noluit</span> <span class='ocrx_word' id='word_1_118' title='bbox 1104 1387 1382 1452; x_wconf 91' lang='lat' dir='ltr'>principibus</span> <span class='ocrx_word' id='word_1_119' title='bbox 1401 1389 1681 1452; x_wconf 90' lang='lat' dir='ltr'>acquiescere</span> 
     </span>
     <span class='ocr_line' id='line_1_18' title="bbox 214 1463 1681 1528; baseline 0.001 -18"><span class='ocrx_word' id='word_1_120' title='bbox 214 1463 557 1528; x_wconf 89' lang='lat' dir='ltr'>postulantibus,</span> <span class='ocrx_word' id='word_1_121' title='bbox 579 1473 628 1510; x_wconf 92' lang='lat' dir='ltr'>ut</span> <span class='ocrx_word' id='word_1_122' title='bbox 645 1463 835 1510; x_wconf 87' lang='lat' dir='ltr'>irritaret</span> <span class='ocrx_word' id='word_1_123' title='bbox 853 1463 1042 1510; x_wconf 88' lang='lat' dir='ltr'>filiorum</span> <span class='ocrx_word' id='word_1_124' title='bbox 1063 1463 1256 1510; x_wconf 83' lang='lat' dir='ltr'>familias</span> <span class='ocrx_word' id='word_1_125' title='bbox 1275 1464 1554 1511; x_wconf 88' lang='lat' dir='ltr'>matrimonia</span> <span class='ocrx_word' id='word_1_126' title='bbox 1572 1464 1681 1511; x_wconf 87' lang='lat' dir='ltr'>inita</span> 
     </span>
     <span class='ocr_line' id='line_1_19' title="bbox 212 1538 1680 1604; baseline 0.001 -18"><span class='ocrx_word' id='word_1_127' title='bbox 212 1548 365 1586; x_wconf 88' lang='lat' dir='ltr'>contra</span> <span class='ocrx_word' id='word_1_128' title='bbox 387 1549 618 1604; x_wconf 89' lang='lat' dir='ltr'>parentum</span> <span class='ocrx_word' id='word_1_129' title='bbox 641 1538 927 1586; x_wconf 86' lang='lat' dir='ltr'>voluntatem.</span> <span class='ocrx_word' id='word_1_130' title='bbox 951 1539 1079 1594; x_wconf 84' lang='lat' dir='ltr'>Quod</span> <span class='ocrx_word' id='word_1_131' title='bbox 1097 1539 1276 1603; x_wconf 89' lang='lat' dir='ltr'>quidem</span> <span class='ocrx_word' id='word_1_132' title='bbox 1294 1551 1601 1603; x_wconf 85' lang='lat' dir='ltr'>argumentum</span> <span class='ocrx_word' id='word_1_133' title='bbox 1619 1541 1680 1591; x_wconf 80' lang='lat' dir='ltr'>ita</span> 
     </span>
     <span class='ocr_line' id='line_1_20' title="bbox 213 1614 1682 1679; baseline 0.001 -17"><span class='ocrx_word' id='word_1_134' title='bbox 213 1614 381 1662; x_wconf 89' lang='lat' dir='ltr'>clarum</span> <span class='ocrx_word' id='word_1_135' title='bbox 394 1625 476 1672; x_wconf 88' lang='lat' dir='ltr'>est,</span> <span class='ocrx_word' id='word_1_136' title='bbox 493 1624 605 1662; x_wconf 89' lang='lat' dir='ltr'>uteo</span> <span class='ocrx_word' id='word_1_137' title='bbox 618 1614 807 1662; x_wconf 86' lang='lat' dir='ltr'>maxime</span> <span class='ocrx_word' id='word_1_138' title='bbox 821 1624 1045 1678; x_wconf 87' lang='lat' dir='ltr'>permotus</span> <span class='ocrx_word' id='word_1_139' title='bbox 1062 1615 1131 1662; x_wconf 88' lang='lat' dir='ltr'>vel</span> <span class='ocrx_word' id='word_1_140' title='bbox 1150 1615 1249 1678; x_wconf 87' lang='lat' dir='ltr'>ipse</span> <span class='ocrx_word' id='word_1_141' title='bbox 1266 1632 1513 1679; x_wconf 84' lang='lat' dir='ltr'>anonymus</span> <span class='ocrx_word' id='word_1_142' title='bbox 1530 1627 1682 1665; x_wconf 88' lang='lat' dir='ltr'>auctor</span> 
     </span>
     <span class='ocr_line' id='line_1_21' title="bbox 213 1689 1674 1754; baseline -0.001 -17"><span class='ocrx_word' id='word_1_143' title='bbox 213 1690 362 1754; x_wconf 86' lang='lat' dir='ltr'>operis</span> <span class='ocrx_word' id='word_1_144' title='bbox 394 1691 457 1736; x_wconf 88' lang='lat' dir='ltr'>De</span> <span class='ocrx_word' id='word_1_145' title='bbox 496 1691 589 1736; x_wconf 77' lang='lat' dir='ltr'>iure</span> <span class='ocrx_word' id='word_1_146' title='bbox 628 1690 912 1737; x_wconf 78' lang='lat' dir='ltr'>constituendi</span> <span class='ocrx_word' id='word_1_147' title='bbox 945 1689 1246 1753; x_wconf 74' lang='lat' dir='ltr'>impedimenta</span> <span class='ocrx_word' id='word_1_148' title='bbox 1279 1689 1526 1736; x_wconf 79' lang='lat' dir='ltr'>dirimentia</span> <span class='ocrx_word' id='word_1_149' title='bbox 1557 1691 1674 1752; x_wconf 81' lang='lat'>(84),</span> 
     </span>
     <span class='ocr_line' id='line_1_22' title="bbox 214 1765 1680 1831; baseline 0 -18"><span class='ocrx_word' id='word_1_150' title='bbox 214 1783 483 1831; x_wconf 86' lang='lat' dir='ltr'>quamquam</span> <span class='ocrx_word' id='word_1_151' title='bbox 507 1767 554 1812; x_wconf 90' lang='lat' dir='ltr'>in</span> <span class='ocrx_word' id='word_1_152' title='bbox 579 1766 735 1814; x_wconf 88' lang='lat' dir='ltr'>ceteris</span> <span class='ocrx_word' id='word_1_153' title='bbox 759 1766 954 1813; x_wconf 88' lang='lat' dir='ltr'>Launoio</span> <span class='ocrx_word' id='word_1_154' title='bbox 982 1765 1143 1822; x_wconf 80' lang='lat' dir='ltr'>faveat,</span> <span class='ocrx_word' id='word_1_155' title='bbox 1171 1765 1270 1812; x_wconf 92' lang='lat' dir='ltr'>heic</span> <span class='ocrx_word' id='word_1_156' title='bbox 1295 1782 1319 1814; x_wconf 89' lang='lat' dir='ltr'>a</span> <span class='ocrx_word' id='word_1_157' title='bbox 1344 1765 1457 1812; x_wconf 87' lang='lat' dir='ltr'>duce</span> <span class='ocrx_word' id='word_1_158' title='bbox 1480 1782 1562 1813; x_wconf 91' lang='lat' dir='ltr'>suo</span> <span class='ocrx_word' id='word_1_159' title='bbox 1585 1765 1680 1813; x_wconf 83' lang='lat' dir='ltr'>dis-</span> 
     </span>
     <span class='ocr_line' id='line_1_23' title="bbox 216 1840 1681 1907; baseline -0.002 -18"><span class='ocrx_word' id='word_1_160' title='bbox 216 1842 401 1898; x_wconf 85' lang='lat' dir='ltr'>sentiat,</span> <span class='ocrx_word' id='word_1_161' title='bbox 431 1842 618 1907; x_wconf 90' lang='lat' dir='ltr'>eiusque</span> <span class='ocrx_word' id='word_1_162' title='bbox 641 1841 1044 1906; x_wconf 90' lang='lat' dir='ltr'>interpretationem</span> <span class='ocrx_word' id='word_1_163' title='bbox 1074 1841 1261 1888; x_wconf 86' lang='lat' dir='ltr'>fateatur</span> <span class='ocrx_word' id='word_1_164' title='bbox 1287 1857 1388 1888; x_wconf 89' lang='lat' dir='ltr'>esse</span> <span class='ocrx_word' id='word_1_165' title='bbox 1411 1857 1593 1904; x_wconf 89' lang='lat' dir='ltr'>prorsus</span> <span class='ocrx_word' id='word_1_166' title='bbox 1618 1840 1681 1886; x_wconf 92' lang='lat' dir='ltr'>in-</span> 
     </span>
     <span class='ocr_line' id='line_1_24' title="bbox 214 1917 916 1966; baseline -0.004 0"><span class='ocrx_word' id='word_1_167' title='bbox 214 1918 394 1966; x_wconf 89' lang='lat' dir='ltr'>tentioni</span> <span class='ocrx_word' id='word_1_168' title='bbox 430 1918 606 1966; x_wconf 89' lang='lat' dir='ltr'>concilii</span> <span class='ocrx_word' id='word_1_169' title='bbox 636 1917 916 1965; x_wconf 89' lang='lat' dir='ltr'>contrariam.</span> 
     </span>
    </p>

    <p class='ocr_par' dir='ltr' id='par_1_6' title="bbox 213 1992 1686 2210">
     <span class='ocr_line' id='line_1_25' title="bbox 309 1992 1686 2069; baseline -0.001 -28"><span class='ocrx_word' id='word_1_170' title='bbox 309 1995 425 2058; x_wconf 80' lang='lat' dir='ltr'>Ergo</span> <span class='ocrx_word' id='word_1_171' title='bbox 456 1995 550 2043; x_wconf 86' lang='lat' dir='ltr'>sive</span> <span class='ocrx_word' id='word_1_172' title='bbox 578 1995 678 2059; x_wconf 86' lang='lat' dir='ltr'>ipsa</span> <span class='ocrx_word' id='word_1_173' title='bbox 712 1995 775 2042; x_wconf 88' lang='lat' dir='ltr'>rei</span> <span class='ocrx_word' id='word_1_174' title='bbox 810 2005 995 2051; x_wconf 90' lang='lat' dir='ltr'>natura,</span> <span class='ocrx_word' id='word_1_175' title='bbox 1032 1994 1125 2041; x_wconf 85' lang='lat' dir='ltr'>sive</span> <span class='ocrx_word' id='word_1_176' title='bbox 1153 2009 1314 2057; x_wconf 89' lang='lat' dir='ltr'>scopus</span> <span class='ocrx_word' id='word_1_177' title='bbox 1350 1992 1547 2059; x_wconf 85' lang='lat' dir='ltr'>concilii,</span> <span class='ocrx_word' id='word_1_178' title='bbox 1586 1993 1686 2069; x_wconf 54' lang='lat' dir='ltr'>sive</span> 
     </span>
     <span class='ocr_line' id='line_1_26' title="bbox 213 2067 1681 2136; baseline -0.001 -19"><span class='ocrx_word' id='word_1_179' title='bbox 213 2070 408 2118; x_wconf 90' lang='lat' dir='ltr'>absurda</span> <span class='ocrx_word' id='word_1_180' title='bbox 442 2081 721 2135; x_wconf 88' lang='lat' dir='ltr'>spectentur,</span> <span class='ocrx_word' id='word_1_181' title='bbox 760 2087 876 2136; x_wconf 91' lang='lat' dir='ltr'>quae</span> <span class='ocrx_word' id='word_1_182' title='bbox 919 2078 1206 2134; x_wconf 87' lang='lat' dir='ltr'>sequerentur</span> <span class='ocrx_word' id='word_1_183' title='bbox 1237 2085 1290 2115; x_wconf 83' lang='lat' dir='ltr'>ex</span> <span class='ocrx_word' id='word_1_184' title='bbox 1329 2067 1534 2134; x_wconf 88' lang='lat' dir='ltr'>opposita</span> <span class='ocrx_word' id='word_1_185' title='bbox 1578 2080 1681 2115; x_wconf 48' lang='lat' dir='ltr'>sen*</span> 
     </span>
     <span class='ocr_line' id='line_1_27' title="bbox 213 2143 1678 2210; baseline -0.003 -17"><span class='ocrx_word' id='word_1_186' title='bbox 213 2146 377 2202; x_wconf 87' lang='lat' dir='ltr'>tentia,</span> <span class='ocrx_word' id='word_1_187' title='bbox 406 2146 502 2194; x_wconf 83' lang='lat' dir='ltr'>sive</span> <span class='ocrx_word' id='word_1_188' title='bbox 524 2147 702 2193; x_wconf 87' lang='lat' dir='ltr'>demum</span> <span class='ocrx_word' id='word_1_189' title='bbox 730 2146 996 2210; x_wconf 90' lang='lat' dir='ltr'>inspiciatur</span> <span class='ocrx_word' id='word_1_190' title='bbox 1022 2146 1185 2209; x_wconf 82' lang='lat' dir='ltr'>factum</span> <span class='ocrx_word' id='word_1_191' title='bbox 1211 2143 1355 2208; x_wconf 90' lang='lat' dir='ltr'>ipsius</span> <span class='ocrx_word' id='word_1_192' title='bbox 1379 2143 1553 2191; x_wconf 89' lang='lat' dir='ltr'>concilii</span> <span class='ocrx_word' id='word_1_193' title='bbox 1576 2160 1678 2191; x_wconf 86' lang='lat' dir='ltr'>vere</span> 
     </span>
    </p>
   </div>
   <div class='ocr_carea' id='block_1_4' title="bbox 212 2300 1682 2818">
    <p class='ocr_par' dir='ltr' id='par_1_7' title="bbox 212 2300 1682 2818">
     <span class='ocr_line' id='line_1_28' title="bbox 308 2300 1681 2345; baseline -0.002 -10"><span class='ocrx_word' id='word_1_194' title='bbox 308 2303 375 2345; x_wconf 76' lang='lat'>(84)</span> <span class='ocrx_word' id='word_1_195' title='bbox 397 2303 467 2335; x_wconf 89' lang='lat' dir='ltr'>Del</span> <span class='ocrx_word' id='word_1_196' title='bbox 489 2303 611 2335; x_wconf 81' lang='lat' dir='ltr'>diritlo</span> <span class='ocrx_word' id='word_1_197' title='bbox 629 2303 666 2335; x_wconf 86' lang='lat' dir='ltr'>di</span> <span class='ocrx_word' id='word_1_198' title='bbox 679 2302 838 2335; x_wconf 79' lang='lat' dir='ltr'>stabilire</span> <span class='ocrx_word' id='word_1_199' title='bbox 852 2301 1087 2343; x_wconf 75' lang='lat' dir='ltr'>impedimenti</span> <span class='ocrx_word' id='word_1_200' title='bbox 1106 2300 1285 2333; x_wconf 71' lang='lat' dir='ltr'>ammenti</span> <span class='ocrx_word' id='word_1_201' title='bbox 1301 2300 1330 2332; x_wconf 82' lang='lat' dir='ltr'>il</span> <span class='ocrx_word' id='word_1_202' title='bbox 1343 2301 1564 2333; x_wconf 67' lang='lat' dir='ltr'>matrimonio</span> <span class='ocrx_word' id='word_1_203' title='bbox 1579 2300 1631 2333; x_wconf 85' lang='lat' dir='ltr'>ed.</span> <span class='ocrx_word' id='word_1_204' title='bbox 1646 2301 1681 2332; x_wconf 79' lang='lat' dir='ltr'>di</span> 
     </span>
     <span class='ocr_line' id='line_1_29' title="bbox 217 2353 1682 2397; baseline -0.001 -10"><span class='ocrx_word' id='word_1_205' title='bbox 217 2356 317 2388; x_wconf 74' lang='lat' dir='ltr'>pavia</span> <span class='ocrx_word' id='word_1_206' title='bbox 333 2359 421 2389; x_wconf 82' lang='grc'><strong>1783.</strong></span> <span class='ocrx_word' id='word_1_207' title='bbox 439 2365 457 2388; x_wconf 88' lang='lat' dir='ltr'>e</span> <span class='ocrx_word' id='word_1_208' title='bbox 473 2357 632 2388; x_wconf 82' lang='lat' dir='ltr'>Cremona</span> <span class='ocrx_word' id='word_1_209' title='bbox 650 2358 738 2388; x_wconf 80' lang='lat'>1784.</span> <span class='ocrx_word' id='word_1_210' title='bbox 753 2355 809 2397; x_wconf 84' lang='lat' dir='ltr'>qui</span> <span class='ocrx_word' id='word_1_211' title='bbox 823 2355 890 2387; x_wconf 86' lang='lat' dir='ltr'>vol.</span> <span class='ocrx_word' id='word_1_212' title='bbox 902 2356 943 2387; x_wconf 91' lang='lat'>11.</span> <span class='ocrx_word' id='word_1_213' title='bbox 961 2356 1161 2396; x_wconf 78' lang='lat' dir='ltr'>Raqionam.</span> <span class='ocrx_word' id='word_1_214' title='bbox 1174 2355 1199 2385; x_wconf 95' lang='grc'>1.</span> <span class='ocrx_word' id='word_1_215' title='bbox 1215 2362 1287 2395; x_wconf 81' lang='lat' dir='ltr'>pag.</span> <span class='ocrx_word' id='word_1_216' title='bbox 1306 2356 1354 2386; x_wconf 84' lang='lat'>14.</span> <span class='ocrx_word' id='word_1_217' title='bbox 1366 2353 1418 2386; x_wconf 88' lang='lat' dir='ltr'>ed.</span> <span class='ocrx_word' id='word_1_218' title='bbox 1436 2354 1596 2387; x_wconf 77' lang='lat' dir='ltr'>Ticinens.</span> <span class='ocrx_word' id='word_1_219' title='bbox 1609 2354 1682 2385; x_wconf 85' lang='lat' dir='ltr'>scri·</span> 
     </span>
     <span class='ocr_line' id='line_1_30' title="bbox 214 2405 1681 2447; baseline -0.002 -7"><span class='ocrx_word' id='word_1_220' title='bbox 214 2409 262 2441; x_wconf 90' lang='lat' dir='ltr'>bit</span> <span class='ocrx_word' id='word_1_221' title='bbox 287 2409 383 2442; x_wconf 80' lang='lat' dir='ltr'>ruisse</span> <span class='ocrx_word' id='word_1_222' title='bbox 410 2410 624 2442; x_wconf 80' lang='lat' dir='ltr'>contrariam</span> <span class='ocrx_word' id='word_1_223' title='bbox 646 2409 869 2440; x_wconf 71' lang='lat' dir='ltr'>intentionem</span> <span class='ocrx_word' id='word_1_224' title='bbox 893 2407 1031 2440; x_wconf 78' lang='lat' dir='ltr'>concilii</span> <span class='ocrx_word' id='word_1_225' title='bbox 1050 2420 1066 2434; x_wconf 75' lang='grc' dir='ltr'>ιι</span> <span class='ocrx_word' id='word_1_226' title='bbox 1076 2407 1200 2439; x_wconf 86' lang='lat' dir='ltr'>Mentre</span> <span class='ocrx_word' id='word_1_227' title='bbox 1224 2415 1295 2438; x_wconf 86' lang='lat' dir='ltr'>esso</span> <span class='ocrx_word' id='word_1_228' title='bbox 1311 2405 1344 2438; x_wconf 87' lang='lat' dir='ltr'>in</span> <span class='ocrx_word' id='word_1_229' title='bbox 1353 2407 1514 2447; x_wconf 82' lang='lat' dir='ltr'>pratica,</span> <span class='ocrx_word' id='word_1_230' title='bbox 1543 2414 1681 2438; x_wconf 85' lang='lat' dir='ltr'>nessuna</span> 
     </span>
     <span class='ocr_line' id='line_1_31' title="bbox 217 2458 1678 2501; baseline -0.002 -8"><span class='ocrx_word' id='word_1_231' title='bbox 217 2461 381 2494; x_wconf 80' lang='lat' dir='ltr'>menzione</span> <span class='ocrx_word' id='word_1_232' title='bbox 395 2461 476 2493; x_wconf 79' lang='lat' dir='ltr'>satta</span> <span class='ocrx_word' id='word_1_233' title='bbox 489 2461 522 2493; x_wconf 86' lang='lat' dir='ltr'>di</span> <span class='ocrx_word' id='word_1_234' title='bbox 537 2461 684 2501; x_wconf 82' lang='lat' dir='ltr'>sovrani,</span> <span class='ocrx_word' id='word_1_235' title='bbox 698 2469 716 2492; x_wconf 90' lang='lat' dir='ltr'>e</span> <span class='ocrx_word' id='word_1_236' title='bbox 729 2460 813 2492; x_wconf 82' lang='lat' dir='ltr'>colla</span> <span class='ocrx_word' id='word_1_237' title='bbox 822 2460 972 2501; x_wconf 82' lang='lat' dir='ltr'>semplice</span> <span class='ocrx_word' id='word_1_238' title='bbox 987 2459 1071 2492; x_wconf 78' lang='lat' dir='ltr'>srase</span> <span class='ocrx_word' id='word_1_239' title='bbox 1084 2458 1118 2491; x_wconf 91' lang='lat' dir='ltr'>di</span> <span class='ocrx_word' id='word_1_240' title='bbox 1130 2460 1259 2491; x_wconf 81' lang='lat' dir='ltr'>sancta</span> <span class='ocrx_word' id='word_1_241' title='bbox 1271 2458 1421 2499; x_wconf 78' lang='lat' dir='ltr'>synodus</span> <span class='ocrx_word' id='word_1_242' title='bbox 1429 2460 1604 2500; x_wconf 80' lang='lat' dir='ltr'>praecipit</span> <span class='ocrx_word' id='word_1_243' title='bbox 1614 2460 1678 2490; x_wconf 83' lang='lat' dir='ltr'>ete.</span> 
     </span>
     <span class='ocr_line' id='line_1_32' title="bbox 215 2510 1677 2555; baseline -0.003 -9"><span class='ocrx_word' id='word_1_244' title='bbox 215 2514 257 2546; x_wconf 75' lang='lat' dir='ltr'>lia</span> <span class='ocrx_word' id='word_1_245' title='bbox 275 2514 346 2546; x_wconf 79' lang='lat' dir='ltr'>fatti</span> <span class='ocrx_word' id='word_1_246' title='bbox 370 2514 469 2546; x_wconf 85' lang='lat' dir='ltr'>nuovi</span> <span class='ocrx_word' id='word_1_247' title='bbox 492 2514 714 2555; x_wconf 81' lang='lat' dir='ltr'>impedimenti</span> <span class='ocrx_word' id='word_1_248' title='bbox 737 2512 916 2553; x_wconf 81' lang='lat' dir='ltr'>dirimenti,</span> <span class='ocrx_word' id='word_1_249' title='bbox 931 2512 1006 2545; x_wconf 81' lang='lat' dir='ltr'>altri</span> <span class='ocrx_word' id='word_1_250' title='bbox 1021 2521 1062 2544; x_wconf 86' lang='lat' dir='ltr'>ne</span> <span class='ocrx_word' id='word_1_251' title='bbox 1073 2512 1115 2544; x_wconf 80' lang='lat' dir='ltr'>ha</span> <span class='ocrx_word' id='word_1_252' title='bbox 1129 2511 1303 2544; x_wconf 80' lang='lat' dir='ltr'>modificati</span> <span class='ocrx_word' id='word_1_253' title='bbox 1321 2520 1339 2544; x_wconf 89' lang='lat' dir='ltr'>e</span> <span class='ocrx_word' id='word_1_254' title='bbox 1354 2510 1505 2551; x_wconf 83' lang='lat' dir='ltr'>ristretti,</span> <span class='ocrx_word' id='word_1_255' title='bbox 1522 2510 1563 2543; x_wconf 87' lang='lat' dir='ltr'>ed</span> <span class='ocrx_word' id='word_1_256' title='bbox 1578 2511 1619 2542; x_wconf 81' lang='lat' dir='ltr'>ha</span> <span class='ocrx_word' id='word_1_257' title='bbox 1631 2511 1677 2544; x_wconf 73' lang='lat' dir='ltr'>,ri-</span> 
     </span>
     <span class='ocr_line' id='line_1_33' title="bbox 212 2564 1681 2608; baseline -0.003 -9"><span class='ocrx_word' id='word_1_258' title='bbox 212 2569 324 2599; x_wconf 83' lang='lat' dir='ltr'>eusato</span> <span class='ocrx_word' id='word_1_259' title='bbox 337 2567 371 2599; x_wconf 90' lang='lat' dir='ltr'>di</span> <span class='ocrx_word' id='word_1_260' title='bbox 385 2568 534 2608; x_wconf 76' lang='lat' dir='ltr'>prestarsi</span> <span class='ocrx_word' id='word_1_261' title='bbox 548 2577 567 2599; x_wconf 87' lang='grc'><strong>3</strong></span> <span class='ocrx_word' id='word_1_262' title='bbox 581 2567 704 2599; x_wconf 76' lang='lat' dir='ltr'>stabilit</span> <span class='ocrx_word' id='word_1_263' title='bbox 719 2566 800 2598; x_wconf 85' lang='lat' dir='ltr'>nulli</span> <span class='ocrx_word' id='word_1_264' title='bbox 815 2566 826 2598; x_wconf 94' lang='lat' dir='ltr'>i</span> <span class='ocrx_word' id='word_1_265' title='bbox 839 2566 1036 2598; x_wconf 81' lang='lat' dir='ltr'>matrimonii</span> <span class='ocrx_word' id='word_1_266' title='bbox 1049 2565 1099 2597; x_wconf 86' lang='lat' dir='ltr'>de&#39;</span> <span class='ocrx_word' id='word_1_267' title='bbox 1108 2565 1174 2606; x_wconf 83' lang='lat' dir='ltr'>figli</span> <span class='ocrx_word' id='word_1_268' title='bbox 1188 2564 1221 2596; x_wconf 81' lang='lat' dir='ltr'>di</span> <span class='ocrx_word' id='word_1_269' title='bbox 1235 2564 1378 2605; x_wconf 79' lang='lat' dir='ltr'>samiglia</span> <span class='ocrx_word' id='word_1_270' title='bbox 1390 2573 1483 2596; x_wconf 81' lang='lat' dir='ltr'>senza</span> <span class='ocrx_word' id='word_1_271' title='bbox 1494 2564 1515 2596; x_wconf 82' lang='lat' dir='ltr'>il</span> <span class='ocrx_word' id='word_1_272' title='bbox 1526 2572 1681 2596; x_wconf 78' lang='lat' dir='ltr'>consenso</span> 
     </span>
     <span class='ocr_line' id='line_1_34' title="bbox 216 2615 1682 2660; baseline -0.003 -9"><span class='ocrx_word' id='word_1_273' title='bbox 216 2619 265 2651; x_wconf 89' lang='lat' dir='ltr'>de&#39;</span> <span class='ocrx_word' id='word_1_274' title='bbox 277 2618 412 2660; x_wconf 85' lang='lat' dir='ltr'>parenti.</span> <span class='ocrx_word' id='word_1_275' title='bbox 426 2621 491 2651; x_wconf 82' lang='lat' dir='ltr'>Ora</span> <span class='ocrx_word' id='word_1_276' title='bbox 507 2627 572 2651; x_wconf 86' lang='lat' dir='ltr'>una</span> <span class='ocrx_word' id='word_1_277' title='bbox 584 2619 650 2651; x_wconf 82' lang='lat' dir='ltr'>tale</span> <span class='ocrx_word' id='word_1_278' title='bbox 664 2617 818 2650; x_wconf 79' lang='lat' dir='ltr'>condutta</span> <span class='ocrx_word' id='word_1_279' title='bbox 830 2617 881 2649; x_wconf 90' lang='lat' dir='ltr'>del</span> <span class='ocrx_word' id='word_1_280' title='bbox 894 2617 1032 2650; x_wconf 81' lang='lat' dir='ltr'>concilio</span> <span class='ocrx_word' id='word_1_281' title='bbox 1044 2616 1104 2649; x_wconf 83' lang='lat' dir='ltr'>ben</span> <span class='ocrx_word' id='word_1_282' title='bbox 1122 2616 1278 2648; x_wconf 83' lang='lat' dir='ltr'>dimostra</span> <span class='ocrx_word' id='word_1_283' title='bbox 1289 2640 1299 2656; x_wconf 86' lang='lat'>,</span> <span class='ocrx_word' id='word_1_284' title='bbox 1315 2616 1411 2656; x_wconf 85' lang='lat' dir='ltr'>quale</span> <span class='ocrx_word' id='word_1_285' title='bbox 1423 2615 1472 2648; x_wconf 81' lang='lat' dir='ltr'>sia</span> <span class='ocrx_word' id='word_1_286' title='bbox 1485 2617 1569 2647; x_wconf 76' lang='lat' dir='ltr'>stata</span> <span class='ocrx_word' id='word_1_287' title='bbox 1580 2615 1612 2647; x_wconf 84' lang='lat' dir='ltr'>la</span> <span class='ocrx_word' id='word_1_288' title='bbox 1623 2623 1682 2647; x_wconf 86' lang='lat' dir='ltr'>sua</span> 
     </span>
     <span class='ocr_line' id='line_1_35' title="bbox 214 2666 1680 2710; baseline -0.003 -7"><span class='ocrx_word' id='word_1_289' title='bbox 214 2671 395 2703; x_wconf 84' lang='lat' dir='ltr'>intenzione</span> <span class='ocrx_word' id='word_1_290' title='bbox 409 2671 532 2703; x_wconf 82' lang='lat' dir='ltr'>usando</span> <span class='ocrx_word' id='word_1_291' title='bbox 547 2672 630 2703; x_wconf 84' lang='lat' dir='ltr'>nelle</span> <span class='ocrx_word' id='word_1_292' title='bbox 645 2671 730 2702; x_wconf 87' lang='lat' dir='ltr'>dette</span> <span class='ocrx_word' id='word_1_293' title='bbox 742 2669 923 2702; x_wconf 78' lang='lat' dir='ltr'>definizioni</span> <span class='ocrx_word' id='word_1_294' title='bbox 940 2669 1024 2702; x_wconf 86' lang='lat' dir='ltr'>della</span> <span class='ocrx_word' id='word_1_295' title='bbox 1038 2669 1149 2710; x_wconf 79' lang='lat' dir='ltr'>pamla</span> <span class='ocrx_word' id='word_1_296' title='bbox 1166 2668 1298 2700; x_wconf 77' lang='lat' dir='ltr'>emesa.</span> <span class='ocrx_word' id='word_1_297' title='bbox 1316 2668 1425 2700; x_wconf 77' lang='lat' dir='ltr'>Insatti</span> <span class='ocrx_word' id='word_1_298' title='bbox 1439 2668 1523 2708; x_wconf 88' lang='lat' dir='ltr'>dopo</span> <span class='ocrx_word' id='word_1_299' title='bbox 1538 2675 1615 2699; x_wconf 82' lang='lat' dir='ltr'>aver</span> <span class='ocrx_word' id='word_1_300' title='bbox 1627 2666 1680 2699; x_wconf 88' lang='lat' dir='ltr'>de-</span> 
     </span>
     <span class='ocr_line' id='line_1_36' title="bbox 214 2719 1680 2764; baseline -0.003 -8"><span class='ocrx_word' id='word_1_301' title='bbox 214 2724 306 2756; x_wconf 84' lang='lat' dir='ltr'>finito</span> <span class='ocrx_word' id='word_1_302' title='bbox 322 2724 382 2756; x_wconf 83' lang='lat' dir='ltr'>che</span> <span class='ocrx_word' id='word_1_303' title='bbox 394 2723 458 2756; x_wconf 79' lang='lat' dir='ltr'>alla</span> <span class='ocrx_word' id='word_1_304' title='bbox 468 2724 576 2756; x_wconf 79' lang='lat' dir='ltr'>chiesa</span> <span class='ocrx_word' id='word_1_305' title='bbox 588 2724 732 2764; x_wconf 79' lang='lat' dir='ltr'>compete</span> <span class='ocrx_word' id='word_1_306' title='bbox 746 2732 790 2754; x_wconf 90' lang='lat' dir='ltr'>un</span> <span class='ocrx_word' id='word_1_307' title='bbox 800 2723 845 2755; x_wconf 80' lang='lat' dir='ltr'>tal</span> <span class='ocrx_word' id='word_1_308' title='bbox 859 2722 988 2763; x_wconf 82' lang='lat' dir='ltr'>diritto,</span> <span class='ocrx_word' id='word_1_309' title='bbox 1002 2722 1159 2754; x_wconf 83' lang='lat' dir='ltr'>sottentra</span> <span class='ocrx_word' id='word_1_310' title='bbox 1175 2721 1196 2752; x_wconf 85' lang='lat' dir='ltr'>il</span> <span class='ocrx_word' id='word_1_311' title='bbox 1211 2720 1326 2752; x_wconf 80' lang='lat' dir='ltr'>sinodo</span> <span class='ocrx_word' id='word_1_312' title='bbox 1341 2719 1382 2751; x_wconf 82' lang='lat' dir='ltr'>ad</span> <span class='ocrx_word' id='word_1_313' title='bbox 1398 2728 1523 2752; x_wconf 81' lang='lat' dir='ltr'>usarne.</span> <span class='ocrx_word' id='word_1_314' title='bbox 1540 2720 1680 2760; x_wconf 82' lang='lat' dir='ltr'>Dunque</span> 
     </span>
     <span class='ocr_line' id='line_1_37' title="bbox 217 2771 1678 2818; baseline -0.004 -9"><span class='ocrx_word' id='word_1_315' title='bbox 217 2785 274 2818; x_wconf 83' lang='lat' dir='ltr'>per</span> <span class='ocrx_word' id='word_1_316' title='bbox 293 2776 408 2809; x_wconf 78' lang='lat' dir='ltr'>chiesa</span> <span class='ocrx_word' id='word_1_317' title='bbox 421 2777 568 2809; x_wconf 74' lang='lat' dir='ltr'>intendet</span> <span class='ocrx_word' id='word_1_318' title='bbox 581 2777 608 2808; x_wconf 82' lang='lat' dir='ltr'>si</span> <span class='ocrx_word' id='word_1_319' title='bbox 622 2776 680 2808; x_wconf 87' lang='lat' dir='ltr'>dee</span> <span class='ocrx_word' id='word_1_320' title='bbox 693 2776 715 2808; x_wconf 89' lang='lat' dir='ltr'>il</span> <span class='ocrx_word' id='word_1_321' title='bbox 728 2775 859 2814; x_wconf 74' lang='lat' dir='ltr'>sinodo,</span> <span class='ocrx_word' id='word_1_322' title='bbox 870 2775 941 2807; x_wconf 79' lang='lat' dir='ltr'>vale</span> <span class='ocrx_word' id='word_1_323' title='bbox 953 2784 973 2807; x_wconf 86' lang='grc'><strong>3</strong></span> <span class='ocrx_word' id='word_1_324' title='bbox 987 2775 1056 2806; x_wconf 84' lang='lat' dir='ltr'>dire</span> <span class='ocrx_word' id='word_1_325' title='bbox 1070 2774 1092 2806; x_wconf 83' lang='lat'>1&#39;</span> <span class='ocrx_word' id='word_1_326' title='bbox 1101 2773 1219 2805; x_wconf 81' lang='lat' dir='ltr'>unione</span> <span class='ocrx_word' id='word_1_327' title='bbox 1233 2781 1251 2805; x_wconf 85' lang='lat' dir='ltr'>e</span> <span class='ocrx_word' id='word_1_328' title='bbox 1266 2771 1471 2805; x_wconf 76' lang='lat' dir='ltr'>Passemblea</span> <span class='ocrx_word' id='word_1_329' title='bbox 1494 2771 1546 2804; x_wconf 79' lang='lat' dir='ltr'>de&#39;</span> <span class='ocrx_word' id='word_1_330' title='bbox 1558 2772 1678 2813; x_wconf 80' lang='lat' dir='ltr'>pastori</span> 
     </span>
    </p>
   </div>
   <div class='ocr_carea' id='block_1_5' title="bbox 217 2826 1614 2905">
    <p class='ocr_par' dir='ltr' id='par_1_8' title="bbox 217 2826 1614 2905">
     <span class='ocr_line' id='line_1_38' title="bbox 217 2826 1245 2870; baseline -0.003 -10"><span class='ocrx_word' id='word_1_331' title='bbox 217 2829 422 2862; x_wconf 79' lang='lat' dir='ltr'>ecclesiastici</span> <span class='ocrx_word' id='word_1_332' title='bbox 432 2853 442 2869; x_wconf 92' lang='lat'>,</span> <span class='ocrx_word' id='word_1_333' title='bbox 460 2829 483 2861; x_wconf 82' lang='lat' dir='ltr'>il</span> <span class='ocrx_word' id='word_1_334' title='bbox 498 2830 558 2861; x_wconf 84' lang='lat' dir='ltr'>che</span> <span class='ocrx_word' id='word_1_335' title='bbox 572 2830 624 2870; x_wconf 85' lang='lat' dir='ltr'>poi</span> <span class='ocrx_word' id='word_1_336' title='bbox 638 2828 781 2870; x_wconf 83' lang='lat' dir='ltr'>significa</span> <span class='ocrx_word' id='word_1_337' title='bbox 796 2828 827 2860; x_wconf 87' lang='lat' dir='ltr'>la</span> <span class='ocrx_word' id='word_1_338' title='bbox 836 2836 986 2869; x_wconf 82' lang='lat' dir='ltr'>persona</span> <span class='ocrx_word' id='word_1_339' title='bbox 1000 2826 1245 2860; x_wconf 56' lang='lat' dir='ltr'>sacerdotalem</span> 
     </span>
     <span class='ocr_line' id='line_1_39' title="bbox 396 2876 1614 2905; baseline -0.003 4"><span class='ocrx_word' id='word_1_340' title='bbox 396 2883 401 2889; x_wconf 89' lang='grc'>’</span> <span class='ocrx_word' id='word_1_341' title='bbox 1587 2876 1614 2905; x_wconf 62' lang='lat'>³*</span> 
     </span>
    </p>
   </div>
  </div>
 </body>
</html>
