1980 3260
377 258 464 305 390
630 272 710 304 un.
739 271 784 303 11.
815 270 928 303 secr.
961 269 1139 302 Arreni.
1173 270 1226 302 m:
1254 269 1419 303 rorns'r.
1448 269 1590 303 civim.

374 353 502 414 longe
538 350 636 396 eius
673 348 925 396 testimonia
959 341 1179 413 petamus,
1209 347 1319 396 satis
1344 348 1403 395 sit
1425 346 1502 395 illa
1524 347 1623 413 ipsa
1646 349 1857 400 exhibere

374 427 510 475 verba
527 463 537 481 ,
566 443 681 490 quae
699 443 725 472 a
742 415 991 490 Tournelyo
1007 443 1060 472 ex
1079 425 1157 472 lib.
1186 426 1228 471 4.
1253 425 1373 472 Sent.
1397 424 1443 471 d.
1470 426 1544 471 42.
1569 443 1614 490 q.
1640 426 1687 472 2..
1709 443 1775 474 ar.
1802 429 1848 475 2.

374 505 417 550 in
444 519 562 567 resp.
583 502 639 550 ad
669 504 710 548 4.
727 502 862 550 allata
885 511 929 549 et
945 519 970 549 a
989 501 1118 550 nobis
1143 519 1324 567 quoque
1348 501 1557 566 superius
1588 497 1856 555 commemo-

374 590 471 627 rata
504 590 629 627 sunt:
651 578 926 627 «Dicendum
962 578 1082 643 quod
1111 579 1348 643 prohibitio
1385 578 1491 643 leqis
1526 579 1737 626 humanae
1770 590 1859 628 non

373 656 582 723 sufficeret
614 656 671 703 ad
712 655 1078 720 impedimentum
1120 654 1415 713 matrimonii,
1453 656 1545 702 nisi
1581 657 1858 705 interveniret

373 732 572 779 ecclesiae
595 733 832 779 auctoritas
848 768 859 787 ‚
889 749 1005 797 quae
1028 731 1147 780 idem
1170 731 1303 780 etiam
1329 731 1587 797 prohibet.»
1604 731 1855 781 Notandum

375 825 505 872 porro
539 818 634 865 est,
674 808 793 873 quod
828 807 960 855 talem
995 808 1168 856 dederit
1203 808 1539 875 responsionem
1573 808 1629 856 ad
1659 808 1705 857 id
1735 808 1858 874 quod

379 884 466 933 sibi
491 884 716 932 obiecerat
738 902 789 932 ex
817 884 1056 949 adoptione
1074 923 1084 942 ,
1107 902 1223 949 quae
1241 884 1337 933 sola
1354 884 1474 933 civili
1498 884 1596 949 lege
1617 885 1859 934 constituta

376 972 471 1019 est,
511 979 563 1009 ac
597 971 831 1027 propterea
863 961 1016 1026 leqalis
1039 971 1346 1028 nuncupatur,
1374 978 1457 1009 nec
1485 972 1638 1026 posset
1659 954 1858 1010 humana

375 1039 445 1086 lex
480 1038 846 1103 impedimentum
882 1038 1118 1095 inducere,
1157 1038 1277 1104 quod
1301 1030 1486 1103 quidem
1510 1038 1714 1086 concedit
1736 1038 1862 1087 iuxta

377 1115 423 1162 id
448 1114 568 1180 quod
593 1115 639 1162 in
664 1131 848 1180 corpore
873 1115 1046 1163 articuli
1073 1114 1388 1163 constituerat:
1411 1114 1504 1162 «Et
1522 1106 1632 1163 'talis
1658 1108 1863 1180 prohibi-

376 1193 438 1240 tio
480 1201 547 1239 est
581 1209 660 1258 per
692 1191 927 1240 ecclesiam
963 1191 1245 1256 approbata;
1289 1201 1333 1239 et
1367 1190 1471 1239 inde
1504 1201 1596 1249 est,
1634 1190 1861 1256 quod'le-

376 1268 491 1332 galis
526 1268 733 1332 cognatio
763 1267 1092 1334 matrimonium
1127 1266 1395 1332 impediat.»
1411 1266 1559 1315 Alium
1593 1267 1640 1314 in
1674 1283 1858 1315 sensum

375 1345 496 1392 dicta
529 1344 627 1391 eius
662 1344 951 1408 detorquere,
991 1359 1080 1390 non
1115 1341 1259 1390 solum
1294 1354 1363 1390 est
1383 1342 1475 1391 vim
1497 1342 1648 1391 verbis
1673 1342 1854 1401 inferre,

377 1420 456 1468 sed
480 1429 709 1485 praeterea
731 1418 1126 1467 manifestissimus
1145 1418 1315 1468 abusus
1331 1419 1432 1468 eius
1451 1419 1749 1477 auctoritatis3
1779 1434 1860 1468 ne-

377 1513 465 1562 que
498 1495 686 1544 scientia
719 1494 765 1541 id
801 1495 983 1560 patitur.

474 1571 754 1638 Quapropter
770 1571 827 1618 ad
844 1587 898 1619 ea
912 1609 922 1629 ,
946 1588 1062 1637 quae
1080 1581 1172 1619 tum
1190 1589 1244 1619 ex
1261 1572 1593 1620 commentariis
1612 1572 1670 1620 ad
1687 1571 1767 1619 lib.
1780 1570 1852 1618 lv.

377 1649 496 1695 Sent.
516 1658 608 1695 tum
632 1665 686 1696 ex
709 1646 787 1694 lib.
806 1647 1040 1696 1V.Contr.
1057 1657 1176 1712 gent.
1196 1647 1479 1713 proferuntur
1499 1648 1557 1696 de
1581 1647 1745 1714 triplici
1769 1647 1861 1696 fine

377 1724 592 1782 naturali,
631 1723 776 1782 civili,
809 1741 862 1772 ac
895 1723 1120 1790 spirituali
1154 1724 1211 1772 ad
1245 1741 1359 1790 quos
1393 1724 1600 1789 dirigitur
1631 1723 1860 1774 matrimo-

379 1802 503 1849 nium
522 1841 532 1859 ,
573 1801 719 1850 facilis
753 1812 823 1851 est
858 1803 1120 1868 responsi03
1150 1803 1270 1869 quod
1296 1803 1467 1852 scilicet
1489 1803 1613 1852 iuxta
1640 1820 1679 1852 s.
1700 1803 1862 1852 Docto-

378 1896 495 1936 rem,
534 1878 788 1943 coniugium
823 1889 954 1945 prout
985 1879 1192 1944 dirigitur
1214 1897 1241 1928 a
1265 1891 1423 1929 natura
1456 1882 1601 1946 possit
1627 1897 1730 1929 esse
1760 1879 1863 1928 irri-

379 1965 493 2012 tum,
523 1955 562 2003 si
588 1955 858 2005 contrarium
892 1955 1038 2004 eidem
1067 1956 1148 2014 sit,
1167 1966 1231 2010 ,ut
1264 1956 1311 2010 in
1345 1956 1612 2022 propinquis
1646 1956 1862 2020 gradibus

380 2032 810 2096 consanguinitatis;
834 2041 987 2098 -proutr
1013 2027 1224 2096 dirigitur
1244 2049 1271 2079 a
1300 2031 1398 2096 lege
1430 2031 1552 2080 civili
1587 2031 1733 2097 possit
1765 2031 1862 2078 irri-

381 2117 472 2154 tum
497 2107 591 2154 fieri
617 2108 765 2173 quoad
793 2108 981 2156 effeetus
1010 2106 1168 2156 civiles
1186 2146 1196 2164 ,
1225 2107 1334 2173 quia
1356 2117 1511 2156 contra
1526 2106 1650 2171 leges
1667 2106 1855 2164 initum,

379 2200 540 2247 nempe
572 2183 617 2230 in
654 2184 811 2232 ordine
843 2183 987 2241 civili,
1027 2201 1108 2232 seu
1140 2183 1356 2249 politico,
1398 2194 1529 2249 prout
1561 2183 1769 2248 dirigitur
1801 2183 1858 2232 ad

380 2259 513 2306 finem
549 2259 823 2324 spiritualem
842 2299 852 2318 ‚
880 2260 1025 2326 possit
1058 2260 1232 2309 irritum
1267 2259 1386 2308 esfici
1421 2259 1479 2308 ab
1511 2258 1700 2308 ecclesia
1722 2259 1770 2307 in
1792 2275 1860 2308 or·

380 2335 490 2383 dine
517 2335 573 2383 ad
607 2347 957 2395 sacramentum,
991 2337 1053 2385 ita
1079 2347 1129 2385 ut
1157 2336 1244 2386 hoc
1277 2336 1363 2385 sub
1393 2347 1602 2402 ⁸respectu
1635 2336 1862 2385 matrimo-

382 2412 507 2459 nium
553 2421 752 2460 evectum
786 2412 902 2460 ultra
936 2413 1237 2462 conditionem
1280 2421 1532 2461 contractus
1565 2429 1676 2477 pure
1713 2411 1860 2461 civilis

382 2488 647 2536 subiiciatur
681 2488 929 2536 auctoritati
965 2491 1173 2555 propriae
1201 2501 1246 2538 et
1272 2488 1541 2554 originariae
1573 2487 1790 2537 ecclesiae
1812 2488 1858 2536 in

382 2565 438 2613 iis
471 2564 705 2622 omnibus,
750 2582 865 2630 quae
906 2576 1107 2630 spectant
1144 2567 1201 2615 ad
1234 2566 1457 2624 valorem,
1495 2564 1818 2629 legitimitatem
1840 2603 1851 2622 ,

382 2643 748 2708 honestatemque
769 2641 1018 2706 coniugalis
1045 2643 1229 2692 vinculi.
1259 2644 1346 2692 Sed
1375 2643 1432 2691 de
1459 2661 1498 2690 s.
1521 2642 1691 2690 Thoma
1714 2642 1761 2689 in
1785 2659 1860 2690 ca-

382 2719 475 2783 pite
504 2719 758 2785 insequenti
789 2728 984 2766 recurret
1017 2736 1178 2768 sermo.

475 2794 736 2843 Intrinsecis
753 2794 969 2842 hactenus
982 2804 1117 2859 atque
1129 2795 1391 2844 extrinsecis
1405 2795 1677 2859 argumentis
1692 2803 1860 2860 specta-

382 2872 463 2929 tis,
484 2889 599 2936 quae
623 2872 770 2920 favere
794 2870 1058 2920 videbantur
1086 2871 1441 2920 adversariorum
1467 2871 1727 2929 sententiae,
1748 2887 1859 2918 non-
