1980 3260
412 202 468 245 86
738 211 817 240 mn.
846 210 892 240 11.
910 209 1034 251 sacr.
1064 209 1092 238 1.
1122 208 1172 238 m:
1197 207 1361 238 rornsr.
1390 208 1553 240 nectes.

407 307 559 345 nuere,
588 304 638 334 ac
671 286 902 332 detrahere
935 285 1140 349 oportuit,
1175 284 1260 330 Res
1296 284 1396 348 ipsa
1423 295 1541 332 vetat
1574 285 1630 331 ab
1656 286 1861 335 inferiore

407 363 605 426 abrogari
639 362 779 424 legem
800 399 810 417 ‚
839 379 954 426 quae
987 360 1228 424 superioris
1260 359 1444 424 imperio
1473 360 1642 407 sancita
1674 372 1744 409 est
1768 365 1852 424 (5).

497 438 563 484 Ad
604 437 734 494 haec,
776 437 1007 484 concilium
1037 436 1322 482 tridentinum
1353 436 1462 482 satis
1497 446 1647 500 aperte
1685 438 1862 500 agnovit

403 513 718 561 relaxationum
748 514 817 560 ius
843 512 900 559 ad
924 512 1066 559 solum
1090 529 1199 558 rom.
1229 511 1482 575 pontificem
1510 521 1732 575 spectare,
1758 512 1860 562 licet

402 590 519 637 enim
537 588 758 652 conceptis
776 588 920 635 verbis
939 587 985 633 id
1003 604 1090 634 non
1107 587 1394 651 expresserit,
1423 597 1571 633 tamen
1596 604 1709 635 sess.
1726 587 1853 636 XXV.

402 682 497 729 cap.
531 664 680 710 XVIII.
718 663 797 710 ref.
840 673 1072 727 postquam
1112 673 1307 710 exactam
1336 679 1554 710 canonum
1587 662 1858 712 observatio—

400 757 499 786 nem
528 739 904 794 commendasset,
946 738 1125 786 subdit:
1170 738 1336 794 «Quod
1365 739 1403 787 si
1446 756 1610 802 urgens
1655 739 1860 805 iustaque

399 816 508 862 ratio
533 824 576 861 et
602 814 741 862 maior
775 814 1041 878 quandoque
1073 814 1242 861 utilitas
1271 814 1611 879 postulaverint,
1640 832 1740 862 cum
1775 815 1859 863 ali-

400 889 561 953 quibus
585 888 932 952 dispensandum
956 906 1085 945 esse,
1116 889 1162 934 id
1193 906 1326 936 causa
1359 889 1557 952 cognita,
1596 907 1648 936 ac
1682 907 1858 937 summa

399 964 675 1020 maturitate,
708 973 839 1027 atque
866 964 1001 1026 gratis
1025 981 1053 1010 a
1075 964 1406 1027 quibuscumque
1423 999 1436 1018 ,
1470 963 1528 1010 ad
1559 981 1662 1027 quos
1691 964 1859 1029 dispen-

398 1041 507 1087 satio
541 1039 806 1104 pertinebit,
846 1040 928 1086 erit
957 1040 1330 1103 praestandum.»
1364 1040 1456 1085 Iam
1487 1056 1590 1087 vero
1616 1058 1754 1104 quum
1786 1058 1859 1088 ne-

397 1116 515 1162 mine
548 1115 895 1172 contradicente,
941 1115 1143 1179 pluribus
1183 1125 1284 1162 ante
1322 1114 1484 1162 seculis
1509 1152 1519 1171 ,
1555 1115 1612 1161 ad
1651 1132 1856 1163 romanos

397 1190 626 1254 pontifices
659 1190 728 1236 ius
774 1190 1032 1254 pertinuerit
1060 1190 1274 1253 privative
1307 1189 1622 1253 impedimenta
1644 1189 1855 1238 dirimen-

396 1265 741 1330 tialrelaxandi,
772 1265 877 1312 hinc
911 1266 1064 1312 merito
1098 1265 1339 1312 intulerunt
1368 1281 1593 1312 sacrorum
1633 1281 1853 1313 canonum

395 1341 665 1404 expositores
705 1340 856 1387 hahita
889 1340 1099 1387 historiae
1131 1341 1322 1398 ratione,
1361 1341 1481 1388 iuxta
1514 1340 1858 1396 conciliumtri-

394 1416 622 1462 dentinum
638 1453 648 1472 ,
675 1416 732 1461 ad
755 1432 866 1462 rom.
896 1415 1146 1479 pontificem
1164 1416 1542 1481 dispensationem
1577 1416 1623 1463 in
1645 1417 1857 1465 dirimen-

387 1485 510 1538 tibus
536 1500 746 1555 spectare.
775 1490 1002 1554 Siquidem
1027 1491 1251 1538 tridentini
1279 1502 1428 1556 patres
1452 1492 1573 1539 haud
1595 1491 1857 1556 ignorabant

392 1565 477 1612 hoc
509 1565 769 1629 privativum
803 1565 873 1611 ius
907 1565 1174 1628 apostolicae
1208 1567 1326 1614 sedis
1361 1567 1515 1614 fuisse.

486 1641 540 1687 Et
569 1658 678 1688 sane
710 1650 861 1688 auctor
888 1640 1081 1703 profecto
1117 1659 1205 1688 non
1245 1652 1476 1706 suspectus
1512 1641 1854 1706 Van-Espenius

391 1715 549 1762 fatetur
584 1726 777 1779 tempore
819 1717 995 1764 concilii
1026 1716 1249 1763 tridentini
1294 1716 1586 1780 dispensandi
1615 1717 1853 1765 auctorita-

392 1800 478 1837 tem
501 1791 546 1836 in
571 1791 772 1854 pluribus
798 1793 1016 1849 materiis,
1046 1809 1097 1838 ac
1121 1792 1346 1854 signanter
1367 1810 1501 1856 super
1521 1793 1853 1856 impedimentis

391 1866 695 1914 dirimentibus
735 1868 1064 1915 matrimonium
1099 1868 1240 1915 fuisse
1279 1868 1336 1914 ad
1375 1869 1661 1932 apostolicam
1701 1869 1852 1919 sedem

388 1940 660 2000 devolutam,
689 1943 782 1991 sive
805 1943 899 1990 sedi
924 1943 1190 2007 apostolicae
1213 1954 1505 2001 reservatam;
1527 1961 1609 1991 nec
1636 1944 1734 1992 sine
1751 1945 1852 1992 fun-

371 2008 594 2063 ¹damento
628 2017 786 2075 docet,
825 2019 1062 2083 multisque
1097 2019 1252 2083 probat
1283 2019 1491 2066 dominus
1524 2020 1593 2066 Du
1637 2019 1774 2067 Casse
1805 2020 1851 2067 in

387 2109 468 2139 suo
512 2102 696 2139 tractatu
733 2095 795 2140 De
828 2095 1121 2141 iurisdictione
1163 2094 1370 2141 Ordinar.
1416 2105 1519 2142 tom.
1560 2096 1596 2141 Ι.
1635 2081 1845 2159 cap.10.

383 2167 433 2229 §-
463 2169 507 2212 6.
569 2178 668 2231 post
701 2169 910 2216 Thomam
943 2170 1164 2226 Sanchez,
1204 2170 1424 2234 synodum
1463 2170 1748 2223 tridentinam
1782 2188 1851 2219 re-

386 2241 510 2303 gulas
540 2242 586 2287 in
619 2244 801 2290 materia
823 2245 1169 2308 dispensationis
1188 2284 1198 2302 ,
1226 2263 1278 2293 ac
1301 2255 1504 2293 notanter
1537 2262 1674 2310 super
1705 2246 1848 2311 impe-

385 2316 591 2364 dimentis
640 2319 903 2366 matrimonii
948 2322 1246 2386 praescriptas
1266 2360 1276 2378 ‚
1328 2321 1385 2369 ad
1431 2338 1539 2369 rom.
1590 2321 1844 2386 pontificem

387 2392 622 2456 praecipue
655 2394 871 2442 direxisse
897 2397 980 2456 (6).

478 2468 591 2515 Illud
630 2487 733 2517 vero
766 2471 907 2533 magis
942 2471 1025 2518 hoc
1059 2473 1206 2536 ipsum
1240 2474 1470 2521 confirmat
1503 2473 1559 2519 de
1591 2472 1847 2520 tridentino-

382 2560 476 2588 rum
521 2553 693 2606 patrum
734 2555 877 2591 mente
919 2546 1036 2609 quod
1083 2547 1127 2593 in
1167 2549 1319 2596 eodem
1364 2546 1550 2595 concilio
1605 2547 1846 2610 contigisse

382 2617 574 2664 referunt
607 2619 702 2665 eius
736 2619 950 2668 historici.
990 2622 1098 2668 Nam
1127 2640 1226 2670 cum
1258 2624 1531 2688 disputatum
1561 2632 1680 2672 esset
1712 2639 1739 2671 a
1772 2640 1847 2687 pa-

467 2738 512 2778 (5)
533 2741 694 2772 Institut.
720 2743 919 2774 canonicar.
936 2742 994 2774 lib.
1014 2745 1056 2775 11.
1074 2746 1152 2777 sect.
1169 2747 1224 2777 lx.
1245 2745 1276 2786 §.
1296 2748 1363 2778 117.

469 2790 512 2832 (6)
531 2793 596 2825 Ius
613 2801 736 2826 canon.
758 2796 912 2827 univers.
930 2796 1012 2836 part.
1029 2797 1072 2828 11.
1088 2796 1140 2829 tit.
1154 2799 1238 2829 ΚΝ.
1255 2805 1325 2838 cap.
1345 2798 1386 2828 Π.
1405 2805 1438 2828 n.
1459 2801 1504 2829 ιο.
