<?xml version="1.0" encoding="UTF-8"?>
<!DOCTYPE html PUBLIC "-//W3C//DTD XHTML 1.0 Transitional//EN"
    "http://www.w3.org/TR/xhtml1/DTD/xhtml1-transitional.dtd">
<html xmlns="http://www.w3.org/1999/xhtml" xml:lang="en" lang="en">
 <head>
  <title>
</title>
<meta http-equiv="Content-Type" content="text/html;charset=utf-8" />
  <meta name='ocr-system' content='tesseract 3.04.00' />
  <meta name='ocr-capabilities' content='ocr_page ocr_carea ocr_par ocr_line ocrx_word'/>
</head>
<body>
  <div class='ocr_page' id='page_1' title='image "a603380702perruoft_0448.png"; bbox 0 0 1980 3260; ppageno 0'>
   <div class='ocr_carea' id='block_1_1' title="bbox 322 273 1522 339">
    <p class='ocr_par' dir='ltr' id='par_1_1' title="bbox 322 273 1522 339">
     <span class='ocr_line' id='line_1_1' title="bbox 322 273 1522 339; baseline -0.002 -19"><span class='ocrx_word' id='word_1_1' title='bbox 322 273 412 320; x_wconf 66' lang='lat' dir='ltr'><strong>ut</strong></span> <span class='ocrx_word' id='word_1_2' title='bbox 574 287 655 320; x_wconf 78' lang='lat' dir='ltr'><strong>mn.</strong></span> <span class='ocrx_word' id='word_1_3' title='bbox 682 287 728 321; x_wconf 90' lang='lat'><strong>11.</strong></span> <span class='ocrx_word' id='word_1_4' title='bbox 758 286 872 339; x_wconf 54' lang='lat' dir='ltr'><strong>sacr.⁴</strong></span> <span class='ocrx_word' id='word_1_5' title='bbox 900 287 1071 320; x_wconf 67' lang='lat' dir='ltr'><strong>uram.</strong></span> <span class='ocrx_word' id='word_1_6' title='bbox 1099 286 1152 319; x_wconf 70' lang='lat' dir='ltr'><strong>nn</strong></span> <span class='ocrx_word' id='word_1_7' title='bbox 1185 285 1352 319; x_wconf 74' lang='lat' dir='ltr'><strong>rorsssr.</strong></span> <span class='ocrx_word' id='word_1_8' title='bbox 1382 286 1522 320; x_wconf 78' lang='lat' dir='ltr'><strong>clvm.</strong></span> 
     </span>
    </p>
   </div>
   <div class='ocr_carea' id='block_1_2' title="bbox 317 364 1797 2868">
    <p class='ocr_par' dir='ltr' id='par_1_2' title="bbox 318 364 1794 1422">
     <span class='ocr_line' id='line_1_2' title="bbox 415 364 1782 432; baseline 0.001 -19"><span class='ocrx_word' id='word_1_9' title='bbox 415 364 546 416; x_wconf 70' lang='lat' dir='ltr'><strong>Haud,</strong></span> <span class='ocrx_word' id='word_1_10' title='bbox 576 382 647 413; x_wconf 90' lang='lat' dir='ltr'><strong>me</strong></span> <span class='ocrx_word' id='word_1_11' title='bbox 679 365 785 413; x_wconf 90' lang='lat' dir='ltr'><strong>latet</strong></span> <span class='ocrx_word' id='word_1_12' title='bbox 817 366 967 432; x_wconf 91' lang='lat' dir='ltr'><strong>reponi</strong></span> <span class='ocrx_word' id='word_1_13' title='bbox 1003 381 1156 431; x_wconf 88' lang='lat' dir='ltr'><strong>posse,</strong></span> <span class='ocrx_word' id='word_1_14' title='bbox 1195 365 1335 412; x_wconf 88' lang='lat' dir='ltr'><strong>Deum</strong></span> <span class='ocrx_word' id='word_1_15' title='bbox 1359 364 1629 413; x_wconf 86' lang='lat' dir='ltr'><strong>matrimonii</strong></span> <span class='ocrx_word' id='word_1_16' title='bbox 1653 375 1782 414; x_wconf 88' lang='lat' dir='ltr'><strong>natu-</strong></span> 
     </span>
     <span class='ocr_line' id='line_1_3' title="bbox 320 441 1786 508; baseline -0.001 -16"><span class='ocrx_word' id='word_1_17' title='bbox 320 461 413 492; x_wconf 88' lang='lat' dir='ltr'><strong>ram</strong></span> <span class='ocrx_word' id='word_1_18' title='bbox 438 442 819 508; x_wconf 76' lang='lat' dir='ltr'>proprietatesque</span> <span class='ocrx_word' id='word_1_19' title='bbox 846 442 1191 500; x_wconf 83' lang='lat' dir='ltr'><strong>determinasse,</strong></span> <span class='ocrx_word' id='word_1_20' title='bbox 1218 453 1264 490; x_wconf 92' lang='lat' dir='ltr'><strong>at</strong></span> <span class='ocrx_word' id='word_1_21' title='bbox 1295 442 1427 490; x_wconf 90' lang='lat' dir='ltr'><strong>simul</strong></span> <span class='ocrx_word' id='word_1_22' title='bbox 1461 441 1631 507; x_wconf 90' lang='lat' dir='ltr'><strong>aliquid</strong></span> <span class='ocrx_word' id='word_1_23' title='bbox 1665 443 1786 507; x_wconf 89' lang='lat' dir='ltr'><strong>quod</strong></span> 
     </span>
     <span class='ocr_line' id='line_1_4' title="bbox 322 517 1789 586; baseline -0.002 -18"><span class='ocrx_word' id='word_1_24' title='bbox 322 520 379 568; x_wconf 89' lang='lat' dir='ltr'><strong>ad</strong></span> <span class='ocrx_word' id='word_1_25' title='bbox 415 519 563 586; x_wconf 88' lang='lat' dir='ltr'><strong>ipsum</strong></span> <span class='ocrx_word' id='word_1_26' title='bbox 603 518 831 567; x_wconf 80' lang='lat' dir='ltr'><strong>vinculum</strong></span> <span class='ocrx_word' id='word_1_27' title='bbox 870 520 1083 577; x_wconf 86' lang='lat' dir='ltr'><strong>refertur,</strong></span> <span class='ocrx_word' id='word_1_28' title='bbox 1121 518 1509 567; x_wconf 89' lang='lat' dir='ltr'><strong>indeterminatum</strong></span> <span class='ocrx_word' id='word_1_29' title='bbox 1552 519 1641 583; x_wconf 90' lang='lat' dir='ltr'><strong>legi</strong></span> <span class='ocrx_word' id='word_1_30' title='bbox 1685 517 1789 566; x_wconf 88' lang='lat' dir='ltr'><strong>reli-</strong></span> 
     </span>
     <span class='ocr_line' id='line_1_5' title="bbox 318 593 1788 661; baseline 0 -19"><span class='ocrx_word' id='word_1_31' title='bbox 318 595 501 661; x_wconf 83' lang='lat' dir='ltr'><strong>quisse,</strong></span> <span class='ocrx_word' id='word_1_32' title='bbox 544 594 747 660; x_wconf 83' lang='lat' dir='ltr'><strong>adeoque</strong></span> <span class='ocrx_word' id='word_1_33' title='bbox 785 593 1033 660; x_wconf 87' lang='lat' dir='ltr'><strong>principem</strong></span> <span class='ocrx_word' id='word_1_34' title='bbox 1067 595 1179 642; x_wconf 89' lang='lat' dir='ltr'><strong>nihil</strong></span> <span class='ocrx_word' id='word_1_35' title='bbox 1213 594 1393 660; x_wconf 89' lang='lat' dir='ltr'><strong>quidem</strong></span> <span class='ocrx_word' id='word_1_36' title='bbox 1427 604 1621 643; x_wconf 84' lang='lat' dir='ltr'><strong>statuere</strong></span> <span class='ocrx_word' id='word_1_37' title='bbox 1653 610 1788 660; x_wconf 87' lang='lat' dir='ltr'><strong>posse</strong></span> 
     </span>
     <span class='ocr_line' id='line_1_6' title="bbox 319 670 1788 736; baseline -0.001 -16"><span class='ocrx_word' id='word_1_38' title='bbox 319 681 470 720; x_wconf 90' lang='lat' dir='ltr'><strong>contra</strong></span> <span class='ocrx_word' id='word_1_39' title='bbox 502 670 548 718; x_wconf 94' lang='lat' dir='ltr'><strong>id</strong></span> <span class='ocrx_word' id='word_1_40' title='bbox 582 671 701 736; x_wconf 89' lang='lat' dir='ltr'><strong>quod</strong></span> <span class='ocrx_word' id='word_1_41' title='bbox 735 671 949 720; x_wconf 89' lang='lat' dir='ltr'><strong>divinitus</strong></span> <span class='ocrx_word' id='word_1_42' title='bbox 992 671 1212 720; x_wconf 90' lang='lat' dir='ltr'><strong>sancitum</strong></span> <span class='ocrx_word' id='word_1_43' title='bbox 1253 682 1320 720; x_wconf 92' lang='lat' dir='ltr'><strong>est</strong></span> <span class='ocrx_word' id='word_1_44' title='bbox 1347 710 1358 729; x_wconf 89' lang='lat'><strong>,</strong></span> <span class='ocrx_word' id='word_1_45' title='bbox 1403 681 1448 719; x_wconf 90' lang='lat' dir='ltr'><strong>at</strong></span> <span class='ocrx_word' id='word_1_46' title='bbox 1479 672 1575 720; x_wconf 88' lang='lat' dir='ltr'><strong>suis</strong></span> <span class='ocrx_word' id='word_1_47' title='bbox 1614 670 1788 735; x_wconf 89' lang='lat' dir='ltr'><strong>legibus</strong></span> 
     </span>
     <span class='ocr_line' id='line_1_7' title="bbox 319 746 1788 813; baseline -0.002 -17"><span class='ocrx_word' id='word_1_48' title='bbox 319 746 490 813; x_wconf 87' lang='lat' dir='ltr'><strong>aliquid</strong></span> <span class='ocrx_word' id='word_1_49' title='bbox 529 762 662 812; x_wconf 88' lang='lat' dir='ltr'><strong>posse</strong></span> <span class='ocrx_word' id='word_1_50' title='bbox 704 747 869 795; x_wconf 81' lang='lat' dir='ltr'><strong>addere</strong></span> <span class='ocrx_word' id='word_1_51' title='bbox 895 786 905 805; x_wconf 95' lang='lat'>‚</span> <span class='ocrx_word' id='word_1_52' title='bbox 949 764 1002 796; x_wconf 85' lang='lat' dir='ltr'><strong>ac</strong></span> <span class='ocrx_word' id='word_1_53' title='bbox 1040 747 1285 795; x_wconf 87' lang='lat' dir='ltr'><strong>naturalem</strong></span> <span class='ocrx_word' id='word_1_54' title='bbox 1329 747 1600 805; x_wconf 88' lang='lat' dir='ltr'><strong>libertatem,</strong></span> <span class='ocrx_word' id='word_1_55' title='bbox 1646 757 1697 794; x_wconf 90' lang='lat' dir='ltr'><strong>ut</strong></span> <span class='ocrx_word' id='word_1_56' title='bbox 1740 746 1788 793; x_wconf 91' lang='lat' dir='ltr'><strong>in</strong></span> 
     </span>
     <span class='ocr_line' id='line_1_8' title="bbox 318 820 1787 888; baseline -0.002 -16"><span class='ocrx_word' id='word_1_57' title='bbox 318 822 446 882; x_wconf 88' lang='lat' dir='ltr'><strong>aliis,</strong></span> <span class='ocrx_word' id='word_1_58' title='bbox 485 820 548 871; x_wconf 91' lang='lat' dir='ltr'><strong>ita</strong></span> <span class='ocrx_word' id='word_1_59' title='bbox 579 823 711 872; x_wconf 91' lang='lat' dir='ltr'><strong>etiam</strong></span> <span class='ocrx_word' id='word_1_60' title='bbox 735 824 781 871; x_wconf 90' lang='lat' dir='ltr'><strong>in</strong></span> <span class='ocrx_word' id='word_1_61' title='bbox 805 824 1101 873; x_wconf 88' lang='lat' dir='ltr'><strong>matrimoniis</strong></span> <span class='ocrx_word' id='word_1_62' title='bbox 1125 824 1363 888; x_wconf 86' lang='lat' dir='ltr'><strong>iungendis</strong></span> <span class='ocrx_word' id='word_1_63' title='bbox 1394 824 1674 888; x_wconf 81' lang='lat' dir='ltr'><strong>restringere.</strong></span> <span class='ocrx_word' id='word_1_64' title='bbox 1693 824 1787 870; x_wconf 86' lang='lat' dir='ltr'><strong>Iam</strong></span> 
     </span>
     <span class='ocr_line' id='line_1_9' title="bbox 319 898 1784 966; baseline 0.001 -19"><span class='ocrx_word' id='word_1_65' title='bbox 319 914 423 947; x_wconf 75' lang='lat' dir='ltr'><strong>vero</strong></span> <span class='ocrx_word' id='word_1_66' title='bbox 453 915 505 947; x_wconf 86' lang='lat' dir='ltr'><strong>eo</strong></span> <span class='ocrx_word' id='word_1_67' title='bbox 535 898 635 965; x_wconf 91' lang='lat' dir='ltr'><strong>ipso</strong></span> <span class='ocrx_word' id='word_1_68' title='bbox 668 900 788 966; x_wconf 90' lang='lat' dir='ltr'><strong>quod</strong></span> <span class='ocrx_word' id='word_1_69' title='bbox 805 901 926 948; x_wconf 86' lang='lat' dir='ltr'><strong>Deus</strong></span> <span class='ocrx_word' id='word_1_70' title='bbox 955 900 1174 966; x_wconf 89' lang='lat' dir='ltr'><strong>quaedam</strong></span> <span class='ocrx_word' id='word_1_71' title='bbox 1207 900 1545 948; x_wconf 89' lang='lat' dir='ltr'><strong>indeterminata</strong></span> <span class='ocrx_word' id='word_1_72' title='bbox 1577 899 1784 965; x_wconf 83' lang='lat' dir='ltr'><strong>reliquit,</strong></span> 
     </span>
     <span class='ocr_line' id='line_1_10' title="bbox 319 960 1791 1042; baseline 0 -20"><span class='ocrx_word' id='word_1_73' title='bbox 319 975 573 1023; x_wconf 86' lang='lat' dir='ltr'><strong>necessaria</strong></span> <span class='ocrx_word' id='word_1_74' title='bbox 596 992 697 1023; x_wconf 90' lang='lat' dir='ltr'><strong>esse</strong></span> <span class='ocrx_word' id='word_1_75' title='bbox 718 976 894 1024; x_wconf 86' lang='lat' dir='ltr'><strong>videtur</strong></span> <span class='ocrx_word' id='word_1_76' title='bbox 926 976 1107 1042; x_wconf 91' lang='lat' dir='ltr'><strong>publica</strong></span> <span class='ocrx_word' id='word_1_77' title='bbox 1133 976 1369 1024; x_wconf 89' lang='lat' dir='ltr'><strong>auctoritas</strong></span> <span class='ocrx_word' id='word_1_78' title='bbox 1393 993 1508 1041; x_wconf 89' lang='lat' dir='ltr'><strong>quae</strong></span> <span class='ocrx_word' id='word_1_79' title='bbox 1531 960 1687 1024; x_wconf 89' lang='lat' dir='ltr'><strong>saltem</strong></span> <span class='ocrx_word' id='word_1_80' title='bbox 1712 975 1791 1022; x_wconf 94' lang='lat' dir='ltr'><strong>de-</strong></span> 
     </span>
     <span class='ocr_line' id='line_1_11' title="bbox 320 1050 1786 1117; baseline -0.001 -19"><span class='ocrx_word' id='word_1_81' title='bbox 320 1050 526 1099; x_wconf 84' lang='lat' dir='ltr'><strong>terminet</strong></span> <span class='ocrx_word' id='word_1_82' title='bbox 543 1068 595 1099; x_wconf 90' lang='lat' dir='ltr'><strong>ac</strong></span> <span class='ocrx_word' id='word_1_83' title='bbox 611 1051 793 1099; x_wconf 87' lang='lat' dir='ltr'><strong>definiat</strong></span> <span class='ocrx_word' id='word_1_84' title='bbox 810 1069 862 1099; x_wconf 90' lang='lat' dir='ltr'><strong>ea</strong></span> <span class='ocrx_word' id='word_1_85' title='bbox 880 1068 996 1117; x_wconf 92' lang='lat' dir='ltr'><strong>quae</strong></span> <span class='ocrx_word' id='word_1_86' title='bbox 1014 1051 1204 1099; x_wconf 87' lang='lat' dir='ltr'><strong>naturali</strong></span> <span class='ocrx_word' id='word_1_87' title='bbox 1222 1051 1318 1115; x_wconf 90' lang='lat' dir='ltr'><strong>lege</strong></span> <span class='ocrx_word' id='word_1_88' title='bbox 1337 1068 1425 1099; x_wconf 92' lang='lat' dir='ltr'><strong>non</strong></span> <span class='ocrx_word' id='word_1_89' title='bbox 1443 1050 1553 1099; x_wconf 87' lang='lat' dir='ltr'><strong>satis</strong></span> <span class='ocrx_word' id='word_1_90' title='bbox 1566 1058 1786 1114; x_wconf 82' lang='lat' dir='ltr'><strong>constant.</strong></span> 
     </span>
     <span class='ocr_line' id='line_1_12' title="bbox 320 1125 1787 1194; baseline -0.001 -20"><span class='ocrx_word' id='word_1_91' title='bbox 320 1125 433 1184; x_wconf 84' lang='lat' dir='ltr'><strong>Quis</strong></span> <span class='ocrx_word' id='word_1_92' title='bbox 467 1126 585 1174; x_wconf 91' lang='lat' dir='ltr'><strong>enim</strong></span> <span class='ocrx_word' id='word_1_93' title='bbox 625 1127 887 1175; x_wconf 88' lang='lat' dir='ltr'><strong>determinet</strong></span> <span class='ocrx_word' id='word_1_94' title='bbox 925 1128 1107 1194; x_wconf 89' lang='lat' dir='ltr'><strong>quinam</strong></span> <span class='ocrx_word' id='word_1_95' title='bbox 1150 1127 1316 1192; x_wconf 90' lang='lat' dir='ltr'><strong>gradus</strong></span> <span class='ocrx_word' id='word_1_96' title='bbox 1350 1125 1787 1190; x_wconf 78' lang='lat' dir='ltr'><strong>consanguinitatis,</strong></span> 
     </span>
     <span class='ocr_line' id='line_1_13' title="bbox 318 1200 1794 1268; baseline 0 -19"><span class='ocrx_word' id='word_1_97' title='bbox 318 1202 466 1268; x_wconf 83' lang='lat' dir='ltr'><strong>quivis</strong></span> <span class='ocrx_word' id='word_1_98' title='bbox 488 1219 611 1251; x_wconf 90' lang='lat' dir='ltr'><strong>error</strong></span> <span class='ocrx_word' id='word_1_99' title='bbox 631 1202 702 1251; x_wconf 85' lang='lat' dir='ltr'><strong>vel</strong></span> <span class='ocrx_word' id='word_1_100' title='bbox 730 1221 976 1252; x_wconf 84' lang='lat' dir='ltr'><strong>consensus</strong></span> <span class='ocrx_word' id='word_1_101' title='bbox 1001 1204 1199 1252; x_wconf 83' lang='lat' dir='ltr'><strong>defectus</strong></span> <span class='ocrx_word' id='word_1_102' title='bbox 1228 1203 1557 1251; x_wconf 87' lang='lat' dir='ltr'><strong>matrimonium</strong></span> <span class='ocrx_word' id='word_1_103' title='bbox 1579 1200 1794 1250; x_wconf 72' lang='lat' dir='ltr'><strong>dirimat?</strong></span> 
     </span>
     <span class='ocr_line' id='line_1_14' title="bbox 318 1269 1794 1366; baseline 0 -40"><span class='ocrx_word' id='word_1_104' title='bbox 318 1280 432 1327; x_wconf 88' lang='lat' dir='ltr'><strong>Num</strong></span> <span class='ocrx_word' id='word_1_105' title='bbox 455 1280 656 1345; x_wconf 85' lang='lat' dir='ltr'><strong>privatus</strong></span> <span class='ocrx_word' id='word_1_106' title='bbox 686 1279 909 1366; x_wconf 75' lang='lat' dir='ltr'><strong>quisque?</strong></span> <span class='ocrx_word' id='word_1_107' title='bbox 931 1281 981 1327; x_wconf 91' lang='lat' dir='ltr'><strong>ld</strong></span> <span class='ocrx_word' id='word_1_108' title='bbox 1007 1298 1137 1328; x_wconf 91' lang='lat' dir='ltr'><strong>nemo</strong></span> <span class='ocrx_word' id='word_1_109' title='bbox 1160 1280 1299 1329; x_wconf 91' lang='lat' dir='ltr'><strong>dicet·</strong></span> <span class='ocrx_word' id='word_1_110' title='bbox 1328 1297 1434 1345; x_wconf 86' lang='lat' dir='ltr'><strong>ergo</strong></span> <span class='ocrx_word' id='word_1_111' title='bbox 1467 1279 1523 1328; x_wconf 90' lang='lat' dir='ltr'><strong>ad</strong></span> <span class='ocrx_word' id='word_1_112' title='bbox 1556 1269 1794 1327; x_wconf 79' lang='lat' dir='ltr'><strong>auctorita-</strong></span> 
     </span>
     <span class='ocr_line' id='line_1_15' title="bbox 319 1355 1639 1422; baseline -0.001 -18"><span class='ocrx_word' id='word_1_113' title='bbox 319 1366 407 1404; x_wconf 77' lang='lat' dir='ltr'><strong>tem</strong></span> <span class='ocrx_word' id='word_1_114' title='bbox 441 1355 666 1422; x_wconf 89' lang='lat' dir='ltr'><strong>publicam</strong></span> <span class='ocrx_word' id='word_1_115' title='bbox 700 1356 922 1422; x_wconf 88' lang='lat' dir='ltr'><strong>pertinere</strong></span> <span class='ocrx_word' id='word_1_116' title='bbox 956 1356 1157 1405; x_wconf 83' lang='lat' dir='ltr'><strong>divino</strong></span> <span class='ocrx_word' id='word_1_117' title='bbox 1145 1375 1245 1404; x_wconf 76' lang='lat' dir='ltr'><strong>lure</strong></span> <span class='ocrx_word' id='word_1_118' title='bbox 1284 1356 1522 1405; x_wconf 87' lang='lat' dir='ltr'><strong>dicendum</strong></span> <span class='ocrx_word' id='word_1_119' title='bbox 1555 1365 1639 1404; x_wconf 87' lang='lat' dir='ltr'><strong>est.</strong></span> 
     </span>
    </p>

    <p class='ocr_par' dir='ltr' id='par_1_3' title="bbox 317 1422 1797 2411">
     <span class='ocr_line' id='line_1_16' title="bbox 413 1422 1793 1499; baseline 0.001 -21"><span class='ocrx_word' id='word_1_120' title='bbox 413 1431 469 1480; x_wconf 86' lang='lat' dir='ltr'><strong>At</strong></span> <span class='ocrx_word' id='word_1_121' title='bbox 491 1432 637 1480; x_wconf 81' lang='lat' dir='ltr'><strong>facilis</strong></span> <span class='ocrx_word' id='word_1_122' title='bbox 660 1433 911 1498; x_wconf 88' lang='lat' dir='ltr'><strong>responsio.</strong></span> <span class='ocrx_word' id='word_1_123' title='bbox 939 1422 1113 1499; x_wconf 87' lang='lat' dir='ltr'><strong>Duplex</strong></span> <span class='ocrx_word' id='word_1_124' title='bbox 1137 1433 1254 1482; x_wconf 88' lang='lat' dir='ltr'><strong>enim</strong></span> <span class='ocrx_word' id='word_1_125' title='bbox 1278 1432 1349 1482; x_wconf 84' lang='lat' dir='ltr'><strong>vel</strong></span> <span class='ocrx_word' id='word_1_126' title='bbox 1373 1433 1553 1498; x_wconf 87' lang='lat' dir='ltr'><strong>abipso</strong></span> <span class='ocrx_word' id='word_1_127' title='bbox 1568 1431 1793 1480; x_wconf 81' lang='lat' dir='ltr'><strong>humanae</strong></span> 
     </span>
     <span class='ocr_line' id='line_1_17' title="bbox 317 1508 1793 1569; baseline 0 -13"><span class='ocrx_word' id='word_1_128' title='bbox 317 1508 543 1557; x_wconf 78' lang='lat' dir='ltr'><strong>societatis</strong></span> <span class='ocrx_word' id='word_1_129' title='bbox 577 1508 703 1557; x_wconf 89' lang='lat' dir='ltr'><strong>initio</strong></span> <span class='ocrx_word' id='word_1_130' title='bbox 737 1509 951 1558; x_wconf 83' lang='lat' dir='ltr'><strong>divinitus</strong></span> <span class='ocrx_word' id='word_1_131' title='bbox 986 1510 1226 1558; x_wconf 88' lang='lat' dir='ltr'><strong>constituta</strong></span> <span class='ocrx_word' id='word_1_132' title='bbox 1256 1520 1326 1558; x_wconf 88' lang='lat' dir='ltr'><strong>est</strong></span> <span class='ocrx_word' id='word_1_133' title='bbox 1359 1509 1625 1569; x_wconf 90' lang='lat' dir='ltr'><strong>auctoritas,</strong></span> <span class='ocrx_word' id='word_1_134' title='bbox 1663 1525 1793 1556; x_wconf 89' lang='lat' dir='ltr'><strong>sacra</strong></span> 
     </span>
     <span class='ocr_line' id='line_1_18' title="bbox 318 1573 1794 1651; baseline 0 -19"><span class='ocrx_word' id='word_1_135' title='bbox 318 1594 361 1632; x_wconf 88' lang='lat' dir='ltr'><strong>et</strong></span> <span class='ocrx_word' id='word_1_136' title='bbox 394 1583 566 1641; x_wconf 85' lang='lat' dir='ltr'><strong>civilis;</strong></span> <span class='ocrx_word' id='word_1_137' title='bbox 593 1594 638 1632; x_wconf 90' lang='lat' dir='ltr'><strong>et</strong></span> <span class='ocrx_word' id='word_1_138' title='bbox 669 1573 770 1650; x_wconf 87' lang='lat' dir='ltr'><strong>ipsa</strong></span> <span class='ocrx_word' id='word_1_139' title='bbox 803 1585 866 1633; x_wconf 90' lang='lat' dir='ltr'><strong>rei</strong></span> <span class='ocrx_word' id='word_1_140' title='bbox 901 1595 1060 1633; x_wconf 91' lang='lat' dir='ltr'><strong>natura</strong></span> <span class='ocrx_word' id='word_1_141' title='bbox 1093 1574 1290 1650; x_wconf 87' lang='lat' dir='ltr'><strong>postulat</strong></span> <span class='ocrx_word' id='word_1_142' title='bbox 1322 1595 1372 1651; x_wconf 88' lang='lat' dir='ltr'><strong>ut</strong></span> <span class='ocrx_word' id='word_1_143' title='bbox 1396 1584 1628 1650; x_wconf 87' lang='lat' dir='ltr'><strong>hominum</strong></span> <span class='ocrx_word' id='word_1_144' title='bbox 1650 1583 1794 1633; x_wconf 85' lang='lat' dir='ltr'><strong>socie-</strong></span> 
     </span>
     <span class='ocr_line' id='line_1_19' title="bbox 320 1659 1793 1725; baseline -0.001 -17"><span class='ocrx_word' id='word_1_145' title='bbox 320 1670 388 1709; x_wconf 86' lang='lat' dir='ltr'><strong>tas</strong></span> <span class='ocrx_word' id='word_1_146' title='bbox 422 1659 592 1725; x_wconf 88' lang='lat' dir='ltr'><strong>duplici</strong></span> <span class='ocrx_word' id='word_1_147' title='bbox 627 1659 714 1708; x_wconf 90' lang='lat' dir='ltr'><strong>hac</strong></span> <span class='ocrx_word' id='word_1_148' title='bbox 747 1661 1005 1709; x_wconf 88' lang='lat' dir='ltr'><strong>auctoritate</strong></span> <span class='ocrx_word' id='word_1_149' title='bbox 1038 1672 1230 1725; x_wconf 91' lang='lat' dir='ltr'><strong>regatur.</strong></span> <span class='ocrx_word' id='word_1_150' title='bbox 1259 1662 1352 1710; x_wconf 89' lang='lat' dir='ltr'><strong>Iam</strong></span> <span class='ocrx_word' id='word_1_151' title='bbox 1383 1678 1489 1710; x_wconf 84' lang='lat' dir='ltr'><strong>vero</strong></span> <span class='ocrx_word' id='word_1_152' title='bbox 1521 1659 1793 1708; x_wconf 86' lang='lat' dir='ltr'><strong>matrimonii</strong></span> 
     </span>
     <span class='ocr_line' id='line_1_20' title="bbox 317 1735 1794 1803; baseline 0 -19"><span class='ocrx_word' id='word_1_153' title='bbox 317 1735 571 1794; x_wconf 80' lang='lat' dir='ltr'><strong>vinculum,</strong></span> <span class='ocrx_word' id='word_1_154' title='bbox 607 1746 659 1785; x_wconf 91' lang='lat' dir='ltr'><strong>ut</strong></span> <span class='ocrx_word' id='word_1_155' title='bbox 691 1754 763 1785; x_wconf 87' lang='lat' dir='ltr'><strong>res</strong></span> <span class='ocrx_word' id='word_1_156' title='bbox 797 1747 956 1785; x_wconf 87' lang='lat' dir='ltr'><strong>natura</strong></span> <span class='ocrx_word' id='word_1_157' title='bbox 990 1755 1073 1786; x_wconf 90' lang='lat' dir='ltr'><strong>sua</strong></span> <span class='ocrx_word' id='word_1_158' title='bbox 1107 1755 1235 1786; x_wconf 91' lang='lat' dir='ltr'><strong>sacra</strong></span> <span class='ocrx_word' id='word_1_159' title='bbox 1269 1748 1312 1787; x_wconf 91' lang='lat' dir='ltr'><strong>et</strong></span> <span class='ocrx_word' id='word_1_160' title='bbox 1344 1736 1621 1803; x_wconf 79' lang='lat' dir='ltr'><strong>spiritualis,</strong></span> <span class='ocrx_word' id='word_1_161' title='bbox 1654 1735 1794 1784; x_wconf 90' lang='lat' dir='ltr'><strong>nulla-</strong></span> 
     </span>
     <span class='ocr_line' id='line_1_21' title="bbox 319 1812 1788 1879; baseline -0.001 -18"><span class='ocrx_word' id='word_1_162' title='bbox 319 1823 447 1861; x_wconf 86' lang='lat' dir='ltr'><strong>tenus</strong></span> <span class='ocrx_word' id='word_1_163' title='bbox 482 1812 539 1861; x_wconf 90' lang='lat' dir='ltr'><strong>ad</strong></span> <span class='ocrx_word' id='word_1_164' title='bbox 579 1813 755 1862; x_wconf 84' lang='lat' dir='ltr'><strong>civilem</strong></span> <span class='ocrx_word' id='word_1_165' title='bbox 771 1852 782 1871; x_wconf 90' lang='lat'><strong>,</strong></span> <span class='ocrx_word' id='word_1_166' title='bbox 821 1813 902 1862; x_wconf 89' lang='lat' dir='ltr'><strong>sed</strong></span> <span class='ocrx_word' id='word_1_167' title='bbox 941 1814 999 1862; x_wconf 91' lang='lat' dir='ltr'><strong>ad</strong></span> <span class='ocrx_word' id='word_1_168' title='bbox 1038 1831 1210 1862; x_wconf 90' lang='lat' dir='ltr'><strong>sacram</strong></span> <span class='ocrx_word' id='word_1_169' title='bbox 1255 1814 1559 1863; x_wconf 88' lang='lat' dir='ltr'><strong>auctoritatem</strong></span> <span class='ocrx_word' id='word_1_170' title='bbox 1602 1822 1788 1879; x_wconf 87' lang='lat' dir='ltr'><strong>spectat.</strong></span> 
     </span>
     <span class='ocr_line' id='line_1_22' title="bbox 317 1889 1797 1957; baseline 0.001 -22"><span class='ocrx_word' id='word_1_171' title='bbox 317 1889 363 1935; x_wconf 90' lang='lat' dir='ltr'><strong>Si</strong></span> <span class='ocrx_word' id='word_1_172' title='bbox 386 1890 505 1954; x_wconf 93' lang='lat' dir='ltr'><strong>quod</strong></span> <span class='ocrx_word' id='word_1_173' title='bbox 529 1907 634 1954; x_wconf 90' lang='lat' dir='ltr'><strong>ergo</strong></span> <span class='ocrx_word' id='word_1_174' title='bbox 657 1890 776 1938; x_wconf 90' lang='lat' dir='ltr'><strong>Deus</strong></span> <span class='ocrx_word' id='word_1_175' title='bbox 801 1890 1191 1938; x_wconf 90' lang='lat' dir='ltr'><strong>indeterminatum</strong></span> <span class='ocrx_word' id='word_1_176' title='bbox 1216 1890 1419 1957; x_wconf 88' lang='lat' dir='ltr'><strong>reliquit,</strong></span> <span class='ocrx_word' id='word_1_177' title='bbox 1449 1890 1488 1938; x_wconf 91' lang='lat' dir='ltr'><strong>si</strong></span> <span class='ocrx_word' id='word_1_178' title='bbox 1506 1908 1596 1956; x_wconf 89' lang='lat' dir='ltr'><strong>qua</strong></span> <span class='ocrx_word' id='word_1_179' title='bbox 1611 1889 1797 1937; x_wconf 89' lang='lat' dir='ltr'><strong>ulterior</strong></span> 
     </span>
     <span class='ocr_line' id='line_1_23' title="bbox 318 1964 1792 2031; baseline 0 -20"><span class='ocrx_word' id='word_1_180' title='bbox 318 1966 573 2014; x_wconf 90' lang='lat' dir='ltr'><strong>necessaria</strong></span> <span class='ocrx_word' id='word_1_181' title='bbox 596 1966 658 2014; x_wconf 88' lang='lat' dir='ltr'><strong>sit</strong></span> <span class='ocrx_word' id='word_1_182' title='bbox 679 1965 914 2030; x_wconf 80' lang='lat' dir='ltr'><strong>legislatio,</strong></span> <span class='ocrx_word' id='word_1_183' title='bbox 931 1984 1049 2031; x_wconf 89' lang='lat' dir='ltr'><strong>quae</strong></span> <span class='ocrx_word' id='word_1_184' title='bbox 1065 1984 1154 2015; x_wconf 90' lang='lat' dir='ltr'><strong>non</strong></span> <span class='ocrx_word' id='word_1_185' title='bbox 1177 1985 1322 2016; x_wconf 89' lang='lat' dir='ltr'><strong>meros</strong></span> <span class='ocrx_word' id='word_1_186' title='bbox 1346 1966 1501 2015; x_wconf 81' lang='lat' dir='ltr'><strong>civiles</strong></span> <span class='ocrx_word' id='word_1_187' title='bbox 1521 1964 1792 2013; x_wconf 88' lang='lat' dir='ltr'><strong>matrimonii</strong></span> 
     </span>
     <span class='ocr_line' id='line_1_24' title="bbox 318 2040 1794 2107; baseline 0 -19"><span class='ocrx_word' id='word_1_188' title='bbox 318 2040 518 2099; x_wconf 86' lang='lat' dir='ltr'><strong>effectus,</strong></span> <span class='ocrx_word' id='word_1_189' title='bbox 547 2041 625 2090; x_wconf 89' lang='lat' dir='ltr'><strong>sed</strong></span> <span class='ocrx_word' id='word_1_190' title='bbox 649 2042 800 2107; x_wconf 89' lang='lat' dir='ltr'><strong>ipsum</strong></span> <span class='ocrx_word' id='word_1_191' title='bbox 833 2041 1061 2091; x_wconf 88' lang='lat' dir='ltr'><strong>vinculum</strong></span> <span class='ocrx_word' id='word_1_192' title='bbox 1086 2042 1278 2100; x_wconf 88' lang='lat' dir='ltr'><strong>afficiat,</strong></span> <span class='ocrx_word' id='word_1_193' title='bbox 1307 2042 1354 2089; x_wconf 92' lang='lat' dir='ltr'><strong>id</strong></span> <span class='ocrx_word' id='word_1_194' title='bbox 1377 2059 1507 2091; x_wconf 91' lang='lat' dir='ltr'><strong>omne</strong></span> <span class='ocrx_word' id='word_1_195' title='bbox 1530 2051 1688 2089; x_wconf 89' lang='lat' dir='ltr'><strong>natura</strong></span> <span class='ocrx_word' id='word_1_196' title='bbox 1710 2057 1794 2089; x_wconf 87' lang='lat' dir='ltr'><strong>sua</strong></span> 
     </span>
     <span class='ocr_line' id='line_1_25' title="bbox 320 2116 1795 2184; baseline 0.001 -21"><span class='ocrx_word' id='word_1_197' title='bbox 320 2116 510 2182; x_wconf 89' lang='lat' dir='ltr'><strong>pertinet</strong></span> <span class='ocrx_word' id='word_1_198' title='bbox 525 2117 582 2164; x_wconf 89' lang='lat' dir='ltr'><strong>ad</strong></span> <span class='ocrx_word' id='word_1_199' title='bbox 600 2135 774 2166; x_wconf 89' lang='lat' dir='ltr'><strong>sacram</strong></span> <span class='ocrx_word' id='word_1_200' title='bbox 791 2117 914 2166; x_wconf 92' lang='lat' dir='ltr'><strong>illam</strong></span> <span class='ocrx_word' id='word_1_201' title='bbox 930 2118 1239 2167; x_wconf 88' lang='lat' dir='ltr'><strong>auctoritatem</strong></span> <span class='ocrx_word' id='word_1_202' title='bbox 1254 2156 1265 2176; x_wconf 95' lang='lat'><strong>,</strong></span> <span class='ocrx_word' id='word_1_203' title='bbox 1293 2136 1409 2184; x_wconf 91' lang='lat' dir='ltr'><strong>quae</strong></span> <span class='ocrx_word' id='word_1_204' title='bbox 1423 2117 1505 2166; x_wconf 88' lang='lat' dir='ltr'><strong>Dei</strong></span> <span class='ocrx_word' id='word_1_205' title='bbox 1523 2117 1704 2166; x_wconf 90' lang='lat' dir='ltr'><strong>nomine</strong></span> <span class='ocrx_word' id='word_1_206' title='bbox 1725 2134 1795 2164; x_wconf 87' lang='lat' dir='ltr'><strong>sa-</strong></span> 
     </span>
     <span class='ocr_line' id='line_1_26' title="bbox 318 2192 1795 2256; baseline 0.001 -16"><span class='ocrx_word' id='word_1_207' title='bbox 318 2208 442 2240; x_wconf 92' lang='lat' dir='ltr'><strong>crum</strong></span> <span class='ocrx_word' id='word_1_208' title='bbox 459 2209 513 2240; x_wconf 93' lang='lat' dir='ltr'><strong>ac</strong></span> <span class='ocrx_word' id='word_1_209' title='bbox 530 2192 787 2256; x_wconf 89' lang='lat' dir='ltr'><strong>religiosum</strong></span> <span class='ocrx_word' id='word_1_210' title='bbox 806 2193 1074 2243; x_wconf 88' lang='lat' dir='ltr'><strong>matrimonii</strong></span> <span class='ocrx_word' id='word_1_211' title='bbox 1093 2205 1365 2243; x_wconf 89' lang='lat' dir='ltr'><strong>contractum</strong></span> <span class='ocrx_word' id='word_1_212' title='bbox 1382 2193 1650 2251; x_wconf 88' lang='lat' dir='ltr'><strong>moderetur,</strong></span> <span class='ocrx_word' id='word_1_213' title='bbox 1665 2192 1795 2241; x_wconf 87' lang='lat' dir='ltr'><strong>adeo-</strong></span> 
     </span>
     <span class='ocr_line' id='line_1_27' title="bbox 318 2267 1796 2335; baseline 0.001 -20"><span class='ocrx_word' id='word_1_214' title='bbox 318 2285 407 2333; x_wconf 90' lang='lat' dir='ltr'><strong>que</strong></span> <span class='ocrx_word' id='word_1_215' title='bbox 418 2267 566 2316; x_wconf 90' lang='lat' dir='ltr'><strong>omnis</strong></span> <span class='ocrx_word' id='word_1_216' title='bbox 578 2267 798 2331; x_wconf 88' lang='lat' dir='ltr'><strong>legislatio</strong></span> <span class='ocrx_word' id='word_1_217' title='bbox 811 2270 868 2317; x_wconf 93' lang='lat' dir='ltr'><strong>de</strong></span> <span class='ocrx_word' id='word_1_218' title='bbox 880 2269 1150 2318; x_wconf 89' lang='lat' dir='ltr'><strong>matrimonii</strong></span> <span class='ocrx_word' id='word_1_219' title='bbox 1161 2269 1343 2319; x_wconf 85' lang='lat' dir='ltr'><strong>vinculo</strong></span> <span class='ocrx_word' id='word_1_220' title='bbox 1355 2269 1482 2318; x_wconf 90' lang='lat' dir='ltr'><strong>aDeo</strong></span> <span class='ocrx_word' id='word_1_221' title='bbox 1495 2268 1597 2335; x_wconf 91' lang='lat' dir='ltr'><strong>ipso</strong></span> <span class='ocrx_word' id='word_1_222' title='bbox 1610 2268 1704 2318; x_wconf 83' lang='lat' dir='ltr'><strong>sive</strong></span> <span class='ocrx_word' id='word_1_223' title='bbox 1716 2268 1796 2316; x_wconf 88' lang='lat' dir='ltr'><strong>im-</strong></span> 
     </span>
     <span class='ocr_line' id='line_1_28' title="bbox 320 2342 1788 2411; baseline 0.001 -21"><span class='ocrx_word' id='word_1_224' title='bbox 320 2343 511 2391; x_wconf 87' lang='lat' dir='ltr'><strong>mediate</strong></span> <span class='ocrx_word' id='word_1_225' title='bbox 527 2342 622 2392; x_wconf 82' lang='lat' dir='ltr'><strong>sive</strong></span> <span class='ocrx_word' id='word_1_226' title='bbox 639 2344 846 2402; x_wconf 89' lang='lat' dir='ltr'><strong>mediate,</strong></span> <span class='ocrx_word' id='word_1_227' title='bbox 862 2363 941 2411; x_wconf 91' lang='lat' dir='ltr'><strong>per</strong></span> <span class='ocrx_word' id='word_1_228' title='bbox 960 2363 1132 2394; x_wconf 88' lang='lat' dir='ltr'><strong>sacram</strong></span> <span class='ocrx_word' id='word_1_229' title='bbox 1151 2345 1457 2394; x_wconf 87' lang='lat' dir='ltr'><strong>auctoritatem</strong></span> <span class='ocrx_word' id='word_1_230' title='bbox 1473 2344 1788 2411; x_wconf 87' lang='lat' dir='ltr'><strong>proficiscitur.</strong></span> 
     </span>
    </p>

    <p class='ocr_par' dir='ltr' id='par_1_4' title="bbox 317 2418 1796 2868">
     <span class='ocr_line' id='line_1_29' title="bbox 414 2418 1795 2487; baseline 0.001 -21"><span class='ocrx_word' id='word_1_231' title='bbox 414 2418 483 2467; x_wconf 80' lang='lat' dir='ltr'><strong>Ad</strong></span> <span class='ocrx_word' id='word_1_232' title='bbox 516 2418 629 2468; x_wconf 91' lang='lat' dir='ltr'><strong>haec</strong></span> <span class='ocrx_word' id='word_1_233' title='bbox 661 2420 853 2479; x_wconf 90' lang='lat' dir='ltr'><strong>accedit,</strong></span> <span class='ocrx_word' id='word_1_234' title='bbox 891 2423 1013 2487; x_wconf 88' lang='lat' dir='ltr'><strong>quod</strong></span> <span class='ocrx_word' id='word_1_235' title='bbox 1045 2423 1166 2471; x_wconf 89' lang='lat' dir='ltr'><strong>Deus</strong></span> <span class='ocrx_word' id='word_1_236' title='bbox 1199 2422 1246 2470; x_wconf 90' lang='lat' dir='ltr'><strong>in</strong></span> <span class='ocrx_word' id='word_1_237' title='bbox 1280 2421 1476 2486; x_wconf 88' lang='lat' dir='ltr'><strong>coniugii</strong></span> <span class='ocrx_word' id='word_1_238' title='bbox 1514 2420 1795 2470; x_wconf 89' lang='lat' dir='ltr'><strong>institutione</strong></span> 
     </span>
     <span class='ocr_line' id='line_1_30' title="bbox 319 2495 1793 2561; baseline 0.001 -18"><span class='ocrx_word' id='word_1_239' title='bbox 319 2495 587 2544; x_wconf 90' lang='lat' dir='ltr'><strong>adumbrare</strong></span> <span class='ocrx_word' id='word_1_240' title='bbox 619 2495 706 2544; x_wconf 90' lang='lat' dir='ltr'><strong>sibi</strong></span> <span class='ocrx_word' id='word_1_241' title='bbox 741 2498 1043 2561; x_wconf 90' lang='lat' dir='ltr'><strong>proposuerit,</strong></span> <span class='ocrx_word' id='word_1_242' title='bbox 1082 2500 1323 2547; x_wconf 86' lang='lat' dir='ltr'><strong>immovero</strong></span> <span class='ocrx_word' id='word_1_243' title='bbox 1362 2498 1497 2547; x_wconf 89' lang='lat' dir='ltr'><strong>etiam</strong></span> <span class='ocrx_word' id='word_1_244' title='bbox 1539 2495 1793 2560; x_wconf 83' lang='lat' dir='ltr'><strong>significare</strong></span> 
     </span>
     <span class='ocr_line' id='line_1_31' title="bbox 320 2570 1796 2632; baseline 0 -13"><span class='ocrx_word' id='word_1_245' title='bbox 320 2571 514 2619; x_wconf 83' lang='lat' dir='ltr'><strong>futuram</strong></span> <span class='ocrx_word' id='word_1_246' title='bbox 556 2570 706 2619; x_wconf 86' lang='lat' dir='ltr'><strong>Divini</strong></span> <span class='ocrx_word' id='word_1_247' title='bbox 755 2571 883 2620; x_wconf 89' lang='lat' dir='ltr'><strong>Verbi</strong></span> <span class='ocrx_word' id='word_1_248' title='bbox 931 2573 1001 2621; x_wconf 90' lang='lat' dir='ltr'><strong>sui</strong></span> <span class='ocrx_word' id='word_1_249' title='bbox 1047 2574 1396 2623; x_wconf 88' lang='lat' dir='ltr'><strong>incarnationem</strong></span> <span class='ocrx_word' id='word_1_250' title='bbox 1429 2611 1440 2632; x_wconf 94' lang='lat'><strong>,</strong></span> <span class='ocrx_word' id='word_1_251' title='bbox 1488 2571 1553 2620; x_wconf 88' lang='lat' dir='ltr'><strong>uti</strong></span> <span class='ocrx_word' id='word_1_252' title='bbox 1599 2570 1796 2620; x_wconf 88' lang='lat' dir='ltr'><strong>declarat</strong></span> 
     </span>
     <span class='ocr_line' id='line_1_32' title="bbox 317 2644 1796 2714; baseline 0.001 -20"><span class='ocrx_word' id='word_1_253' title='bbox 317 2644 556 2713; x_wconf 79' lang='lat' dir='ltr'><strong>Apostolus</strong></span> <span class='ocrx_word' id='word_1_254' title='bbox 600 2649 686 2711; x_wconf 82' lang='lat'>(9).</span> <span class='ocrx_word' id='word_1_255' title='bbox 715 2646 831 2696; x_wconf 88' lang='lat' dir='ltr'><strong>Hinc</strong></span> <span class='ocrx_word' id='word_1_256' title='bbox 865 2647 976 2695; x_wconf 90' lang='lat' dir='ltr'><strong>illud</strong></span> <span class='ocrx_word' id='word_1_257' title='bbox 1009 2659 1059 2697; x_wconf 93' lang='lat' dir='ltr'><strong>ut</strong></span> <span class='ocrx_word' id='word_1_258' title='bbox 1092 2651 1272 2714; x_wconf 87' lang='lat' dir='ltr'><strong>signum</strong></span> <span class='ocrx_word' id='word_1_259' title='bbox 1306 2665 1483 2698; x_wconf 90' lang='lat' dir='ltr'><strong>sacrum</strong></span> <span class='ocrx_word' id='word_1_260' title='bbox 1528 2647 1593 2695; x_wconf 92' lang='lat' dir='ltr'><strong>rei</strong></span> <span class='ocrx_word' id='word_1_261' title='bbox 1641 2664 1796 2696; x_wconf 86' lang='lat' dir='ltr'><strong>sacrae</strong></span> 
     </span>
     <span class='ocr_line' id='line_1_33' title="bbox 320 2723 1786 2792; baseline 0 -21"><span class='ocrx_word' id='word_1_262' title='bbox 320 2723 533 2782; x_wconf 89' lang='lat' dir='ltr'><strong>instituit,</strong></span> <span class='ocrx_word' id='word_1_263' title='bbox 571 2724 777 2791; x_wconf 89' lang='lat' dir='ltr'><strong>quocirca</strong></span> <span class='ocrx_word' id='word_1_264' title='bbox 800 2741 828 2772; x_wconf 91' lang='lat' dir='ltr'><strong>a</strong></span> <span class='ocrx_word' id='word_1_265' title='bbox 850 2724 975 2773; x_wconf 88' lang='lat' dir='ltr'><strong>nulla</strong></span> <span class='ocrx_word' id='word_1_266' title='bbox 1002 2725 1200 2774; x_wconf 91' lang='lat' dir='ltr'><strong>humana</strong></span> <span class='ocrx_word' id='word_1_267' title='bbox 1216 2735 1431 2792; x_wconf 88' lang='lat' dir='ltr'><strong>potestate</strong></span> <span class='ocrx_word' id='word_1_268' title='bbox 1463 2723 1786 2789; x_wconf 86' lang='lat' dir='ltr'><strong>attingendum.</strong></span> 
     </span>
     <span class='ocr_line' id='line_1_34' title="bbox 320 2798 1788 2868; baseline 0.001 -20"><span class='ocrx_word' id='word_1_269' title='bbox 320 2798 415 2848; x_wconf 85' lang='lat' dir='ltr'><strong>Hoc</strong></span> <span class='ocrx_word' id='word_1_270' title='bbox 445 2817 549 2848; x_wconf 85' lang='lat' dir='ltr'><strong>vero</strong></span> <span class='ocrx_word' id='word_1_271' title='bbox 582 2800 760 2865; x_wconf 81' lang='lat' dir='ltr'><strong>signum</strong></span> <span class='ocrx_word' id='word_1_272' title='bbox 793 2800 839 2850; x_wconf 87' lang='lat' dir='ltr'><strong>in</strong></span> <span class='ocrx_word' id='word_1_273' title='bbox 871 2800 1050 2851; x_wconf 85' lang='lat' dir='ltr'><strong>vinculo</strong></span> <span class='ocrx_word' id='word_1_274' title='bbox 1084 2802 1284 2868; x_wconf 87' lang='lat' dir='ltr'><strong>praecise</strong></span> <span class='ocrx_word' id='word_1_275' title='bbox 1316 2801 1516 2852; x_wconf 85' lang='lat' dir='ltr'><strong>constitit</strong></span> <span class='ocrx_word' id='word_1_276' title='bbox 1547 2818 1627 2850; x_wconf 87' lang='lat' dir='ltr'><strong>seu</strong></span> <span class='ocrx_word' id='word_1_277' title='bbox 1651 2818 1788 2859; x_wconf 86' lang='lat' dir='ltr'><strong>nexu,</strong></span> 
     </span>
    </p>
   </div>
   <div class='ocr_carea' id='block_1_3' title="bbox 415 2899 654 2945">
    <p class='ocr_par' dir='ltr' id='par_1_5' title="bbox 415 2899 654 2945">
     <span class='ocr_line' id='line_1_35' title="bbox 415 2899 654 2945; baseline 0.013 -12"><span class='ocrx_word' id='word_1_278' title='bbox 415 2899 461 2942; x_wconf 83' lang='lat'><strong>(9)</strong></span> <span class='ocrx_word' id='word_1_279' title='bbox 482 2901 599 2945; x_wconf 64' lang='lat' dir='ltr'><strong>Ephoe.</strong></span> <span class='ocrx_word' id='word_1_280' title='bbox 613 2903 654 2936; x_wconf 88' lang='lat' dir='ltr'><strong>V.</strong></span> 
     </span>
    </p>
   </div>
  </div>
 </body>
</html>
