1980 3260
400 262 489 292 cair.
522 262 549 291 1.
580 260 675 291 GEN.
706 259 799 290 inm
836 257 998 290 rornsr.
1030 256 1194 289 nectas.
1225 258 1317 289 Αιιτ.
1343 259 1386 290 ιι.
1564 243 1622 288 23

161 339 279 385 enim
309 350 350 385 et
379 338 590 385 ccclesiae
619 337 674 383 ad
710 336 988 382 securitatem
1028 345 1095 380 est
1132 334 1265 390 utile,
1310 345 1353 382 et
1393 333 1625 381 haereticis

162 432 248 462 non
274 414 398 461 dabit
426 414 639 460 adversus
669 427 748 457 nos
776 426 951 465 ansam,
985 409 1115 472 quasi
1149 426 1227 472 per
1254 410 1467 474 peccandi
1496 409 1628 457 liber-

162 502 292 538 tatem
319 491 376 538 ad
403 506 484 536 nos
510 486 783 534 attrahamus
806 479 955 547 (25).»
977 484 1130 531 Cetera
1154 502 1270 549 quae
1289 486 1345 532 de
1361 487 1497 534 variis
1522 504 1626 534 con-

162 566 297 629 iugiis
324 562 505 611 disserit
525 580 563 609 s.
585 572 709 627 pater
726 561 771 607 in
788 571 976 625 utraque
1000 561 1212 608 canonica
1237 561 1426 625 epistola
1450 561 1628 608 silentio

162 650 402 706 praetereo.
438 638 568 684 Plura
602 638 706 684 item
746 636 1068 683 constituerunt
1110 653 1218 683 rom.
1248 636 1480 700 pontifices
1513 637 1630 683 circa

162 714 369 779 nptias,
408 714 523 760 inter
556 730 668 776 quos
696 730 734 759 s.
757 712 956 775 Syricius
990 711 1034 757 in
1071 712 1259 775 epistola
1292 713 1347 759 ad
1384 713 1628 759 Himerium

161 789 420 853 episcopum
449 798 806 834 tarraconensem
831 786 1003 832 irritum
1035 787 1230 838 declarat
1259 788 1512 851 coniugium
1537 797 1631 835 mo·-

162 865 402 912 nachorum
424 902 433 918 ,
473 874 602 927 prout
634 862 803 908 iamdiu
843 872 1067 926 receptum
1106 872 1199 909 erat
1232 863 1326 910 sive
1353 863 1398 908 in
1428 864 1630 911 orientali

162 941 257 988 sive
281 940 327 986 in
351 938 613 987 occidentali
637 937 827 985 ecclesia
857 939 973 999 (26),
995 955 1077 984 nec
1096 954 1183 985 non
1203 937 1482 985 sacerdotum
1502 956 1553 986 ac
1571 939 1633 988 le-‘

164 1016 353 1063 vitarum
367 1016 484 1077 (27),
501 1013 684 1078 perinde
709 1031 760 1060 ac
778 1013 823 1060 in
841 1013 1027 1077 epistola
1047 1013 1101 1059 ad
1121 1013 1248 1060 Afros
1279 1015 1394 1076 (28).
1418 1014 1483 1060 lta
1499 1013 1632 1061 etiam

164 1109 215 1139 se
241 1090 381 1154 gessit
407 1108 445 1137 s.
475 1089 755 1136 Innocentius
789 1090 824 1135 Ι.
858 1090 974 1151 (29),
997 1098 1039 1135 et
1065 1106 1102 1135 s.
1119 1089 1203 1136 Leo
1220 1089 1277 1134 M.
1301 1090 1417 1151 (30);
1440 1099 1490 1135 ut
1511 1090 1634 1136 omit-

164 1177 275 1222 tam,
305 1184 421 1231 quae
440 1175 686 1213 statuerunt
709 1165 898 1213 concilia
922 1182 1036 1230 quae
1063 1175 1220 1229 quarto
1236 1171 1282 1212 et'·
1297 1165 1452 1229 quinto
1483 1165 1633 1212 seculo

162 1242 382 1290 celebrata
405 1253 532 1298 sunt,
561 1259 659 1290 cum
695 1242 751 1288 de
779 1242 852 1289 his
880 1252 1035 1306 postea
1063 1252 1259 1288 recurrat
1285 1258 1430 1289 sermo
1455 1241 1634 1306 quando

163 1319 220 1365 de
260 1318 588 1383 impedimentis
623 1318 960 1375 dirimentibus,
1003 1318 1349 1381 eorumdemque
1382 1318 1634 1366 statuendo·

166 1412 263 1442 rum
303 1406 518 1460 potestate
551 1396 822 1444 disseremus
847 1398 963 1458 (31).

200 1497 201 1501 =
263 1470 329 1516 Ex
362 1470 434 1517 his
459 1471 771 1528 nihilominus,
801 1488 916 1536 quae
939 1471 1154 1518 hactenus
1179 1471 1442 1536 protulimus
1469 1481 1544 1518 aut
1568 1471 1635 1517 in—

163 1546 426 1603 dicavimus,
449 1547 555 1594 satis
578 1557 765 1612 apparet
781 1548 943 1595 veritas
963 1564 1130 1604 eorum,
1155 1565 1269 1611 quae
1294 1548 1631 1603 affirmavimus,

167 1634 259 1670 tum
287 1641 445 1688 nempe
461 1641 488 1670 a
504 1624 646 1689 prima
673 1624 892 1671 ecclesiaev
910 1624 1107 1688 periodo,
1131 1641 1246 1688 quae
1273 1623 1357 1671 sub
1384 1623 1635 1688 principum

168 1699 476 1763 persecutione
503 1700 728 1757 decurrit,
761 1711 853 1747 tum
883 1700 928 1746 in
958 1699 1119 1757 altera,
1162 1717 1276 1764 quae
1310 1699 1507 1764 ipsorum
1535 1716 1636 1746 con·

167 1775 413 1823 versionem
448 1776 687 1823 subsecuta
721 1786 814 1833 est,
853 1774 1086 1823 ecclesiam
1119 1793 1200 1824 suo
1230 1776 1433 1831 nomine,
1466 1781 1638 1840 suaque

168 1851 451 1908 auctoritate,
480 1869 532 1899 ac
560 1852 658 1899 sine
681 1851 772 1899 ullo
798 1851 854 1898 ad
885 1851 1106 1916 politicam
1137 1860 1394 1916 potestatem
1430 1860 1635 1915 respectu

170 1927 491 1990 legislationem
527 1929 755 1993 propriam
789 1929 1075 1976 constituisse
1104 1928 1222 1975 circa
1251 1927 1449 1974 fidelium
1484 1921 1639 1974 coniu-

168 2003 289 2066 gium
307 2042 317 2061 ,
351 2004 470 2069 quod
499 2004 659 2068 iugiter
682 2006 747 2052 uti
778 2015 1103 2052 sacramentum
1126 2003 1212 2051 sibi
1236 2003 1638 2051 administrandum

168 2096 226 2127 ac⁴
255 2080 575 2128 moderandum
611 2098 637 2127 a
670 2081 847 2128 Christo
884 2081 1093 2127 traditum
1131 2080 1369 2145 spectavit,
1404 2080 1513 2144 quin
1548 2080 1639 2130 ullo

170 2156 302 2204 modo
330 2157 451 2204 civili
481 2158 686 2222 potestati
718 2157 1024 2205 subiiceretur.

199 2264 214 2274 ’Ὗ
229 2270 233 2273 ’
267 2287 332 2328 (25)
353 2287 452 2328 Epist.
471 2288 669 2319 CLXXVIII.
686 2296 758 2320 can.
776 2292 806 2320 6.
822 2289 869 2320 De
886 2287 999 2320 eodem
1023 2267 1213 2328 argumento¹
1230 2286 1363 2319 disserit
1376 2287 1410 2318 in
1428 2286 1529 2320 altera
1546 2285 1639 2328 epist.

95 2386 99 2390 .
166 2340 224 2372 cit.
239 2346 312 2372 can.
330 2343 379 2372 18.
397 2339 484 2376 Quid
500 2342 751 2372 canonicor-um
765 2341 895 2372 nomine
909 2349 936 2372 s.
952 2340 1088 2373 Basilius
1104 2339 1282 2381 significet,
1298 2339 1484 2384 ambiguum
1505 2338 1643 2371 videtur.

168 2395 312 2428 zonam
331 2394 364 2426 et
380 2393 550 2425 Balsamon
574 2394 775 2426 contendunt
793 2394 853 2426 sub
874 2395 934 2426 liac
949 2394 1162 2435 appellatione
1182 2394 1341 2434 designari
1360 2394 1511 2432 clericos,
1532 2395 1640 2424 mona·

171 2446 251 2488 chos
263 2455 301 2491 ac
315 2446 456 2488 virgines
469 2448 536 2479 Deo
548 2455 625 2479 cons
628 2449 769 2488 ecratas;
783 2449 817 2480 at
830 2448 995 2480 maurinus
1008 2447 1112 2480 editor
1125 2447 1211 2479 solas
1226 2447 1366 2488 virgines
1381 2455 1489 2480 sacras
1501 2444 1642 2479 ostendit

171 2487 346 2540 designari.

266 2552 335 2593 (26)
355 2553 454 2594 Epist.
468 2554 521 2585 Vl.
538 2553 624 2594 apud
639 2554 796 2586 coustant
808 2555 917 2595 Epist.
930 2562 1017 2586 rom.
1028 2552 1158 2595 pontis.
1175 2553 1237 2585 eol.
1255 2557 1325 2585 629.

272 2606 338 2645 (27)
358 2605 442 2637 Ibid.
461 2614 532 2647 cap.
548 2608 620 2638 Vll.

269 2657 335 2697 (28)
354 2657 438 2690 lbid.
455 2658 558 2699 Epist.
575 2660 615 2691 V.
631 2667 702 2699 cap.
717 2660 760 2691 Π.
774 2667 807 2690 n.
824 2663 853 2691 a.
871 2659 933 2692 col.
948 2664 1020 2692 655.

270 2710 338 2751 (29)
359 2711 460 2752 Epist.
475 2711 516 2744 ad
534 2711 674 2743 Probum
688 2712 751 2744 col.
767 2716 844 2745 909.

273 2762 339 2803 (8⁰)
359 2763 460 2804 Epist
476 2762 519 2796 ad
538 2763 704 2796 Rusticum
722 2763 819 2796 Narb.
834 2764 886 2797 ed.
901 2764 1053 2797 Ballerin
1065 2765 1222 2796 Cvall
1239 2771 1268 2794 c.
1286 2767 1315 2795 3.
1330 2761 1392 2794 col.
1414 2765 1490 2794 1415
1511 2770 1602 2803 seqq

269 2818 336 2857 (zi)
354 2818 489 2853 Interim
502 2817 553 2854 Cf.
567 2818 699 2850 Bianchi
718 2817 818 2851 Delta
833 2818 970 2859 potesta
984 2827 1001 2851 e
1017 2817 1114 2851 della
1129 2816 1266 2859 poltzia
1286 2816 1382 2849 della
1405 2816 1531 2849 chiesa
1549 2818 1649 2848 Roma

178 2870 790 2912 ᾹἹΜῐΜΜἿραΓΙΙωρῦδΙ
