1980 3260
244 229 338 260 cn.
352 229 398 260 11.
417 228 469 261 nn
487 228 626 261 νοτες.
643 229 779 262 rnmc.
798 229 879 261 ru).
895 229 978 260 cm.
996 229 1120 260 nnn.
1139 228 1302 260 cnmsr.
1322 228 1413 260 Am.
1435 228 1462 258 ι.
1538 212 1624 258 371

263 307 351 354 Nec
374 307 558 355 minoris
577 307 786 372 ponderis
803 318 907 355 sunt
923 324 1038 372 quae
1056 316 1297 371 suppetunt
1313 322 1366 351 ex
1384 302 1562 368 regibus
1580 312 1631 352 ac

165 382 506 447 imperatoribus
529 383 1178 438 occidentalibus'documenta‚
1200 381 1318 446 quod
1344 380 1432 445 ipsi
1457 379 1630 443 legibus

165 457 260 505 suis
278 475 498 506 canonum
522 458 736 506 ecclesiae
747 459 960 506 custodes
978 465 1031 505 ac
1046 457 1247 505 vindices
1266 455 1627 504 seexhibuerint.

263 534 438 582 Etenim
484 534 530 580 in
563 535 882 600 capitularibus
926 542 1078 598 regum
1124 533 1371 581 francorum
1416 531 1635 579 habentur

163 608 408 657 constituta
431 610 548 672 regis
566 609 813 657 Chariberti
838 610 940 657 data
963 610 1083 658 circa
1105 610 1299 657 an.554.
1319 609 1363 655 in
1380 607 1543 674 quibus
1569 607 1634 654 sic

166 682 464 732 ref-mentem
489 701 616 731 suam
641 686 796 750 aperit.
820 686 909 732 «Et
941 685 1049 749 quia
1082 691 1265 732 necesse
1287 694 1381 740 est,
1409 694 1457 731 ut
1480 683 1629 747 plebs,

162 758 560 824 quaesacerdotis
595 771 873 825 praeceptum
907 778 995 808 non
1030 761 1091 807 ita
1109 798 1119 816 ‚
1147 768 1413 823 ut=oportet‚
1441 758 1633 806 custodit

162 835 316 883 nost'm
348 833 480 881 etiam
505 835 750 897 corrigatur
772 835 960 899 imperio
987 837 1138 897 (38).»
1156 835 1222 881 En
1245 851 1465 881 canonum
1489 843 1633 881 custo-

162 910 265 959 dem
299 911 343 957 e't
375 909 614 957 vindicem.

197 1000 200 1004 ·
241 986 307 1032 tS.
331 984 567 1049 Gregorius
593 985 844 1033 turonensis
871 986 1001 1034 refert
1033 985 1384 1048 obiurgationem
1408 1001 1435 1031 a
1458 982 1636 1047 chilpe-

161 1062 257 1110 rico
274 1075 375 1126 nege
391 1061 553 1109 factam
563 1061 836 1110 Praetextato
860 1061 1190 1126 rhotomagensi
1213 1060 1426 1125 episcopo
1451 1060 1523 1107 his
1546 1077 1638 1107 ver-

163 1137 258 1186 bis:
282 1137 431 1194 «Quid
455 1137 534 1186 tibi
558 1137 704 1186 visum
737 1149 830 1195 est,
858 1155 885 1186 o
908 1138 1133 1204 episcope,
1161 1146 1211 1185 ut
1234 1136 1462 1184 inimicum
1487 1149 1635 1183 meum

164 1214 472 1262 Merovechum
490 1252 501 1271 ,
528 1215 607 1280 qui
633 1213 752 1263 filius
777 1231 877 1263 esse
910 1214 1146 1271 debuerat,
1172 1231 1274 1262 cum
1298 1213 1436 1262 amita
1458 1230 1563 1269 sua,
1594 1212 1636 1259 id

162 1300 238 1339 est
268 1306 370 1339 cum
403 1290 549 1355 patrui
584 1291 654 1338 sui
687 1308 844 1348 uxore,
878 1289 1202 1355 coniungeres?
1220 1290 1288 1336 An
1311 1289 1493 1353 ignarus
1516 1305 1633 1343 eras.

162 1383 284 1431 quae
301 1382 386 1431 pro
409 1365 496 1414 hac
518 1383 655 1415 causa
678 1385 888 1414 canonum
903 1375 1068 1414 statuta
1089 1365 1374 1414 sanxissent?
1389 1367 1518 1428 (39)»
1540 1365 1636 1413 Non

165 1441 223 1532 ad
257 1440 402 1505 leges,
440 1442 519 1489 sed
554 1442 610 1489 ad
644 1459 836 1490 canones
872 1442 1141 1507 provocavit.
1581 1454 1583 1456 ’

258 1516 385 1565 Idem
402 1521 509 1582 erga
524 1534 719 1566 canones
741 1518 1006 1583 obsequium
1030 1517 1226 1566 ostendit
1241 1516 1492 1564 chlotarius
1512 1517 1568 1565 ll
1592 1515 1637 1562 in

162 1609 297 1641 conc..
310 1592 558 1658 parisiensi
576 1599 648 1640 an.
673 1595 782 1640 615.
806 1594 987 1642 dicens:
1014 1594 1238 1658 «ideoque
1260 1592 1536 1642 definitionis
1561 1608 1637 1643 no-

162 1679 283 1717 strae
297 1679 368 1717 est
381 1679 454 1726 ‚ut
467 1684 684 1717 canonum
699 1680 864 1718 statuta
878 1671 922 1717 in
936 1670 1144 1719 omn-ibus
1157 1679 1471 1718 conserventur
1486 1669 1581 1730 (40)
1591 1687 1634 1713 ».

199 1746 202 1750 ’
260 1744 322 1791 ln·
345 1743 443 1807 lege
460 1743 880 1809 longobardica-lib.
905 1747 962 1794 ΙΙ.
986 1764 1025 1793 c.
1053 1748 1097 1793 8.
1118 1745 1307 1809 legitur:
1336 1744 1480 1800 «Quia
1512 1760 1640 1792 cano-
1685 1777 1687 1780 -

165 1824 246 1869 nes
277 1820 345 1869 sic
378 1819 544 1869 habent
575 1822 632 1869 de
661 1821 836 1870 duabus
860 1823 1112 1880 sororibus,
1135 1823 1257 1870 ‘sicut
1278 1822 1334 1870 de
1358 1820 1534 1869 duobus
1558 1820 1640 1868 sra-

163 1897 307 1945 tribus
327 1898 486 1960 (41).»
509 1898 681 1946 Deinde
705 1898 774 1946 lex
801 1899 1091 1947 subnectitur.

235 1976 238 1979 ’
261 1973 314 2020 ln
331 1973 522 2022 concil-'io
538 1974 784 2040 liptiniensi
802 1993 876 2023 an.
898 1977 1007 2022 783.
1027 1975 1110 2023 sub
1129 1975 1308 2023 nomine
1324 1973 1636 2022 Karolomanni

164 2049 386 2116 principis
409 2051 655 2116 capitulare
674 2052 731 2099 ΙΙ.
749 2069 789 2100 e.
811 2054 854 2100 3.
875 2052 987 2100 haec
1006 2051 1224 2100 habentur
1238 2058 1266 2096 1«
1276 2049 1489 2098 Similiter
1518 2066 1640 2114 praes

162 2233 168 2237 .
260 2205 328 2247 (38)
347 2206 388 2239 ln
406 2213 493 2238 nova
527 2206 656 2239 collect.
685 2207 861 2241 Baluziana
884 2205 1145 2248 capitularium
1166 2212 1293 2247 requm
1313 2204 1478 2246 francor.
1506 2206 1584 2236 tom.
1615 2205 1637 2235 l.

163 2265 236 2299 pag.
257 2262 286 2290 ι.

259 2310 328 2351 (39)
348 2308 682 2351 Historiasrancor.
699 2312 757 2345 lib.
773 2314 813 2344 v.
829 2319 858 2344 c
876 2314 962 2346 mx.
980 2311 1031 2345 ed.
1049 2311 1139 2344 Paris
1155 2316 1244 2345 1699
1257 2304 1329 2353 pag
1348 2315 1418 2344 22¹2.

262 2364 328 2404 (4⁰)
351 2365 387 2396 ln
409 2364 544 2397 collect.
559 2365 681 2397 Baluzii
698 2367 777 2397 tom.
796 2367 821 2397 l.
833 2374 905 2407 pag.
919 2370 970 2398 21.

260 2416 328 2457 (41)
348 2417 399 2450 Cf.
420 2417 454 2449 in
480 2417 601 2450 codice
623 2418 737 2459 lequm
758 2420 998 2460 antiquarum.
1024 2418 1228 2451 Francosurti
1253 2419 1452 2458 1612.Leqes
1468 2415 1643 2456 lonyobar-

161 2468 290 2502 dorum
305 2469 361 2502 lib.
378 2471 419 2501 11.
436 2470 487 2503 tit.
502 2472 588 2503 Vlll.
607 2473 656 2503 De
668 2471 855 2512 prohibitis
877 2472 1010 2512 nuptiis
1025 2480 1043 2503 c
1068 2476 1097 2504 3.
1115 2480 1188 2512 pag.
1203 2476 1274 2504 593.
1295 2470 1420 2502 Similia
1431 2469 1481 2500 liis
1496 2469 1642 2509 leguntur

164 2520 249 2553 ibid.
266 2523 326 2553 Ex.
342 2530 392 2562 gr.
409 2530 479 2564 cap.
500 2524 541 2556 11,
567 2535 582 2551 e«
595 2523 848 2564 consobrinam,
870 2526 999 2565 neptem
1014 2548 1024 2564 ‚
1046 2532 1219 2556 novercam
1231 2548 1241 2563 ,
1266 2523 1376 2555 fratris
1397 2529 1530 2553 uxorem
1548 2544 1557 2559 ‚
1588 2519 1638 2551 vel

165 2574 266 2606 etiam
287 2574 328 2607 de
348 2576 479 2617 propria
500 2577 706 2618 cognatione,
722 2578 779 2609 aut
792 2585 893 2618 quam
907 2579 1064 2618 cognatus
1079 2577 1246 2615 habuerit,
1263 2576 1373 2607 nullus
1388 2573 1505 2606 audeat
1520 2574 1553 2605 in
1567 2581 1640 2604 cou-

170 2627 258 2669 iugio
281 2629 447 2670 copulare.
472 2629 507 2662 Si
527 2630 602 2671 quis
621 2630 698 2662 huic
717 2630 776 2663 tali
797 2631 920 2663 nefario
941 2631 1092 2672 coniugio
1113 2641 1149 2664 se
1168 2629 1392 2668 coniunxerit,
1405 2629 1438 2659 et
1457 2628 1490 2658 in
1511 2635 1549 2659 eo
1570 2636 1639 2668 per-

167 2680 334 2722 manserit,
346 2683 439 2715 seia!
452 2691 488 2715 se
500 2683 686 2725 episcopali
697 2685 909 2717 auctoritate
917 2684 1153 2718 anamematis
1166 2683 1308 2716 vincum
1320 2690 1390 2713 esse
1401 2679 1640 2712 innodatum.»

163 2733 199 2765 et
213 2741 285 2775 cap.
300 2739 348 2767 12
353 2737 420 2768 «De
433 2735 485 2769 his
495 2736 791 2778 coniunctionibus,
807 2745 898 2779 quae
908 2737 1104 2770 secundum
1116 2745 1265 2770 canones
1279 2734 1440 2768 ecclesiae
1456 2734 1489 2765 et
1499 2732 1641 2766 edictum

162 2786 335 2827 copulatae
362 2796 431 2821 esse
457 2797 522 2822 non
552 2791 709 2830 possunt,
733 2790 856 2856 placuit
884 2790 1000 2830 nobis,
1023 2792 1060 2824 ut
1081 2790 1121 2823 ab
1142 2789 1282 2822 invicem
1311 2787 1537 2828 separentur.
1521 2785 1641 2818 »ibid

166 2847 239 2880 pag.
258 2843 328 2874 595.
