1980 3260
209 226 301 261 cir.
320 230 363 262 11.
384 229 437 262 nr.
454 230 593 263 rores.
613 230 751 268 imme.
770 230 851 263 rm.
871 230 952 264 cm.
971 230 1441 264 uATR.c}1msfr.Am·.n.
1505 215 1598 262 3⁹3

130 307 358 356 vincerent
391 307 582 372 theologi
618 309 809 366 externi3
848 326 979 357 secus
1000 325 1103 358 vero
1127 309 1345 362 siintima
1376 309 1595 357 rationum

131 394 354 432 momenta
380 383 687 450 expendantur
713 383 878 449 quibus
906 384 1011 448 galli
1048 384 1318 442 innituntur3
1351 384 1492 451 quasi
1511 383 1601 433 sci-.

133 458 234 506 licet
258 460 494 507 auctoritas
524 477 611 508 non
640 459 781 508 firmis
805 460 1015 508 niteretur
1039 460 1282 509 rationibus
1299 499 1309 518 ‚
1337 460 1601 525 praesertim

133 552 234 582 cum
254 535 340 582 hae
363 535 591 582 desumtae
610 535 700 583 sint
717 553 876 600 magna
891 554 944 584 ex
962 546 1084 602 parte
1103 554 1130 584 a
1146 554 1256 585 rom.
1280 536 1566 602 pontificibus
1583 569 1600 595 ‚-

131 610 498 659 BenedictoXlV.
526 613 643 674 (79).
665 621 709 659 et
731 611 906 659 PioVI.
934 629 1049 678 quae
1077 623 1180 661 sunt
1208 612 1317 661 satis
1346 612 1599 679 explicitae.-

134 685 340 752 Fidenter
366 686 500 734 nimis
528 687 792 752 pronunciat
819 687 991 736 felicius
1018 706 1120 736 sese
1147 688 1357 753 expedire
1377 688 1518 753 gallos
1542 687 1602 736 ab

132 761 466 810 auctoritatibus
483 800 493 820 ,
525 780 658 827 quam
682 764 851 811 externi
868 781 896 812 a
913 764 1159 812 rationibus
1181 764 1423 828 gallorum;
1444 764 1604 823 „cuius-

131 838 250 899 modi
274 856 378 887 vero
401 838 490 886 sint
512 855 667 902 graves
691 839 809 888 adeo·
825 840 1018 890 rationes
1041 841 1205 906 quibus
1223 841 1408 889 fulciunt
1423 851 1601 889 senten-

136 915 245 982 tiam
268 932 399 964 suam
427 914 534 979 galli
552 953 562 972 ‚
583 915 716 963 modo
739 916 1058 982 expendimus;
1080 927 1272 978 attamen
1291 917 1376 965 hac
1393 917 1450 965 de
1466 933 1605 965 causa

136 993 233 1058 ipse
260 991 489 1057 profitetur
517 1009 566 1040 se
593 991 835 1040 adhaerere
868 1003 1092 1058 tamquam
1122 993 1408 1058 probabiliori
1433 1002 1604 1041 senten·

138 1069 226 1121 tiae
257 1068 488 1134 gallorum.
1343 1117 1347 1125 ,

232 1146 390 1193 Verum
419 1144 494 1193 hic
521 1162 609 1193 non
637 1145 758 1194 stetit
782 1157 934 1195 auctor
954 1156 1132 1205 noster,
1166 1146 1246 1195 sed
1272 1156 1400 1195 vocat
1425 1156 1602 1194 senten-

139 1222 245 1270 tiam
274 1221 488 1285 gallorum
528 1222 573 1268 in
603 1222 726 1286 praxi
751 1224 980 1280 tutiorem,
1019 1223 1155 1289 idque
1187 1223 1389 1271 evincere
1422 1232 1609 1270 conatur-

138 1298 222 1350 hoc
239 1308 496 1362 argumento
512 1298 631 1364 quod
649 1299 879 1364 profitetur
897 1317 946 1347 se
963 1299 1169 1365 amplecti
1187 1317 1287 1348 cum
1298 1300 1463 1356 Baston
1481 1299 1598 1362 (80).

136 1374 218 1437 Est
241 1384 387 1431 autem
416 1374 662 1424 eiusmodi:
689 1395 712 1421 α
728 1376 880 1423 Tutior
906 1375 1024 1424 enim
1054 1375 1143 1424 dici
1172 1375 1304 1424 debet
1331 1371 1388 1423 ea¹
1419 1375 1572 1440 opinio
1590 1412 1602 1431 ‚

137 1466 278 1515 quae,
307 1449 451 1515 posito
479 1450 599 1515 quod
626 1448 740 1498 falsa
770 1461 915 1508 esset,
954 1450 1102 1500 minus
1131 1449 1313 1499 haberet
1341 1449 1526 1515 periculi
1562 1460 1606 1497 et

137 1525 438 1575 incommodi..
458 1525 591 1591 Atqui
628 1525 729 1574 talis
761 1536 830 1574 est
856 1526 1073 1591 gallorum
1105 1526 1288 1591 opinio,
1323 1542 1605 1591 quacumque

138 1619 189 1650 ex
218 1612 344 1667 parte
371 1612 616 1667 spectetur,
655 1602 749 1650 sive
775 1603 923 1667 quoad
950 1603 1173 1668 principes
1192 1641 1202 1660 ‚
1231 1602 1326 1651 sive
1353 1602 1501 1667 quoad
1531 1618 1604 1649 ec-

137 1678 345 1735 clesiam,
378 1677 644 1743 sive-quoad
673 1678 972 1735 sacerdotem,
1001 1678 1095 1727 sive
1121 1678 1268 1744 quoad
1297 1677 1608 1726 contrahentes

139 1755 291 1819 ipsos:
323 1753 442 1820 quod
477 1754 542 1802 sic
573 1754 764 1802 breviter
796 1755 990 1803 ostendit
1029 1755 1282 1818 (Baston)‚
1312 1752 1611 1819 comparando.

139 1830 223 1878 sub
269 1830 549 1896 quadruplici
594 1841 796 1896 respectu
842 1831 1075 1896 utriusque
1118 1831 1258 1896 partis
1307 1830 1607 1878 incommoda.-

141 1909 184 1953 1.
216 1906 370 1963 Quoad
413 1907 638 1972 principes
667 1927 678 1964 ;
716 1907 860 1972 posito
898 1908 1019 1973 quod
1054 1919 1204 1955 nostra
1241 1908 1462 1955 sententia
1494 1906 1608 1953 falsa

140 1983 223 2042 sit,
252 1994 295 2049 et
318 1984 363 2030 in
388 1983 512 2048 praxi
543 1993 768 2040 teneatur,
800 1983 1079 2048 principibus
1099 1983 1169 2031 ius
1186 1983 1317 2031 datur
1333 2021 1344 2040 ,
1372 1982 1483 2048 ipsis
1506 1981 1608 2047 qui-

236 2158 301 2199 (79)
323 2159 406 2191 Sane
426 2158 619 2191 Benedictus
633 2160 718 2191 xlv.
731 2159 801 2191 tum
817 2159 850 2190 in
866 2158 981 2191 litteris
1001 2158 1041 2190 ad
1060 2156 1392 2190 card.Eboracensem
1406 2155 1458 2188 die
1473 2160 1504 2189 9.
1515 2154 1608 2187 Febr.

145 2214 232 2244 1749.
251 2213 320 2244 tum
341 2211 373 2243 in
387 2219 482 2252 opere
500 2212 548 2242 De
562 2210 704 2252 synodo,
719 2211 907 2251 praesertim
922 2211 978 2243 lib.
990 2212 1078 2242 vul.
1095 2215 1228 2251 cap.12.
1242 2218 1276 2242 n.
1290 2213 1335 2250 6.,
1347 2208 1404 2241 lib.
1419 2210 1473 2241 lx.
1487 2208 1607 2249 capu.

142 2273 174 2295 n.
193 2269 223 2296 5.
239 2264 272 2296 et
293 2262 361 2295 ibid
382 2271 454 2304 cap.
469 2267 498 2294 9.
515 2271 547 2294 n.
563 2267 592 2295 3.
613 2263 646 2295 et
669 2262 746 2294 alibi
773 2262 855 2294 hanc
877 2262 1059 2294 doctrinam
1073 2262 1225 2294 inculcat.
1240 2262 1306 2294 Nos
1326 2260 1469 2293 contenti
1490 2259 1610 2292 erimus

142 2316 240 2349 verba
259 2317 329 2349 eius
339 2315 506 2348 'adducere
522 2324 561 2347 ex
577 2315 633 2348 cit.
650 2324 702 2356 ep.
719 2308 759 2347 ad
781 2324 832 2357 ep.
850 2315 965 2348 ducem
981 2315 1222 2355 eboracensem;
1237 2322 1338 2355 quum
1353 2314 1438 2346 enim
1453 2312 1483 2354 §.
1500 2315 1531 2345 7.
1543 2319 1608 2343 me-

142 2369 288 2408 minisset
306 2369 384 2410 legis
404 2369 608 2410 imperatoris
622 2368 817 2409 Theodosii,
840 2368 968 2401 subdit:
991 2370 1137 2401 «verum
1162 2367 1246 2400 duae
1262 2366 1315 2399 hic
1330 2366 1504 2399 occurrunt
1523 2364 1606 2396 diffi-

141 2421 276 2454 cultates
288 2446 297 2463 ‚
313 2421 417 2463 prima
428 2446 438 2462 ‚
454 2421 548 2464 quod
563 2422 647 2454 haec
664 2421 722 2454 lex
736 2422 855 2463 utpote
870 2431 892 2454 a
906 2421 995 2454 laico
1004 2422 1163 2462 principe
1177 2419 1318 2453 condita
1330 2418 1467 2452 nullam
1484 2416 1613 2450 habere

140 2476 214 2507 vim
234 2476 270 2507 in
294 2476 524 2507 matrimoniis
538 2474 816 2507 debet.»1)isserit
830 2475 937 2507 autem
951 2473 992 2506 de
1005 2473 1244 2515 impedimentis
1261 2471 1469 2505 matrimonii.
1484 2470 1605 2502 Bullar.

143 2529 220 2560 Ben.
237 2529 323 2560 XIV.
340 2529 420 2560 tom.
438 2529 497 2559 111.
514 2537 545 2569 p.
564 2532 593 2560 8.
612 2529 658 2560 De
673 2527 730 2560 Pio
742 2529 797 2560 vl.
814 2536 877 2560 non
897 2529 962 2568 est,
985 2527 1073 2568 quod
1094 2526 1296 2567 dubitemus,
1318 2525 1359 2558 de
1381 2534 1446 2566 quo
1467 2523 1609 2565 palmare

144 2581 233 2613 extat
251 2580 481 2614 documentum
505 2580 536 2612 in
561 2580 655 2613 Brevi
678 2580 754 2613 dato
770 2580 811 2614 ad
827 2581 1012 2622 episcopum
1027 2573 1257 2620 motulensem',
1275 2578 1362 2620 quod
1379 2577 1511 2609 inferius
1531 2575 1607 2608 asse·

143 2641 261 2665 remus.
281 2635 401 2666 Verum
422 2633 534 2666 inutile
559 2635 608 2665 est
632 2633 695 2665 alia
717 2633 911 2666 documenta
931 2632 1090 2674 proferre,
1110 2642 1184 2665 cum
1207 2634 1246 2665 D.
1263 2630 1406 2663 Carriere
1421 2637 1458 2661 ea
1475 2628 1608 2660 minime

144 2685 348 2726 ignoraverit.
367 2686 477 2719 Videri
494 2689 598 2728 potest
613 2695 726 2719 sensus
744 2686 776 2718 et
796 2685 954 2719 sententia
966 2686 1119 2719 ecclesiae
1139 2694 1220 2718 rom.
1238 2684 1270 2716 in
1291 2684 1463 2716 Thesauro
1480 2681 1608 2714 resolu-

146 2739 278 2771 tionum
292 2747 383 2772 sacr.
395 2748 511 2781 conqr.
528 2739 683 2780 concilii,
696 2740 775 2772 tom.
790 2741 842 2772 el.
859 2741 892 2772 in
913 2739 1012 2772 dubio
1032 2740 1072 2773 de
1092 2737 1298 2771 matrimonio
1318 2735 1482 2778 proposito
1499 2743 1611 2768 mense

145 2798 214 2831 apr.
236 2793 326 2824 1841.
342 2800 413 2832 pag.
435 2795 491 2824 128
513 2800 603 2833 seqq.

241 2843 306 2884 (⁸⁰)
326 2844 438 2877 Theol·
453 2844 643 2886 Rhotomag.
661 2854 732 2887 pag.
751 2848 821 2879 573.
837 2847 869 2879 et
884 2845 1123 2879 concordance
1144 2846 1207 2877 etc.
1229 2851 1299 2885 pag.
1316 2844 1375 2875 ³72
1391 2849 1458 2882 seq.
