1980 3260
303 245 470 279 CAP.1V.
487 246 538 278 DE
557 245 673 280 ECCL.
692 245 831 279 POTES.
849 244 998 278 SANAN.
1015 244 1140 278 MATR.
1158 245 1200 278 ΙΝ
1219 246 1314 278 mu).
1332 246 1425 279 ΛΒΤ.
1439 246 1485 280 11.
1558 232 1647 277 169

181 322 365 371 effectus
390 323 580 372 alicuius
598 323 709 388 legis
737 323 1065 372 ecclesiasticae
1084 341 1171 371 non
1190 323 1332 372 solum
1357 324 1402 371 in
1427 325 1644 383 futurum,

152 428 154 430 -
179 415 331 446 verum
365 400 497 447 etiam
521 401 567 447 in
591 401 874 466 praeteritum
896 420 906 458 ;
945 400 1118 466 quoties
1142 400 1363 448 affirmant
1392 419 1492 449 eum
1516 419 1648 467 posse

143 478 147 482 ’
179 474 289 523 tales
324 476 615 524 relaxationes
646 476 886 524 concedere
906 513 916 533 ,
956 493 1071 541 quae
1101 493 1171 523 res
1208 476 1254 522 in
1289 494 1339 524 eo
1364 486 1481 524 statu
1515 477 1648 526 collo-

178 562 278 599 cent
310 552 355 599 in
379 570 468 617 quo
503 553 800 617 reperirentur
835 553 874 600 si
909 553 1079 600 nullum
1111 552 1329 601 extitisset
1354 554 1648 618 impedimen-

179 637 301 684 tum;
339 627 512 692 quoties
537 636 742 675 asserunt
773 645 874 675 eum
906 645 1038 692 posse
1068 627 1237 692 prolem
1272 628 1514 692 legitimam
1549 629 1643 675 effi-

176 720 275 751 cere
291 703 338 749 in
361 702 516 750 ordine
534 702 590 749 ad
614 702 731 750 hona
755 703 1020 766 spiritualia,
1044 704 1177 750 immo
1196 721 1299 751 vero
1317 714 1360 751 et
1384 704 1645 768 temporalia

174 777 443 834 obtinenda,
483 778 545 825 uti
582 794 683 825 mox
710 777 987 835 videbimus,
1017 779 1202 844 perinde
1236 796 1288 826 ac
1318 779 1356 826 si
1390 797 1417 826 a
1448 779 1647 843 legitimo

175 863 271 900 toro
303 862 532 918 procreata
567 851 743 900 fuisset.
788 852 912 908 Quae
955 854 1134 919 quidem
1165 854 1314 901 omnia
1356 854 1485 902 nobis
1520 854 1645 902 exhi—

172 927 279 976 bent
301 928 524 976 notionem
550 927 795 976 sanationis
820 928 1124 991 coniugiorum
1148 929 1194 975 in
1216 927 1388 983 radice,
1428 939 1477 976 ut
1504 947 1559 976 ex
1581 930 1645 976 di-

173 1004 257 1052 ctis
291 1014 480 1053 constat.
521 1004 632 1051 Cum
667 1004 801 1068 igitur
834 1004 1053 1052 eiusmodi
1091 1014 1350 1070 potestatem
1386 1005 1578 1069 theologi
1605 1017 1648 1053 et

168 1081 428 1129 canonistae
451 1081 584 1145 vulgo
608 1080 803 1129 tribuant
837 1098 947 1129 rom.
976 1081 1174 1146 pontifici
1199 1120 1209 1139 ,
1238 1081 1323 1130 hoc
1362 1082 1459 1147 ipso
1494 1082 1536 1129 ei
1571 1082 1648 1130 tri-

172 1156 314 1205 buunt
358 1168 620 1223 potestatem
664 1157 720 1205 de
758 1175 847 1222 qua
890 1157 1171 1206 disserimus.
1221 1158 1365 1223 Atque
1398 1158 1505 1206 hinc
1544 1169 1642 1215 est,

171 1235 292 1299 quod
325 1235 588 1283 Benedictus
610 1235 719 1281 XIV.
750 1234 912 1282 nedum
946 1235 1075 1283 docet
1108 1235 1235 1283 nefas
1258 1235 1437 1284 omnino
1467 1253 1567 1283 esse
1591 1235 1647 1282 de

173 1327 227 1358 ea
259 1310 446 1357 dubium
470 1328 646 1359 movere
666 1348 677 1370 ,
714 1327 867 1358 verum
892 1310 1025 1358 etiam
1053 1328 1313 1358 communem
1345 1328 1482 1375 penes
1517 1328 1647 1359 cano-

172 1386 315 1434 nistas
342 1386 460 1434 hanc
483 1397 655 1435 asserat
677 1404 777 1435 esse
801 1387 1063 1434 sententiam
1103 1388 1220 1450 (21).

266 1463 322 1510 Et
356 1470 465 1511 sane
487 1481 541 1511 ex
565 1464 664 1528 ipso
689 1463 784 1511 iure
808 1474 954 1528 potest
978 1481 1087 1511 rom.
1118 1463 1315 1528 pontifex
1341 1463 1484 1528 legem
1509 1463 1645 1512 eccle-

170 1539 396 1588 siasticam
420 1540 592 1587 irritare
616 1540 778 1588 nedum
797 1540 944 1605 quoad
962 1540 1145 1588 effectus
1167 1540 1213 1586 in
1233 1550 1456 1605 posterum
1476 1551 1647 1590 secutu-

170 1633 243 1665 ros
261 1655 271 1674 ,
307 1634 461 1664 verum
486 1617 621 1664 etiam
645 1617 794 1682 quoad
818 1617 1001 1665 effectus
1026 1627 1127 1664 ante
1150 1627 1362 1682 sequutos
1387 1636 1395 1664 :
1435 1617 1501 1665 sic
1524 1617 1644 1664 enim

168 1710 378 1758 expresse
406 1693 570 1741 dicitur
602 1694 649 1740 in
682 1694 778 1741 iure
812 1694 1025 1742 canonico
1054 1695 1193 1741 Teoetu
1218 1695 1264 1740 in
1298 1694 1500 1741 Clement.
1532 1693 1647 1749 Quo-

169 1771 291 1816 niam
323 1769 375 1816 de
404 1771 650 1817 communit.
673 1770 819 1818 eccles.
849 1771 942 1818 lam
958 1787 1063 1818 vero
1084 1808 1095 1827 ,
1124 1770 1233 1835 quid
1257 1769 1380 1817 aliud
1404 1770 1509 1818 facit
1531 1787 1641 1818 rom.

168 1844 365 1910 pontifex
385 1845 504 1897 *dum
537 1855 666 1893 sanat
699 1845 1029 1892 matrimonium
1063 1845 1108 1892 in
1138 1844 1320 1893 radice?
1353 1845 1645 1910 impedimen-

170 1931 260 1969 tum
295 1919 408 1968 tollit
430 1958 440 1978 ,
467 1921 671 1986 adeoque
693 1921 834 1968 irritat
856 1922 1027 1986 effectus
1056 1938 1109 1968 ex
1133 1938 1185 1968 eo
1208 1920 1526 1985 impedimento
1549 1931 1640 1968 tum

166 2007 413 2053 secuturos,
446 2007 539 2045 tum
568 1998 694 2063 prius
717 2008 895 2045 secutos.
934 1997 1128 2045 Effectus
1161 2014 1291 2062 porro
1323 1997 1420 2045 eius
1455 1996 1644 2062 impedi-

167 2074 304 2122 menti
333 2085 460 2122 erant
482 2074 743 2123 inhabilitas
761 2074 997 2137 coniugum
1021 2074 1078 2121 ad
1102 2073 1450 2122 contrahendum
1468 2112 1478 2131 ,
1510 2073 1645 2122 adeo-

165 2166 253 2214 que
294 2149 553 2197 invaliditas
597 2149 828 2212 coniugii,
876 2148 1115 2214 prolesque
1154 2149 1400 2213 illegitima.
1447 2149 1641 2198 Sublatis

166 2227 316 2290 itaque
342 2224 576 2273 effectibus
610 2225 943 2272 ecclesiasticae
965 2224 1100 2288 legis,
1128 2242 1180 2273 eo
1205 2225 1304 2290 ipso
1328 2242 1544 2290 personae
1568 2226 1644 2274 ha-

164 2300 279 2349 biles
323 2300 542 2349 dicendae
581 2310 687 2348 sunt
718 2301 774 2348 ad
809 2301 1185 2359 contrahendum,
1224 2301 1450 2366 legitimus
1492 2320 1642 2351 earum

164 2393 441 2435 consensus,
480 2376 717 2442 prolesque
751 2376 949 2441 legitima
987 2378 1102 2441 (22).

253 2542 319 2585 (21)
343 2544 481 2581 Quaest.
502 2545 562 2576 cic.
588 2546 657 2576 174.
677 2543 733 2576 ubi
749 2543 880 2577 scribit:
903 2556 919 2573 «
937 2545 1172 2578 communiter
1186 2544 1305 2578 docent
1319 2546 1503 2578 canonistae
1519 2545 1552 2576 in
1566 2553 1637 2586 cap.

159 2597 229 2628 Per
250 2596 495 2630 venerabilem.
507 2609 523 2625 »
538 2596 767 2638 prolixumque
782 2597 935 2639 istorum,
951 2599 989 2631 ut
1001 2598 1101 2639 solet,
1116 2598 1287 2631 elenchum
1307 2598 1456 2638 exhibet,
1471 2597 1638 2629 nominan-

162 2649 288 2691 timque
313 2649 470 2682 tredecim
497 2651 658 2691 recenset,
686 2652 785 2691 atque
798 2650 906 2683 addit:
928 2652 1082 2693 Fuitque
1099 2653 1274 2693 perpetua
1296 2653 1410 2692 opinio
1431 2651 1549 2683 Rotae.

252 2701 318 2743 (22)
340 2703 429 2735 Haec
450 2703 584 2735 sortasse
605 2703 845 2745 simplicissima
864 2705 897 2736 et
916 2700 1040 2746 optima
1069 2705 1151 2737 ratio
1179 2706 1229 2737 est
1250 2703 1450 2744 intelligendi
1476 2703 1640 2744 quomodo

158 2755 284 2787 sanatio
310 2754 367 2788 fiat
390 2755 589 2789 matrimonii
618 2756 651 2788 in
680 2756 799 2789 radice,
823 2756 951 2790 Directe
976 2757 1146 2790 irritantur
1163 2756 1314 2797 effectus
1341 2756 1562 2797 impedimenti
1583 2765 1639 2788 seu

160 2807 241 2848 legis
265 2808 520 2849 ecclesiasticae;
545 2809 635 2850 quod
658 2810 822 2851 legislator
849 2819 888 2843 ex
912 2810 983 2852 ipso
1006 2810 1077 2843 iure
1099 2811 1205 2843 facere
1224 2810 1339 2851 potest.
1362 2809 1445 2841 Hinc
1465 2817 1639 2842 consensus

161 2858 202 2892 de
222 2867 256 2892 se
277 2869 353 2893 suos
373 2862 459 2902 parit
478 2861 625 2895 erfectus.
650 2863 741 2900 Quae
762 2862 852 2895 notio
876 2862 998 2905 optime
1025 2863 1175 2904 congruit
1198 2870 1272 2895 cum
1300 2861 1340 2894 iis
1361 2869 1446 2903 quae
1468 2860 1569 2895 tradit
1584 2862 1638 2894 Be·
