1980 3260
368 274 460 322 334
687 285 844 317 1.1n.·11.
874 283 988 317 secr.
1021 285 1050 316 1.
1071 275 1128 316 'nn
1157 284 1323 317 rorusr.
1354 283 1520 318 nectes.

461 365 619 412 Verum
652 356 772 428 quod
801 362 956 410 attinet
989 361 1046 408 ad
1081 360 1296 410 barbaras
1332 363 1536 410 nationes
1570 363 1718 415 adhuc
1749 368 1849 415 infl-

364 441 487 489 deles
516 456 655 505 penes
687 456 803 504 quas
836 438 1084 486 christiana
1117 438 1274 502 religio
1307 439 1594 487 disseminari
1617 440 1775 507 incipit
1796 461 1849 492 ao

363 507 601 583 propagari
619 555 629 573 ‚
656 516 787 564 valde
811 515 1116 580 indulgentem
1141 515 1332 563 ecclesia
1350 533 1399 564 se
1417 516 1628 580 praebuit
1650 533 1701 564 ac
1723 534 1851 582 prae-

362 594 501 642 hetin
520 592 730 641 facultate
755 592 1013 658 apostolicis
1047 592 1349 640 missionariis
1383 593 1669 641 concedenda
1685 632 1695 651 ‚
1722 603 1774 641 ut
1796 594 1854 644 ab

363 670 459 736 hoc.
482 669 801 734 impedimento
835 668 1115 734 disparitatis
1149 669 1296 716 cultus
1325 668 1591 735 dispensare
1621 670 1814 734 possint.
1843 662 1845 665 ’

458 747 636 794 Etenim
671 746 877 794 novimus
911 763 939 793 a
973 744 1200 793 Clemente
1233 746 1307 793 lx.
1355 747 1434 793 23.
1482 747 1661 794 Ianuar.
1704 748 1849 794 1669.

363 831 623 872 concessam
653 823 796 871 fuisse
819 822 1030 888 episcopo
1055 821 1378 887 heliopolitano
1402 831 1491 870 tam
1515 841 1596 887 pro
1619 841 1693 881 se,
1716 840 1854 886 quam

362 916 443 966 pro
476 899 586 967 aliis*
610 899 792 948 vicariis
817 899 1076 964 apostoli-cis
1109 898 1153 945 in
1185 899 1335 963 regnis
1361 899 1584 956 Sinarum,
1607 898 1848 967 Tunchini,

363 976 630 1043 Cocincinae
647 1015 657 1034 ,
691 976 888 1042 aliisque
917 975 1123 1023 finitimis
1156 975 1411 1023 facultatem
1430 1013 1440 1032 ,
1468 975 1525 1022 ad
1550 992 1692 1044 annos
1718 973 1854 1040 quin-

366 1051 514 1120 decim
542 1052 947 1121 proxime'suturos
985 1069 1009 1096 «
1030 1050 1327 1116 dispensandi
1362 1067 1501 1114 super
1531 1050 1853 1116 impedimento

361 1129 643 1195 disparitatis
675 1128 822 1177 cultus
845 1166 855 1185 ,
901 1125 1113 1191 gravibus
1147 1136 1296 1174 tamen
1330 1143 1385 1173 ex
1417 1125 1568 1174 causis
1602 1126 1650 1196 in
1681 1125 1850 1196 quibus

359 1205 716 1270 dispensandum
750 1204 855 1262 erit,
886 1214 932 1252 et
960 1205 1007 1250 in
1039 1203 1151 1251 locis
1186 1213 1358 1250 tantum
1381 1203 1459 1249 ubi
1479 1212 1581 1250 sunt
1602 1202 1756 1268 plures
1781 1205 1851 1251 in*

357 1281 504 1346 fideles
536 1297 668 1346 quam
701 1280 957 1334 christiani,
995 1278 1058 1326 ita
1086 1288 1136 1326 ut
1166 1278 1215 1325 in
1247 1295 1300 1326 eo
1334 1279 1619 1327 matrimonio
1653 1290 1850 1345 postmo-

360 1358 494 1423 dium,
534 1366 755 1423 quatenus
791 1356 964 1421 absque
997 1353 1221 1404 Creatoris
1255 1354 1522 1404 contumelia
1555 1356 1652 1404 fieri
1679 1356 1846 1423 possit,

358 1432 671 1482 contrahentes
705 1450 934 1481 remanere
968 1431 1107 1480 libere
1139 1443 1183 1480 et
1215 1432 1335 1481 licite
1366 1433 1569 1491 valeant,
1609 1433 1848 1501 prolesque

358 1509 523 1557 exinde
558 1508 869 1574 suscipiendas
909 1508 1131 1572 legitimas
1174 1508 1470 1566 decernendi,
1510 1525 1647 1574 super
1678 1508 1845 1574 quibus

357 1586 616 1634 eorumdem
642 1585 912 1633 vicariorum
940 1585 1286 1650 apostolicorum
1311 1586 1584 1633 conscientia
1612 1594 1843 1643 oneratur,
1889 1607 1892 1609 ’

357 1670 399 1709 et
428 1662 685 1727 praedictae
719 1660 1082 1726 dispensationes
1118 1661 1260 1725 gratis
1297 1661 1599 1709 concedantur
1627 1662 1780 1724 (60).»

453 1737 719 1786 Benedictus
737 1754 842 1785 vero
863 1738 974 1784 XIV.
991 1739 1069 1784 15.
1093 1738 1221 1785 Febr.
1238 1740 1381 1785 1756.
1406 1738 1629 1786 concessit
1646 1737 1702 1785 ad
1719 1737 1849 1786 bien-

357 1814 481 1861 nium
505 1815 732 1880 episcopis
751 1825 795 1862 et
810 1814 991 1863 vicariis
1011 1814 1270 1880 apostolicis
1290 1815 1467 1862 illarum
1486 1815 1685 1879 gentium
1709 1814 1850 1863 facul-

358 1900 491 1937 tatem
515 1891 809 1957 dispensandi
828 1892 874 1938 in
893 1892 1156 1957 disparitate
1179 1892 1322 1941 cultas
1339 1931 1349 1950 ‚
1377 1892 1530 1940 addita
1553 1892 1847 1941 instructione
1875 1902 1878 1904 ’

358 1965 403 2012 in
437 1984 527 2032 qua
561 1967 750 2015 dicitur:
787 1969 877 2014 «Si
910 1979 1068 2033 agatur
1100 1969 1157 2016 de
1191 1969 1473 2017 matrimonio
1506 1969 1595 2016 iam
1629 1978 1846 2017 contracto

358 2042 473 2089 inter
498 2044 611 2092 duos
647 2045 879 2103 infideles,
917 2063 1109 2111 quorum
1142 2064 1260 2094 unus
1294 2055 1466 2094 tantum
1500 2045 1558 2093 ad
1586 2045 1720 2093 fidem
1743 2062 1846 2094 con-

357 2119 563 2178 vertitur,
604 2122 668 2168 illi
703 2122 801 2170 dari
835 2132 983 2188 potest
1008 2123 1289 2189 dispensatio
1307 2161 1316 2180 ‚
1337 2133 1388 2171 ut
1403 2140 1505 2171 cum
1524 2120 1649 2188 parte
1666 2121 1843 2169 infideli

358 2208 610 2254 remaneat,
637 2200 768 2248 modo
801 2200 888 2248 ista
917 2200 1015 2248 sine
1049 2199 1320 2248 contumelia
1343 2200 1565 2248 Creatoris
1586 2198 1846 2248 cohabitare

357 2274 627 2332 consentiat;
650 2287 694 2323 et
711 2277 857 2341 proles
888 2277 1146 2326 instituatur
1168 2280 1214 2325 in
1239 2277 1455 2341 religione
1477 2277 1698 2325 catholica
1718 2278 1837 2340 (61).

357 2349 404 2396 Si
439 2359 597 2413 agatur
625 2351 681 2398 de
710 2354 991 2403 matrimonio
1021 2354 1307 2401 contrahendo
1341 2354 1458 2401 inter
1490 2353 1668 2401 fidelem
1702 2362 1747 2400 et
1779 2353 1845 2400 in-

356 2425 535 2473 fidelem
557 2465 567 2484 ,
605 2438 655 2474 ut
687 2430 833 2492 possit
868 2430 963 2477 dari
997 2431 1279 2496 dispensatio
1302 2469 1312 2488 ‚
1351 2439 1526 2497 praeter
1558 2430 1673 2478 duas
1707 2429 1841 2477 modo

356 2502 499 2553 dictas
534 2503 839 2562 conditiones,
868 2508 1108 2572 requiritur
1130 2518 1180 2555 ut
1202 2507 1516 2556 contrahentes
1545 2507 1636 2554 sint
1659 2506 1707 2553 in
1730 2505 1842 2553 locis

451 2644 519 2685 (60)
540 2646 589 2676 Ex
608 2653 730 2686 organo
753 2653 902 2686 congreg.
921 2645 963 2678 de
983 2655 1115 2688 propag.
1134 2647 1210 2680 fide.
1731 2665 1733 2667 ·

454 2697 521 2739 (61)
542 2698 659 2730 Fateor
674 2706 728 2730 me
741 2707 806 2730 non
820 2698 998 2739 intelligere
1011 2709 1168 2741 quorsum
1181 2700 1258 2733 data
1269 2699 1314 2732 sit
1325 2700 1405 2732 haec
1419 2697 1642 2731 instructionis
1654 2706 1748 2739 pars;
1764 2705 1841 2730 nam

357 2750 627 2792 impedimentum
644 2751 845 2793 disparitatis
860 2752 967 2784 cultus
985 2761 1051 2784 non
1066 2753 1169 2786 afficit
1185 2753 1339 2793 coniuges
1356 2752 1515 2784 infideles.
1533 2753 1642 2789 Quum
1659 2760 1739 2784 vero
1757 2751 1840 2784 alter

355 2812 393 2837 ex
420 2804 613 2846 coniugibus
633 2804 834 2837 convertitur
853 2804 897 2837 ad
918 2813 1029 2837 veram
1051 2805 1168 2847 fidem,
1190 2815 1256 2839 non
1277 2805 1468 2838 dissolvitur
1489 2805 1694 2846 coniugium,
1716 2805 1746 2837 si
1766 2803 1838 2837 infi-

357 2857 440 2890 delis
465 2858 646 2891 consentiat
666 2857 800 2900 pacifice
817 2858 928 2890 vivere
948 2859 981 2890 et
1000 2858 1070 2891 sine
1092 2859 1289 2892 contumelia
1306 2858 1471 2891 creatoris
1497 2866 1573 2890 cum
1596 2857 1686 2890 fideli
1703 2858 1786 2891 adeo
1802 2857 1841 2890 ut

355 2919 437 2952 opus
459 2911 502 2943 sit
521 2911 772 2954 dispensatione.
784 2912 880 2945 Forte
895 2911 930 2944 id
945 2911 1024 2953 ipsis
1037 2912 1184 2953 pontifex
1198 2913 1234 2945 in
1245 2912 1387 2946 mentem
1402 2919 1556 2945 revocare
1566 2910 1720 2945 intendit.
