1980 3260
273 242 361 274 cir.
380 243 441 274 ιιι.
461 243 511 274 ιιε
526 243 640 274 cccx.
661 242 823 275 rorsssr.
840 241 945 274 msr.
964 240 1007 273 m
1020 240 1107 272 mr.
1126 240 1250 272 uun.
1267 240 1350 272 nm.
1367 240 1460 272 Αιιτ.
1479 240 1525 271 ιι.
1557 226 1647 272 107

188 320 422 384 pontifice,
455 320 510 367 ad
537 337 669 384 quem
705 329 754 367 ut
789 319 846 366 ad
886 334 1144 383 supremum
1180 317 1396 365 ecclesiae
1428 327 1562 382 caput
1586 317 1654 364 'vi-

190 396 345 452 sibile,
371 413 678 461 quaecumque
710 407 816 444 sunt
848 395 957 443 iuris
988 393 1278 443 ecclesiastici
1303 405 1531 458 spectant:
1560 393 1655 459 epi-

189 473 315 538 scopi
344 484 491 520 tamen
508 510 518 529 ,
548 473 644 521 sive
666 490 719 520 ex
742 471 1020 536 delegatione
1045 487 1256 536 expressa
1277 469 1346 518 vel
1376 470 1532 526 tacita,
1560 469 1655 518 sive

189 565 243 596 ex
291 567 376 597 usu
417 548 660 613 approbato
700 548 965 613 dispensant
1005 547 1052 594 in
1099 545 1324 611 aliquibus
1365 545 1656 610 impedimen-

190 624 247 671 tis
269 626 387 686 (5o);
408 643 430 668 ι)
460 641 645 688 nempe:
671 623 711 670 si
735 623 962 686 contingat
984 639 1061 670 eos
1089 622 1377 687 dispensare,
1406 621 1451 668 id
1482 639 1534 669 ex
1558 639 1657 669 con-

190 699 392 747 cessione
417 698 536 745 sedis
571 698 913 761 apostostolicae
947 698 1128 745 faciuut.

283 776 469 821 Demum
515 774 696 821 omissis
749 774 965 821 Gonnetto
989 811 999 830 ,
1050 775 1342 822 Herminierio
1368 812 1377 831 ‚
1424 774 1658 839 Opstraeto

191 852 312 915 ipso,
334 850 523 914 aliisque
542 867 628 898 non
648 849 803 915 paucis
817 887 827 906 ,
849 850 1127 897 Drouvenius
1145 850 1391 914 gallicanae
1409 851 1657 915 theologiae

191 926 420 991 systemati
440 926 632 973 maxime
656 925 861 973 addictus
881 964 890 983 ,
920 925 1141 973 interdum
1157 926 1298 973 etiam
1315 926 1500 973 ulterius
1524 945 1658 991 quam

191 1019 272 1067 par
294 1013 388 1050 erat
411 1002 625 1050 adversus
650 1020 761 1050 rom.
792 1002 1047 1067 pontificem
1074 1019 1360 1067 progressus,
1390 1013 1535 1050 tamen
1559 1020 1659 1050 cum

191 1078 390 1143 quaerit:
425 1078 542 1125 «Cui
567 1088 786 1143 competat
810 1078 1047 1125 auctoritas
1072 1096 1207 1143 super
1225 1077 1554 1143 impedimentis
1571 1096 1661 1126 ma-

193 1154 386 1201 trimonii
422 1152 789 1219 dispensandffl»
825 1153 1102 1218 Respondet:
1145 1154 1228 1200 «Si
1253 1154 1309 1201 de
1332 1153 1659 1218 impedimentis

193 1230 503 1277 dirimentibus
522 1241 677 1293 agatur
690 1268 700 1287 ,
723 1231 982 1293 reqularitcr
998 1230 1245 1296 loquendo,
1268 1241 1528 1297 potestatem
1547 1231 1662 1278 hanc

193 1306 274 1354 soli
310 1324 483 1354 summo
510 1306 704 1371 pontifici
733 1306 984 1354 convenire.
1015 1306 1293 1372 Quamquam
1319 1307 1436 1355 enim
1462 1307 1546 1355 hoc
1570 1307 1663 1354 nul-

193 1382 272 1429 libi
305 1382 477 1445 legatur
509 1382 706 1448 antiquis
738 1382 985 1430 canonibus
1023 1383 1337 1440 constitutum;
1372 1400 1483 1430 usus
1518 1394 1662 1430 tamen

193 1458 400 1514 invaluit,
423 1469 466 1505 et
482 1458 686 1522 generali
700 1458 941 1523 disciplina
965 1470 1212 1524 receptum,
1234 1470 1283 1506 ut
1301 1476 1380 1524 pro
1403 1459 1661 1507 huiusmodi

193 1534 348 1598 gratiis
371 1534 625 1582 obtinendis
651 1535 771 1583 solus
806 1535 1003 1600 pontifex
1031 1536 1251 1584 maximus
1286 1536 1399 1583 adiri
1424 1536 1664 1583 communi—

195 1622 261 1659 ter
293 1611 472 1659 deberet
504 1623 547 1659 et
579 1622 756 1677 posset;
795 1623 838 1660 et
870 1613 1025 1660 merito
1048 1613 1249 1678 quidem,
1278 1623 1369 1660 tum
1393 1623 1571 1677 propter
1592 1612 1665 1660 de-

196 1687 333 1735 bitam
359 1688 454 1736 sedi
487 1689 754 1754 apostolicae
779 1689 1066 1737 reverentiam
1083 1726 1093 1743 ,
1131 1690 1201 1737 cui
1227 1689 1507 1754 potissimum
1538 1705 1666 1736 cano-

196 1782 302 1811 num
325 1764 573 1812 observatio
597 1776 641 1812 et
662 1765 940 1831 dispensatio
964 1766 1178 1813 divinitus
1198 1776 1265 1813 est
1288 1765 1548 1822 commissa;
1571 1775 1664 1812 tum

196 1839 303 1904 quia
330 1858 431 1888 cum
456 1836 771 1904 impedimenta
794 1841 1120 1889 matrimonium
1147 1841 1402 1888 dirimentia
1422 1841 1493 1889 vel
1517 1858 1543 1888 a
1565 1858 1666 1889 con-

198 1916 314 1963 ciliis
348 1917 659 1980 generalibus,
699 1917 766 1965 vel
802 1935 828 1965 a
861 1918 1046 1965 summis
1082 1917 1367 1982 pontificibus
1408 1917 1570 1965 fuerint
1602 1917 1666 1964 in·

198 1990 352 2039 stituta
375 1991 421 2038 in
445 2009 633 2056 quorum
658 1992 833 2040 decreta
852 2004 1111 2058 potestatem
1131 2010 1218 2042 non
1245 1993 1411 2040 habent
1437 1993 1661 2058 episcopi,

198 2084 475 2132 consequens
511 2069 616 2126 fuit,
643 2080 692 2116 ut
727 2069 836 2116 solis
864 2069 1050 2116 summis
1076 2069 1361 2134 pontificibus
1395 2068 1576 2117 deberet
1598 2086 1667 2117 eo-

200 2161 295 2196 rum
326 2143 536 2192 relaxatio
572 2145 832 2209 regulariter
867 2145 1082 2193 reservari
1114 2134 1231 2208 (515.
1253 2165 1274 2191 »

294 2220 375 2266 His
409 2220 631 2268 coronidis
666 2221 808 2284 gratia
843 2221 1036 2269 adiicere
1069 2220 1189 2269 lubet
1223 2232 1367 2269 aetate
1395 2222 1479 2270 hac
1515 2233 1667 2270 nostra

199 2293 415 2342 celebrem
436 2306 657 2343 auctorem
671 2333 681 2353 ,
704 2313 755 2343 ac
774 2295 907 2361 paulo
925 2307 1027 2345 ante
1045 2315 1132 2345 non
1150 2296 1285 2344 nimis
1305 2296 1544 2362 proclivem
1562 2314 1667 2362 erga

201 2371 297 2417 iura
330 2389 548 2419 romanor.
594 2373 879 2437 pontificum,
919 2391 1078 2439 nempe
1110 2374 1156 2421 d.
1201 2374 1289 2422 Ios.
1329 2374 1553 2432 Carriere,
1589 2375 1666 2440 qui
1729 2363 1736 2371 ¹

200 2457 435 2512 postquam
459 2449 707 2511 constituit',
737 2448 908 2515 absque
930 2449 1021 2499 ullo
1042 2450 1179 2498 dubio
1205 2469 1316 2499 rom.
1345 2451 1544 2516 pontifici
1569 2468 1669 2499 con-

199 2524 351 2571 venire
376 2535 635 2588 potestatem
660 2525 886 2573 relaxandi
915 2526 1234 2592 impedimenta
1261 2527 1515 2575 dirimentia
1532 2566 1541 2584 ,
1572 2544 1669 2592 pro-

202 2600 464 2664 positionem
489 2617 568 2648 seu
593 2601 920 2649 conclusionem
944 2602 1062 2652 circa
1085 2603 1396 2669 episcoporum
1420 2604 1504 2650 hac
1535 2620 1670 2668 super

203 2693 249 2723 re
268 2686 549 2740 potestatem,
579 2676 651 2725 his
674 2677 822 2726 verbis
846 2695 1101 2744 expressam
1129 2679 1276 2744 ponit:
1309 2679 1554 2745 «Episcopi
1579 2695 1668 2727 non

290 2800 356 2839 (5⁰)
378 2803 427 2833 De
452 2803 557 2834 matr.
577 2801 729 2836 diss.,V1.
746 2803 807 2835 art.
832 2807 862 2836 3.

291 2854 356 2892 (ῦι)
379 2855 426 2886 Dc
451 2862 488 2886 rc
515 2856 722 2887 sacrament.
743 2855 800 2888 lib.
817 2857 872 2889 lx.
889 2865 959 2898 cap.
982 2858 1036 2889 lv.
1057 2866 1091 2897 q.
1112 2860 1141 2889 7.
