1980 3260
406 261 494 306 100
718 266 798 299 un.
826 266 873 298 11.
901 264 1014 297 snc'r.
1039 264 1069 294 ι.
1097 261 1148 293 nn
1183 261 1350 293 rornsr.
1379 260 1544 292 nectus.

404 349 581 415 quidem
607 345 761 408 dispar
782 341 1003 390 obtinuit
991 359 1037 387 m
1061 338 1247 386 ecclesia
1269 337 1388 384 circa
1409 337 1520 384 haec
1543 337 1702 399 agendi
1725 338 1852 386 ratio.

404 427 511 471 Nam
535 419 714 486 quoad
703 436 790 466 lam
814 427 1060 471 contracta,
1087 414 1171 462 etsi
1196 413 1404 478 primitus
1429 422 1652 477 receptum
1675 413 1853 470 fuisset,

404 510 451 546 ut
484 498 754 545 solverentur
787 494 906 540 iuxta
934 507 1150 539 canonum
1187 490 1361 536 decreta
1392 505 1444 536 ac
1477 487 1729 553 pontificias
1759 506 1859 538 san-

405 575 570 622 ctiones
589 574 683 633 (32)
706 590 715 626 ;
737 580 928 616 attamen
951 567 1053 614 licet
1076 583 1174 612 raro
1190 603 1199 621 ,
1222 564 1463 612 identidem
1488 563 1859 618 tolerabantur-fab

405 648 624 713 episcopis
643 684 652 702 ‚
689 643 947 710 praesertim
970 643 1016 688 in
1047 641 1245 689 conciliis
1279 639 1629 704 provincialibus
1645 677 1656 696 ,
1685 650 1762 687 aut
1782 657 1860 688 na-

405 722 643 771 tionalibus
665 759 674 777 ,
703 720 741 767 si
765 720 826 767 ita
847 736 1008 766 causae
1031 717 1223 780 gravitas
1248 715 1541 780 exposcebat,
1574 726 1618 763 et
1640 715 1861 764 sanaban-

405 808 474 845 tur
490 835 500 853 ,
527 814 606 844 seu
640 795 850 842 relaxatio
873 793 1061 840 dabatur
1089 793 1207 854 (33).

499 873 594 919 Non
635 882 781 918 tamen
815 869 1057 934 putandum
1099 877 1168 914 est
1200 866 1431 932 episcopos
1468 866 1561 915 sive
1602 867 1860 930 singillatim

404 958 650 1012 spectatOS,
681 947 775 994 sive
797 954 1082 1008 congregatos
1106 944 1151 989 in
1185 942 1385 990 conciliis
1419 943 1481 989 ita
1504 959 1553 990 se
1586 944 1782 1006 gessisse
1814 943 1860 990 in

405 1022 645 1088 probandis
669 1030 744 1068 aut
761 1019 997 1067 tolerandis
1015 1018 1231 1081 coniugiis
1254 1034 1353 1065 cum
1377 1017 1693 1081 impedimento
1709 1017 1863 1082 aliquo

405 1099 529 1145 initis
562 1097 729 1162 absque
753 1095 844 1142 ulla
867 1113 894 1143 a
926 1112 1035 1142 rom.
1066 1093 1273 1158 pontifice
1290 1093 1586 1156 dependentia
1607 1104 1683 1141 aut
1704 1111 1861 1143 assen—

405 1191 483 1222 sus
506 1174 689 1220 influxu.
718 1173 827 1219 Nam
852 1173 896 1218 1.
925 1170 1143 1218 interdum
1168 1187 1279 1218 rom.
1308 1168 1542 1233 pontifices
1565 1168 1766 1232 ipsorum
1788 1186 1866 1218 an-

493 1337 559 1378 (32)
582 1337 675 1374 Quod
697 1339 734 1369 ut
754 1335 918 1368 nonnullis
937 1333 1091 1374 exemplis
1111 1333 1336 1365 confirmemus
1356 1341 1394 1364 ac
1405 1332 1628 1372 illustremus,
1641 1332 1688 1365 ita
1706 1332 1866 1366 sancitum

406 1391 469 1423 fuit
484 1390 520 1422 in
546 1389 684 1422 concilio
705 1388 870 1429 agathensi
894 1396 946 1419 an.
971 1391 1041 1419 506.
1066 1395 1138 1418 can.
1165 1387 1250 1427 XX„
1273 1394 1398 1418 necnon
1422 1394 1442 1417 a
1469 1387 1587 1418 Ioanne
1601 1387 1689 1418 vm.
1716 1385 1751 1417 in
1764 1385 1865 1432 epist.

406 1443 506 1475 relata
524 1451 543 1474 a
568 1441 721 1473 Gratiano
745 1449 815 1481 cap.
842 1442 893 1471 47.
922 1447 1018 1470 causa
1046 1443 1144 1482 285q.
1166 1443 1196 1471 2.
1219 1438 1295 1470 item
1317 1438 1358 1470 ab
1371 1437 1553 1470 Alexandro
1568 1438 1611 1470 11.
1625 1445 1696 1478 cap.
1713 1437 1765 1470 74.
1783 1436 1867 1469 Hinc

403 1493 580 1535 reperimus
605 1492 765 1532 dirempta
787 1490 937 1531 coniugia
956 1491 1040 1522 male
1065 1490 1146 1522 inita
1166 1499 1220 1522 an.
1239 1483 1310 1523 862.
1335 1490 1446 1522 Iudith
1459 1489 1577 1522 viduae
1599 1489 1795 1522 etBalduim'
1809 1489 1866 1530 qni

404 1546 549 1578 eamdem
576 1545 734 1586 rapuerat.
762 1545 802 1576 Et
826 1552 878 1575 an.
903 1546 976 1576 949.
998 1543 1169 1582 Amalarici
1200 1543 1428 1575 hannoniensis
1447 1543 1577 1575 comitis
1602 1544 1635 1576 et
1653 1543 1741 1578 filiae
1765 1543 1867 1579 lanei

405 1599 532 1631 comitis
552 1597 782 1631 cameracensis
800 1596 861 1628 sub
878 1595 1030 1628 Fulberto
1050 1596 1264 1628 cameracensi
1283 1596 1449 1637 episcopo,
1465 1596 1522 1637 qui
1536 1595 1627 1628 nullo
1641 1595 1748 1637 modo-1
1756 1595 1867 1627 induci

405 1651 510 1692 potuit
534 1650 602 1682 sive
628 1650 742 1689 minis,
769 1649 838 1681 sive
862 1648 1029 1690 promissis
1055 1648 1097 1680 ad
1130 1649 1213 1681 illud
1237 1649 1424 1690 coniugium
1456 1649 1683 1689 sanciendum,
1709 1649 1747 1680 'ut
1773 1648 1869 1681 refert

403 1703 588 1737 Baldericus
609 1703 806 1735 tornacensis
835 1702 1004 1744 episcopus
1026 1701 1084 1734 lib.
1105 1704 1132 1734 1.
1158 1711 1230 1744 cap.
1256 1706 1307 1735 73.
1323 1705 1407 1734 ·.An
1424 1706 1496 1735 971.
1521 1702 1658 1734 comitis
1677 1701 1869 1739 nobilissimi

404 1757 491 1798 angli
519 1756 574 1797 qui
598 1755 735 1787 duxerat
754 1754 816 1786 sibi
844 1755 1111 1795 consanguineam
1131 1755 1192 1787 sub
1212 1764 1238 1787 s
1255 1756 1442 1796 Dunstano,
1468 1755 1524 1795 qui
1545 1755 1665 1795 pariter
1689 1763 1866 1796 numquam

404 1809 520 1842 adduci
542 1809 646 1849 potuit
664 1808 703 1839 ut
721 1807 878 1840 incestum
898 1807 1083 1848 coniugium
1104 1807 1270 1848 probaret,
1285 1808 1323 1839 ut
1342 1807 1439 1839 refert
1450 1807 1520 1839 eius
1540 1807 1735 1848 biographus
1753 1798 1868 1839 nolier-

401 1862 474 1901 tus,
500 1861 557 1902 qui
584 1870 611 1894 s.
630 1860 790 1893 Dunstani
809 1861 883 1893 acta
901 1868 965 1893 sec.
980 1861 1053 1892 ΧΠ.
1075 1857 1271 1901 perscripsit.
1288 1862 1381 1892 Anno
1395 1862 1467 1892 972
1485 1859 1616 1892 Henrici
1629 1862 1663 1897 et
1671 1859 1870 1897 aethelbu-

403 1923 481 1956 gae,
494 1923 594 1955 quam
616 1914 671 1946 ille
689 1913 749 1946 sibi
774 1913 807 1945 in
823 1922 956 1946 uxorem
976 1913 1156 1945 adsciverat
1169 1914 1229 1945 etsi
1244 1914 1453 1945 monasticam
1467 1913 1568 1945 vitam
1586 1913 1728 1954 professa
1742 1912 1866 1958 inisset.

404 1969 463 1999 An.
484 1970 571 1998 1085.
586 1966 726 2007 idipsum
740 1965 873 2007 contigit
886 1966 972 1998 circa
985 1966 1167 2006 coniugium
1181 1966 1354 1998 Hermanni
1367 1966 1462 2007 Regis
1471 1990 1480 2006 ,
1491 1965 1578 2006 quod
1594 1973 1612 1997 a
1627 1965 1781 2005 Gregorio
1792 1964 1865 1997 vn.

402 2018 598 2058 diremptum
620 2019 680 2050 est.
695 2018 792 2049 Plura
804 2018 868 2050 alia
880 2018 1027 2058 exempla
1045 2018 1219 2050 occurrunt
1230 2018 1462 2058 diremptorum
1478 2016 1636 2049 eiusmodi
1646 2017 1868 2057 coniugiorum

403 2069 490 2111 apud
502 2071 632 2101 lvonem
644 2071 865 2102 carnotensem
886 2070 1090 2111 episcopum,
1105 2079 1203 2111 quem
1217 2071 1440 2103 Communem
1452 2069 1647 2110 qalliarum
1660 2071 1871 2110 maantam

406 2121 585 2162 appellant,
611 2121 733 2162 quique
752 2122 860 2154 floruit
877 2122 937 2155 sub
957 2124 1012 2155 XI.
1029 2131 1092 2155 sec.
1110 2122 1206 2155 finem
1223 2131 1263 2155 ac
1274 2122 1439 2163 sequentis
1454 2122 1559 2154 initia.
1575 2122 1628 2155 Cf.
1644 2121 1790 2157 eiusdem
1805 2122 1870 2163 epi·

404 2173 506 2206 stolas
525 2173 567 2205 de
587 2173 703 2214 quibus
723 2175 839 2207 iterum
860 2175 978 2208 redibit
992 2184 1109 2208 sermo.

494 2226 559 2266 (3³)
580 2228 629 2258 De
648 2227 806 2259 eiusmodi
830 2228 898 2260 sive
927 2228 1186 2269 dispensatione,
1211 2227 1281 2260 sive
1303 2227 1346 2260 ob
1369 2227 1575 2269 gravissimas
1599 2235 1715 2260 caum
1740 2227 1783 2260 ab
1805 2228 1872 2268 epi-

406 2278 512 2319 scopis
545 2278 602 2310 aut
634 2287 654 2310 a
677 2278 822 2311 conciliis
852 2280 1100 2320 provincialibus
1127 2280 1271 2312 adhibita
1303 2279 1502 2320 indulgentia
1530 2288 1586 2312 seu
1616 2278 1872 2314 dissimulatione

404 2331 550 2372 respectu
575 2330 658 2362 male
688 2330 841 2363 initorum
869 2332 1089 2373 coniugiorum
1122 2333 1278 2366 nonnulla
1304 2333 1337 2365 in
1366 2331 1568 2374 praecedenti
1583 2331 1737 2364 articulo
1765 2339 1870 2363 exem-

403 2383 457 2424 pla
481 2383 697 2424 praebuimus.
728 2383 853 2420 Quibus
883 2384 959 2417 addi
988 2388 1093 2426 potest
1122 2386 1212 2427 quod
1242 2387 1367 2428 gestum
1397 2387 1447 2419 est
1470 2385 1506 2418 in
1533 2384 1870 2430 agathensis-murini

403 2443 456 2467 an.
472 2439 543 2467 ωδ.
559 2434 710 2467 celebrati
725 2435 902 2467 canonibus
915 2436 1089 2477 addititiis,
1106 2440 1271 2471 can.LX1.
1283 2446 1380 2478 quem
1393 2436 1561 2478 adoptavit
1574 2445 1666 2469 conc.
1686 2438 1870 2477 Epaonense

403 2495 456 2519 an.
471 2490 542 2519 517.
555 2494 628 2519 can.
646 2488 746 2519 XXX.
767 2487 848 2519 Item
865 2487 898 2519 in
926 2496 1016 2520 conc.
1039 2490 1251 2522 aurelianensi
1266 2491 1322 2522 ΙΙΙ.
1338 2498 1391 2522 an.
1404 2493 1476 2522 538.
1500 2497 1572 2520 ean.
1593 2490 1651 2529 X.;
1669 2497 1730 2521 nec
1748 2494 1817 2521 non
1834 2487 1868 2526 in

403 2539 621 2580 compediensi
644 2548 697 2571 an.
712 2543 781 2572 537.
795 2549 868 2572 can.
880 2541 907 2573 1.
921 2540 955 2572 in
967 2541 1084 2581 quibus
1103 2543 1252 2576 omnihus
1266 2543 1344 2576 dum
1358 2542 1599 2574 matrimonium
1614 2542 1649 2574 in
1660 2543 1777 2583 quarto
1793 2550 1870 2580 wn-

397 2591 622 2632 sanguinitatis
646 2592 749 2633 gradu
771 2594 972 2625 contractum
996 2594 1170 2635 toleratur,
1194 2605 1235 2629 ne
1251 2596 1286 2628 in
1308 2596 1472 2636 posterum
1493 2595 1702 2629 contrahatur
1721 2594 1870 2637 prohibe·

401 2645 455 2676 tur
477 2645 511 2677 et
535 2644 667 2677 irritum
693 2644 885 2678 declaratur.
913 2647 1059 2687 Longum
1072 2647 1169 2681 nimis
1183 2649 1267 2682 esset
1286 2647 1559 2693 heicsingillatim
1573 2647 1721 2689 exemplu
1731 2647 1869 2686 afferte,

402 2705 487 2737 quae
509 2696 670 2738 eiusmodi
697 2698 919 2739 coniugiorum
944 2701 1116 2732 occurrunt
1140 2709 1204 2734 sec.
1230 2702 1288 2734 XI.
1311 2702 1347 2734 et
1366 2702 1442 2734 ΧΗ.
1467 2700 1621 2741 Adeoque
1642 2700 1799 2735 lentorem
1819 2707 1867 2737 re-

401 2750 561 2782 mittimus
576 2750 619 2782 ad
631 2750 795 2785 eruditam
807 2753 858 2791 De
878 2753 1112 2793 episcoporum
1134 2755 1173 2787 in
1193 2753 1506 2796 dispensationibus
1528 2762 1639 2794 super
1653 2754 1869 2788 man-nonu

400 2801 663 2893 impeilugenus'
667 2804 839 2844 potestate
851 2801 1138 2837 dissertationem.
1153 2806 1325 2842 Faventino
1336 2807 1427 2841 1789
1441 2805 1640 2882 quaeestcl.
1652 2804 1868 2844 marine.

404 2861 465 2893 cap
586 2858 598 2886 1
630 2862 650 2885 n
681 2857 713 2887 7-
715 2859 746 2887 9.
1407 2877 1410 2886 ,
1772 2879 1775 2886 ,
1829 2883 1831 2886 ⁴
