1980 3260
331 235 420 283 464
581 248 662 280 un.
691 247 738 280 ιι.
767 245 880 279 sacr.
909 244 1082 290 Atrum.
1111 243 1163 275 nt
1188 243 1354 276 rornsr.
1383 241 1524 275 cmm.

329 329 426 392 lege
449 343 531 374 sua
554 342 632 391 pro
655 324 828 372 obiecto
859 322 993 370 habet
1027 332 1350 370 sacramentum
1376 321 1463 369 sibi
1487 316 1799 381 commissum;

331 401 370 452 si
399 418 501 451 vero
537 399 646 447 fiant
679 398 936 463 illegitimae
959 414 985 445 a
1008 395 1321 445 communitate
1337 434 1348 454 ,
1378 394 1602 444 inhabiles
1626 396 1734 445 fiant
1757 396 1804 445 in

329 478 483 526 ordine
518 474 673 524 sociali
718 484 914 531 tantum,
955 473 1035 522 sed
1079 490 1167 521 non
1211 469 1412 521 absolute
1445 490 1497 521 ac
1529 471 1575 519 in
1611 491 1688 531 se,
1726 469 1806 522 sed

329 551 628 609 extrinsecus,
669 551 716 597 in
751 548 906 598 ordine
940 547 1128 607 sociali,
1167 549 1229 597 ita
1261 559 1310 596 ut
1343 546 1388 596 in
1431 547 1544 597 facie
1579 545 1805 598 societatis

329 627 584 692 coniugium
618 625 748 675 civile
780 625 947 673 nullius
981 622 1039 673 sit
1065 625 1252 681 valoris,
1275 621 1402 673 etsie
1419 624 1496 691 qui
1515 636 1667 674 contra
1689 622 1809 691 prin-

330 704 442 770 cipis
460 703 581 767 leges
598 701 861 750 contrahant
877 701 1131 765 coniugium
1150 699 1376 766 priventur
1393 698 1640 766 privilegiis
1664 697 1809 749 omni-

329 778 414 827 bus
449 778 680 835 civilibus,
720 777 884 843 quibus
919 775 1120 842 alioquin
1155 775 1402 824 fruerentur
1434 778 1553 840 (43).
1581 777 1727 836 Haec,
1764 786 1809 826 et

329 873 416 904 non
453 855 542 903 alia
574 865 642 902 est
674 872 800 902 mens
831 851 1029 918 Angelici
1066 852 1382 918 praeceptoris.

425 933 477 979 ln
513 932 650 980 altero
684 942 830 979 autem
866 941 986 978 textu
1012 948 1065 977 ex
1086 928 1165 977 lib.
1190 927 1352 978 Contra
1379 939 1500 994 gent.
1526 928 1583 978 de
1617 927 1810 996 impedi-

331 1009 493 1057 mentis
527 1008 778 1056 nullatenus
808 1007 899 1072 egit
932 1025 972 1055 s.
1001 1006 1194 1054 Thomas
1213 1044 1223 1063 ,
1262 1005 1342 1053 sed
1377 1022 1597 1071 exponere
1635 1016 1806 1055 tantum

330 1085 519 1135 intendit
550 1085 751 1133 diversos
787 1084 898 1132 fines
934 1082 1234 1140 matrimonii,
1275 1081 1353 1147 qui
1388 1093 1493 1130 sunt
1523 1081 1689 1130 bonum
1731 1099 1811 1131 na-

329 1171 478 1220 turae,
515 1161 681 1210 bonum
712 1160 955 1217 ecelesiae,
992 1159 1156 1207 bonum
1186 1157 1444 1224 politicum,
1472 1175 1525 1207 ac
1548 1158 1719 1207 ratione
1741 1155 1812 1206 di-

328 1254 557 1285 versorum
593 1236 752 1285 horum
787 1235 945 1282 finium
985 1234 1178 1281 affirmat
1213 1233 1545 1282 matrImonium
1582 1234 1812 1283 subiacere

328 1312 523 1361 diversis
558 1312 759 1376 legibus3
793 1321 1012 1376 quatenus
1029 1328 1083 1358 ex
1101 1309 1292 1358 diversis
1318 1310 1418 1358 istis
1441 1309 1618 1375 legibus
1642 1320 1686 1359 et
1708 1309 1810 1378 qui-

328 1388 431 1436 dem
465 1398 618 1436 remote
652 1398 912 1453 repetuntur
946 1387 1098 1435 omnia
1131 1386 1472 1452 impedimenta,
1505 1387 1550 1434 in
1587 1386 1744 1436 ordine
1765 1397 1809 1436 et

329 1465 500 1513 ratione
544 1464 867 1530 uniscuiusque
899 1463 1011 1528 legis
1046 1463 1259 1529 propria;
1297 1481 1351 1511 ac
1386 1474 1621 1529 propterea
1653 1482 1680 1512 a
1712 1463 1810 1529 lege

331 1541 450 1590 civili
484 1542 531 1588 in
564 1540 722 1589 ordine
756 1540 813 1588 ad
846 1539 1014 1588 bonum
1048 1539 1209 1597 civile,
1248 1540 1368 1606 quod
1403 1540 1598 1605 profecto
1629 1538 1810 1589 vinculo

331 1617 630 1665 extrinsecum
664 1627 734 1664 est
765 1617 881 1679 (44).

425 1692 574 1741 Talem
608 1709 864 1757 germanam
903 1709 1006 1740 esse
1041 1708 1079 1740 s.
1107 1692 1312 1741 Doctoris
1345 1702 1538 1740 mentem
1571 1709 1624 1741 ea
1662 1702 1812 1741 osten-

328 1769 463 1826 dunt,
491 1786 607 1835 quae
641 1768 739 1835 ipse
773 1767 1031 1826 constituit,
1072 1786 1279 1834 quaeque
1309 1768 1665 1818 adversariorum
1689 1769 1811 1818 theo-

329 1845 440 1893 riam
470 1845 650 1904 omnino
673 1854 889 1893 evertunt.
914 1845 1031 1892 Sane
1053 1863 1154 1892 cum
1173 1845 1219 1892 in
1238 1845 1308 1892 lv.
1329 1846 1451 1895 Sent.
1474 1845 1580 1893 dist.
1602 1846 1678 1893 42.
1696 1863 1742 1912 q.
1761 1845 1806 1893 2.

325 1934 412 1970 art.
437 1923 481 1969 2.
504 1933 662 1988 quarto
696 1921 784 1970 sibi
819 1921 1059 1970 obiecisset
1091 1921 1213 1980 loco,
1251 1921 1620 1988 impedimentum
1649 1939 1814 1987 cogna-

331 1998 469 2047 tionis
489 1999 650 2063 legalis
675 2016 754 2065 per
776 1998 898 2063 leges
923 1998 1079 2047 civiles
1111 1999 1342 2047 inductum
1359 2037 1370 2057 ,
1404 2016 1522 2065 resp.
1548 2018 1571 2045 «
1587 1998 1655 2046 Ad
1679 2016 1814 2065 quar-

330 2085 423 2122 tum
456 2074 691 2122 dicendum
727 2074 847 2140 quod
875 2074 1120 2139 prohibitio
1157 2074 1263 2139 leqis
1299 2075 1509 2122 humanae
1533 2093 1618 2122 non
1642 2075 1815 2141 suffice·

329 2160 396 2197 ret
431 2150 488 2197 ad
522 2151 886 2216 impedimentum
922 2149 1219 2209 matrimonii,
1256 2151 1347 2198 nisi
1378 2152 1653 2198 interveniret
1685 2151 1815 2199 eccle-

329 2227 425 2274 siae
464 2228 723 2284 auctoritas,
762 2246 879 2294 quae
913 2227 1031 2275 idem
1065 2227 1337 2276 interdicit.»
1354 2227 1421 2275 Ex
1454 2245 1544 2293 quo
1579 2227 1815 2276 manifeste

330 2313 451 2370 patet
484 2303 688 2368 potuisse
721 2305 904 2369 quidem
930 2322 983 2352 ac
1006 2322 1142 2371 posse
1174 2303 1378 2353 infideles
1402 2303 1524 2369 leges
1542 2305 1814 2370 prohibentes

331 2379 505 2428 sancire
539 2378 658 2427 eirca
700 2380 1060 2439 matrimonium,
1099 2399 1188 2430 non
1234 2393 1382 2430 autem
1422 2383 1672 2438 irritantes,
1722 2379 1810 2430 nisi

331 2467 503 2504 tantum
536 2456 582 2503 in
616 2456 771 2504 ordine
806 2475 889 2505 suo
919 2496 928 2514 ,
967 2458 1013 2504 id
1047 2469 1152 2516 est,
1192 2458 1314 2507 civili
1359 2476 1411 2507 ac
1446 2457 1642 2524 politico.
1683 2456 1812 2515 Quod

331 2532 618 2581 confirmatur
644 2551 697 2581 ex
723 2533 780 2580 iis
797 2571 807 2591 ,
840 2550 955 2598 quae
985 2552 1023 2582 s.
1041 2535 1204 2584 Doctor
1231 2534 1387 2584 scribit
1408 2535 1455 2582 in
1475 2533 1740 2601 Quodl'ibeto
1758 2532 1806 2582 B.

427 2656 492 2697 (43)
513 2656 566 2689 Cf.
582 2656 701 2689 Martia
727 2665 761 2689 n.
788 2659 860 2689 227.
886 2656 944 2698 qui
962 2658 1194 2692 animadvertit
1212 2659 1336 2692 nullam
1357 2658 1429 2691 dari
1448 2657 1683 2692 eonnexionem
1702 2656 1756 2691 vel
1776 2657 1811 2690 in

327 2718 365 2743 se
380 2710 412 2742 et
426 2710 543 2742 natura
558 2709 622 2750 rei,
636 2709 692 2742 vel
705 2709 739 2742 in
753 2710 861 2742 mente
875 2719 902 2742 s.
915 2710 1058 2743 Thomae
1072 2711 1156 2745 inter
1178 2714 1370 2754 potestatem
1385 2711 1630 2745 matrimonium
1648 2710 1812 2744 statuendi

332 2763 402 2804 lege
421 2761 511 2795 civili
537 2763 571 2795 et
594 2763 786 2804 potestatem
811 2761 987 2795 dirimendi
1016 2763 1271 2799 matrimonium.
1294 2767 1439 2806 Remque
1464 2763 1608 2806 explieat
1629 2772 1668 2797 ea
1688 2763 1814 2798 ratione

330 2824 397 2858 qua
410 2824 470 2848 nos
484 2815 712 2858 exposuimus.

427 2867 494 2910 (44)
517 2869 568 2902 Cf.
586 2868 741 2903 Leuillier
764 2869 826 2903 loc.
844 2868 900 2902 eit.
917 2868 948 2910 §.
963 2873 994 2903 2.
