1980 3260
245 254 336 302 316
577 266 658 298 Lm.
686 265 733 298 11.
763 265 877 298 SECT.
906 265 936 298 1.
965 265 1017 297 DE
1042 264 1208 297 POTEST.
1238 264 1403 298 Eccms.

244 363 342 394 rum
375 342 701 393 matrimonium
734 344 847 391 inire
879 342 1128 400 voluerint,
1167 353 1210 390 et
1244 360 1333 391 non
1367 343 1516 407 potius
1550 345 1606 393 de
1630 347 1710 405 iis,

241 424 320 489 qui
351 432 561 486 vagantes
595 422 851 487 assuetique
884 420 1118 468 mulierum
1153 420 1457 468 contuberniis
1476 458 1486 477 ,
1514 421 1714 482 mulieri-

240 499 326 546 bus
349 497 551 563 pluribus
575 515 624 546 se
647 515 698 546 se
720 498 1014 560 coniungunt,
1041 496 1134 544 veri
1154 496 1347 544 nominis
1372 496 1487 543 inire
1516 495 1715 544 voluisse

241 574 522 623 matrimonia
556 591 643 622 non
678 583 1041 638 praesumuntur.
1082 572 1133 619 In
1168 572 1311 638 primo
1352 572 1535 638 quidem
1577 589 1687 619 casu
1706 610 1717 630 ,

239 649 448 701 videlicet
479 650 658 716 quando
682 650 829 713 agitur
852 649 909 697 de
931 666 1036 697 vero
1061 649 1172 697 inito
1196 648 1506 706 matrimonio,
1535 648 1721 696 dubium

240 743 342 775 esse
374 744 463 775 non
497 744 632 792 posse
666 744 705 775 s.
744 726 1028 790 congregatio
1061 725 1358 783 existimavit,
1388 725 1595 773 infideles
1621 724 1722 791 plu-

242 820 312 851 res
329 820 488 852 uxores
506 802 722 851 habentes
736 841 746 860 ,
769 813 871 868 post
893 802 1230 851 conversionem
1256 820 1386 851 suam
1406 841 1415 860 ‚
1445 802 1608 850 debere
1631 802 1723 867 pri·
1757 819 1761 822 ’

240 896 574 937 mamuxorem
607 879 818 937 retinere,
857 879 897 928 si
938 890 983 927 et
1021 879 1122 945 ipsa
1161 879 1435 944 baptismum
1476 878 1718 943 suscipiat,

240 954 311 1005 vel
345 955 503 1004 saltem
541 955 745 1004 habitare
779 973 880 1004 cum
921 956 998 1005 illo
1039 956 1311 1004 assentiatur
1349 955 1521 1021 absque
1558 954 1725 1002 iniuria

241 1031 479 1080 Creatoris.
508 1033 559 1079 In
582 1032 719 1080 altero
743 1043 889 1080 autem
913 1050 1044 1090 casu,
1074 1032 1244 1080 scilicet
1275 1031 1456 1097 quando
1486 1031 1633 1095 agitur
1667 1030 1725 1078 de

239 1107 536 1156 matrimoniis
570 1108 627 1155 de
660 1108 824 1174 quibus
859 1108 978 1156 serio
1012 1108 1208 1170 dubitari
1243 1107 1388 1173 possit
1427 1117 1578 1155 utrum
1619 1123 1725 1155 vera

241 1182 405 1231 suerint
437 1183 745 1241 matrimonia,
784 1201 840 1232 an
864 1183 1153 1232 contubernia
1176 1183 1482 1231 tantummodo
1511 1200 1565 1230 ex
1597 1182 1724 1248 cupi-

239 1258 380 1307 ditate
402 1276 503 1307 cum
526 1259 790 1307 mulieribus
817 1260 950 1317 inita,
982 1276 1075 1307 sac.
1105 1259 1388 1324 congregatio
1412 1259 1587 1307 censuit
1621 1259 1725 1306 infi-

240 1334 385 1383 delem
403 1373 413 1393 ,
452 1336 531 1401 qui
566 1336 624 1384 ad
660 1336 796 1384 fidem
832 1336 1126 1392 convertitur,
1166 1353 1302 1400 posse
1335 1345 1436 1403 post
1477 1336 1728 1399 conversio—

242 1428 344 1459 nem
378 1428 507 1460 suam
539 1411 705 1476 eligere
738 1429 1067 1479 quamcumque
1098 1412 1206 1461 velit
1238 1430 1292 1460 ex
1325 1412 1590 1460 mulieribus
1630 1412 1721 1460 iam

240 1486 330 1536 sibi
363 1488 614 1536 coniunctis
637 1526 647 1546 ,
685 1488 818 1537 modo
851 1498 894 1536 et
927 1506 981 1537 ea
1004 1488 1062 1537 ad
1089 1488 1221 1552 fidem
1245 1488 1513 1537 catholicam
1544 1505 1727 1537 conver-

242 1573 361 1612 tatur
383 1601 394 1621 ,
437 1563 709 1630 baptismum
749 1564 987 1631 suscipiat,
1034 1582 1257 1613 consensu
1297 1565 1355 1613 ad
1394 1565 1726 1613 matrimonium

242 1657 454 1704 expresso
487 1657 569 1706 per
601 1640 738 1688 verba
773 1641 830 1688 de
863 1641 1112 1707 praesenti,
1149 1640 1219 1689 vel
1253 1641 1388 1688 etiam
1414 1658 1549 1707 posse
1574 1640 1728 1706 matri-⁴

242 1716 439 1765 monium
474 1716 591 1764 inire
624 1734 724 1765 cum
749 1717 839 1765 alia
862 1717 1062 1784 qualibet
1085 1716 1306 1765 catholica
1330 1717 1517 1765 muliere
1547 1719 1667 1780 (34).
1715 1726 1717 1728 ’

338 1793 528 1860 Insuper
560 1793 798 1858 Gregorius
819 1795 929 1841 XVI.
959 1812 1013 1842 ex
1038 1794 1253 1858 suffragio
1278 1794 1481 1842 eiusdem
1512 1811 1720 1858 congreg.

243 1867 290 1915 id
310 1868 458 1933 ipsum
486 1868 713 1934 probavit,
740 1880 948 1918 renovato
979 1879 1127 1917 tamen
1157 1886 1406 1927 consensu,
1435 1869 1474 1917 si
1499 1869 1727 1917 matrimo-

243 1943 367 1990 nium
393 1943 437 1989 in
469 1944 613 2008 prima
642 1944 882 2010 hypothesi
907 1945 990 2009 (de
1008 1946 1268 2012 primavera
1279 1947 1432 2007 uxore)
1449 1945 1728 1993 contrahitur

246 2034 347 2066 cum
366 2019 561 2067 secunda
578 2020 650 2068 vel
668 2021 798 2069 tertia
814 2022 1019 2085 coniuge,
1036 2021 1191 2069 addita
1207 2019 1415 2068 facultate
1431 2019 1725 2086 dispensandi

245 2094 304 2143 ab
331 2094 683 2161 interpellatione
706 2098 911 2163 coniugis
936 2097 1106 2164 primae
1122 2136 1132 2154 ,
1165 2096 1341 2163 quoties
1360 2107 1437 2144 aut
1454 2097 1550 2145 fieri
1575 2097 1726 2163 reipsa

245 2180 441 2237 nequeat
468 2209 478 2229 ,
525 2183 602 2220 aut
635 2173 674 2220 si
709 2174 836 2223 fieret
861 2213 872 2233 ‚
918 2174 1087 2222 nullius
1130 2173 1337 2221 utilitatis
1371 2173 1465 2221 fore
1498 2184 1727 2240 reputetur

245 2246 368 2294 iuxta
395 2263 449 2294 ea
468 2284 478 2303 ‚
510 2265 625 2312 quae
652 2266 679 2296 a
701 2266 766 2297 sa.
801 2268 888 2298 me.
923 2249 1150 2298 Benedicti
1182 2249 1292 2296 xlv.
1316 2248 1396 2296 lib.
1418 2249 1539 2296 x111.
1560 2249 1626 2298 De
1649 2267 1729 2316 sy-

245 2322 363 2372 nodo
396 2322 663 2372 dioecesana
695 2343 793 2390 cap.
822 2327 938 2374 XXI.
964 2326 1170 2375 traditur.

340 2399 530 2464 Insuper
572 2416 673 2447 cum
715 2402 1048 2450 matrimonium
1093 2419 1181 2450 non
1221 2400 1495 2450 dissolvatur
1538 2401 1585 2448 in
1625 2411 1727 2449 actu

245 2474 390 2540 ipsius
418 2475 721 2523 conversionis
738 2514 748 2531 ‚
776 2487 853 2523 aut
876 2478 1174 2542 susceptionis
1190 2477 1429 2544 baptismi,
1456 2487 1506 2523 ut
1523 2475 1726 2524 nonnulli

245 2567 479 2615 perperam
513 2560 798 2598 autumarunt
819 2553 936 2615 (35),
960 2553 1039 2600 sed
1070 2564 1240 2602 tantum
1269 2570 1370 2600 cum
1406 2551 1552 2600 fidelis
1578 2551 1636 2599 ad
1660 2569 1727 2600 se-

246 2625 417 2678 cundas
451 2626 633 2692 nuptias
667 2626 853 2684 transit3
894 2628 1055 2676 exinde
1089 2629 1165 2687 fit,
1197 2638 1246 2677 ut
1275 2628 1314 2676 si
1344 2636 1584 2692 antequam
1618 2643 1725 2675 con—

340 2771 408 2865 {33
428 2772 903 2866 initieindubissganormitanus,
921 2826 955 2858 in
971 2834 1043 2867 cap.
1061 2829 1217 2866 Quanto,
1239 2825 1397 2859 ostiensis
1413 2825 1447 2857 in
1465 2824 1552 2858 idem
1573 2826 1722 2867 cap.,ssi-

245 2875 386 2910 ahardus
404 2877 438 2910 in
454 2879 486 2910 4.
500 2877 534 2910 d.
551 2882 601 2911 39.
616 2878 677 2911 artt
696 2882 727 2911 2.
740 2879 775 2911 in
794 2878 892 2912 solut.
911 2878 951 2911 ad
970 2878 1106 2912 dubium
1120 2884 1150 2913 2.
1166 2888 1193 2912 s.
1206 2878 1389 2912 Antoninus
1409 2883 1439 2912 3.
1454 2887 1488 2920 q.
1500 2878 1551 2911 tit.
1566 2883 1676 2912 2.c.6.
