1980 3260
341 236 431 284 162
641 246 720 277 mi.
750 245 796 276 ιι.
824 244 936 276 sscr.
967 244 996 274 1.
1026 242 1077 273 nn
1101 240 1267 272 rornsr,
1298 239 1484 272 Ecctss..

341 347 391 377 ac
414 328 559 374 minus
594 324 703 370 sorte
726 321 939 386 impedita
962 335 1096 384 quam
1132 317 1250 364 fictio
1284 317 1411 364 iuris.
1449 318 1495 364 Si
1520 320 1624 383 quis
1659 331 1805 374 tamen

340 404 464 451 malit
489 400 623 465 priori
663 397 927 462 expositioni
962 395 1226 450 adhaerere,
1269 411 1348 458 per
1387 410 1469 440 nos
1503 393 1639 451 licet3
1677 397 1809 445 aliam

341 478 471 525 etiam
507 475 721 522 rationem
745 473 863 519 idem
892 470 1023 535 paulo
1057 469 1184 517 aliter
1206 467 1462 533 explicandi
1488 468 1534 514 in
1558 468 1810 534 insequenti

342 551 522 600 articulo
550 549 864 597 indicabimus.

438 627 620 674 Interim
645 626 756 672 haec
782 623 984 671 sufficere
1016 630 1204 686 possunt
1227 621 1285 668 ad
1310 621 1532 669 notionem
1560 621 1815 670 habendam

343 704 405 751 rei
434 720 524 767 qua
557 703 614 749 de
646 703 853 764 agimus:
893 717 946 747 ex
980 698 1146 764 quibus
1184 698 1316 746 etiam
1358 698 1647 762 intelligimus
1681 715 1816 746 sana-

343 781 506 827 tionem
542 779 589 826 in
618 778 767 825 radice
793 777 942 825 minus
976 776 1155 840 proprie
1176 775 1568 822 rehabilitationem
1597 786 1640 823 et
1662 792 1815 824 conva-

346 856 594 903 lidationem
622 854 817 917 coniugii
847 852 1092 917 nuncupari
1117 871 1127 909 ;
1165 869 1350 916 eamque
1379 869 1407 900 a
1430 851 1610 900 notione
1643 851 1815 917 simpli-

344 933 410 981 cis
444 932 775 997 dispensationis
809 931 1018 986 differre;
1057 946 1201 994 neque
1234 928 1378 978 solum
1414 946 1440 976 a
1479 929 1817 995 dispensatione

345 1026 460 1073 quae
486 1019 583 1056 ante
610 1008 790 1073 nuptias
814 1006 912 1054 dari
941 1006 1078 1062 solet,
1108 1005 1186 1053 sed
1220 1004 1276 1052 ab
1300 1022 1353 1052 ea
1376 1022 1555 1070 quoque
1577 1023 1695 1071 quae
1711 1015 1813 1070 post

344 1083 502 1131 initum
533 1083 785 1146 coniugium
812 1082 909 1130 dari
932 1081 1181 1129 consuevit.
1207 1080 1380 1126 Etenim
1414 1081 1690 1145 dispensatio
1716 1092 1813 1147 post

347 1159 525 1224 nuptias
559 1160 764 1224 quamvis
799 1159 888 1206 dici
918 1158 1061 1223 possit
1094 1157 1313 1221 quaedam
1348 1156 1605 1206 ratihabitio
1626 1195 1636 1215 ,
1680 1167 1815 1223 atque

349 1236 483 1284 etiam
513 1237 710 1293 sanatio,
751 1246 894 1283 tamen
929 1252 1080 1281 revera
1113 1233 1176 1280 nil
1210 1233 1331 1280 aliud
1365 1244 1434 1281 est
1467 1251 1603 1299 quam
1627 1233 1818 1300 simplex

347 1313 624 1377 dispensatio
647 1330 762 1377 quae
794 1312 950 1359 directe
984 1311 1040 1358 ad
1076 1327 1286 1375 praesens
1310 1321 1485 1376 tempus
1509 1310 1712 1359 refertur.
1747 1310 1823 1358 Ni-

344 1389 506 1435 mirum
540 1388 846 1444 matrimonia‚
885 1403 1000 1452 quae
1034 1404 1135 1434 cum
1174 1387 1325 1453 aliquo
1364 1387 1681 1453 impedimento
1713 1397 1822 1436 sunt

345 1473 567 1511 contracta
593 1463 804 1511 deberent
833 1463 1046 1520 dissolvi,
1083 1473 1132 1511 ut
1165 1481 1299 1529 saepe
1332 1464 1409 1521 fit,
1446 1464 1580 1511 etiam
1612 1463 1813 1527 coniugi-

348 1540 433 1588 bus
466 1540 658 1588 maxime
690 1539 875 1597 invitis;
914 1550 959 1588 at
992 1540 1261 1606 quandoque
1284 1540 1562 1604 indulgetur,
1590 1551 1639 1588 ut
1660 1539 1821 1588 coniu-

345 1632 423 1679 ges
452 1615 499 1661 in
520 1615 800 1663 matrimonio
825 1626 1136 1680 permaneant,
1163 1634 1245 1664 seu
1276 1627 1377 1681 post
1404 1617 1569 1681 sactum
1596 1616 1727 1663 datur
1748 1615 1821 1663 di-

349 1692 600 1756 spensatio,
637 1702 770 1757 atque
800 1693 884 1740 hoc
916 1692 961 1739 in
984 1710 1092 1741 casu
1131 1693 1275 1741 solum
1310 1694 1453 1758 primo
1487 1691 1819 1740 matrimonium

347 1768 504 1833 incipit
525 1785 626 1816 esse
653 1768 922 1832 legitimum,
951 1780 994 1816 et
1020 1769 1163 1834 proles
1189 1769 1387 1833 legitima
1410 1769 1459 1816 fit
1481 1807 1490 1825 ‚
1520 1785 1608 1817 non
1632 1767 1826 1833 quidem*

350 1861 401 1891 ac
428 1844 467 1891 si
495 1845 694 1909 legitima
717 1845 773 1892 ab
805 1846 932 1893 initio
960 1846 1140 1903 fuisset,
1175 1845 1255 1894 sed
1290 1845 1340 1892 fit
1371 1844 1569 1909 legitima
1601 1844 1821 1910 quodam-

350 1920 480 1967 modo
509 1938 587 1984 per
628 1921 909 1987 subsequens
949 1922 1279 1970 matrimonium
1313 1931 1413 1988 post
1443 1921 1532 1969 iam
1565 1920 1718 1969 datam
1751 1921 1823 1968 di-

354 1997 695 2061 spensationem.
733 1998 788 2045 At
821 1999 1096 2064 dispensatio
1130 1999 1176 2045 in
1209 1998 1354 2046 radice
1393 2008 1620 2046 revocatur
1663 1997 1820 2045 directe

353 2072 411 2118 ad
444 2083 615 2137 tempus
658 2092 747 2139 quo
778 2076 1108 2124 matrimonium
1149 2093 1250 2123 cum
1291 2075 1609 2140 impedimento
1647 2077 1822 2122 contra-

354 2157 471 2193 ctum
510 2147 614 2205 fuit,
652 2150 1022 2214 impedimentum
1046 2151 1182 2207 tollit,
1223 2150 1554 2198 matrimonium
1576 2150 1822 2198 ratumha-

354 2222 428 2270 bet
461 2223 517 2270 ab
562 2224 714 2282 initio,
754 2228 952 2292 adeoque
992 2227 1139 2293 proles
1180 2228 1376 2291 legitima
1417 2228 1468 2274 fit
1505 2227 1823 2291 legitimatione

355 2298 433 2345 illa
454 2337 464 2356 ‚
504 2317 637 2364 quam
662 2314 820 2349 vocant
837 2305 1135 2386 plenissimam
1152 2342 1164 2360 ,
1204 2322 1408 2370 quaeque
1430 2304 1612 2370 propria
1627 2314 1701 2352 est
1718 2320 1822 2369 pro-

354 2374 412 2422 lis
447 2392 562 2440 quae
595 2393 649 2422 ex
682 2377 886 2441 coniugio
921 2398 1104 2443 prorsus
1137 2381 1334 2446 legitimo
1366 2391 1582 2446 prognata
1620 2391 1715 2439 est,
1753 2390 1823 2429 at-

358 2469 446 2516 que
482 2452 768 2516 distinguitur
801 2471 828 2501 a
868 2455 1182 2519 legitimatione
1216 2458 1406 2523 pleniori
1433 2457 1503 2507 vel
1537 2458 1671 2522 plena
1701 2471 1819 2538 quae

357 2545 436 2592 per
464 2528 742 2595 subsequens
774 2531 906 2578 etiam
938 2534 1268 2582 matrimonium
1300 2534 1501 2583 habetur.

453 2604 566 2653 Hinc
604 2606 738 2653 etiam
767 2607 906 2672 liquet
938 2611 1211 2659 sanationem
1245 2611 1291 2658 in
1324 2610 1473 2658 radice
1514 2626 1647 2675 posse
1685 2625 1821 2672 gene*

358 2680 485 2727 ratim
519 2699 607 2730 non
647 2683 822 2746 exigere
863 2701 1106 2735 consensus
1149 2687 1503 2743 renovationem,
1526 2723 1528 2727 -
1549 2684 1636 2734 seds
1669 2685 1819 2750 potius

358 2756 630 2820 primitivum
661 2776 927 2808 consensum
961 2763 1162 2820 afficere;
1199 2774 1243 2811 et
1266 2762 1362 2810 dari
1393 2779 1529 2827 posse
1562 2762 1695 2809 etiam
1718 2765 1823 2828 post

359 2832 588 2882 defunctos
611 2836 820 2901 coniuges
838 2876 848 2893 ‚
886 2848 935 2885 ut
959 2839 1103 2902 proles
1132 2839 1346 2887 beneficio
1379 2838 1711 2902 legitimationis
1729 2839 1823 2902 ple-

1944 2901 1980 3260 ᾎΨΞΒί-ἐὲε-ε-*ε-ιψν
1972 2847 1980 2878 ,η
1962 2803 1980 2826 a:
1975 2731 1977 2733 .
