1980 3260
350 244 438 291 412
601 258 681 290 Lm.
710 258 757 290 11.
785 257 898 289 sacr.
927 256 1100 289 Atrum.
1130 256 1183 288 m:
1217 255 1381 288 rorcsr⁴
1410 254 1550 289 c1v11.1.

347 353 447 383 nem
470 335 616 398 alege
642 334 823 382 aliunde
856 335 1000 390 iusta,
1039 343 1194 399 utpote
1229 343 1479 399 opportuna
1510 350 1592 398 pro
1625 333 1814 384 maxima

345 427 529 457 casuum
563 419 689 473 parte
715 420 758 456 et
786 426 1104 473 personarum;
1146 409 1237 473 ipsi
1274 426 1434 474 nempe
1466 409 1609 474 pluris
1643 421 1819 474 semper

347 486 544 532 fecerunt
575 485 740 532 bonum
774 485 1052 532 obedientiae
1079 485 1167 549 legi
1191 486 1395 550 quamvis
1419 485 1590 549 rigidae
1613 502 1665 533 ac
1687 485 1820 534 inter-0

346 560 455 607 dum
479 560 781 608 incommodae
799 599 809 618 ,
833 578 968 625 quam
987 561 1196 608 inducere
1221 561 1370 624 legum
1387 572 1683 626 contemptum
1698 598 1710 618 ,
1737 560 1815 626 qui

347 655 522 701 semper
554 654 606 684 ex
640 637 984 685 relaxationihus
1018 637 1196 685 initium
1230 637 1354 684 ducit
1385 639 1534 701 (116).

443 713 561 769 Quin
595 713 727 761 nobis
771 713 883 761 haec
929 714 1236 762 difficultatem
1279 725 1454 771 creent,
1498 714 1628 763 valde
1669 713 1819 780 potius

347 789 578 837 conferunt
611 789 669 837 ad
704 790 1066 854 perstringendos
1095 790 1394 838 adversarios.
1424 791 1682 855 Siquidem:

448 869 490 913 1.
529 866 792 914 Inferimus:
821 883 926 930 ergo
949 866 1106 931 primis
1136 866 1350 914 ecclesiae
1373 866 1537 914 seculis
1562 867 1652 914 iam
1675 866 1818 931 impe—

346 941 541 990 dimenta
574 941 797 1006 vigebant.
820 943 1054 990 Nescimus
1079 959 1182 990 vero
1211 953 1359 990 utrum
1392 942 1636 990 adversarii
1671 952 1823 990 osten-⁴

346 1017 452 1065 dere
500 1030 666 1083 queant
709 1019 767 1066 ad
813 1037 866 1068 ea
911 1019 1260 1068 constabilienda
1310 1019 1545 1083 utriusque
1588 1017 1823 1083 potestatis

347 1094 492 1142 civilis
515 1112 674 1160 nempe
696 1106 739 1143 et
761 1095 1089 1144 ecclesiasticae
1118 1095 1434 1143 simultaneum
1464 1111 1730 1143 concursum
1753 1094 1822 1142 in·

347 1171 590 1219 tervenisse
606 1209 617 1229 ,
643 1171 843 1237 adeoque
866 1171 1071 1219 eumdem
1094 1172 1399 1218 necessarium
1423 1171 1564 1218 fuisse
1586 1170 1645 1219 ad
1672 1170 1820 1234 legum

346 1246 688 1304 relaxationem,
727 1265 796 1295 ex.
821 1265 886 1311 gr.
909 1246 1177 1304 Domitiani,
1210 1257 1254 1294 et
1287 1265 1325 1295 s.
1350 1247 1607 1295 Clementis.

443 1323 487 1369 2.
527 1323 762 1370 Inferimus
797 1323 916 1388 quod
940 1323 979 1370 si
1003 1333 1214 1371 constans
1239 1334 1374 1389 atque
1397 1323 1716 1388 insuperabilis
1749 1340 1822 1372 eo·-

345 1396 510 1445 clesiae
547 1397 788 1446 difficultas
830 1399 886 1446 ad
923 1399 1232 1447 concedendas
1267 1400 1487 1448 eiusmodi
1529 1399 1822 1448 relaxa-tiones

347 1473 585 1538 repetenda
618 1484 712 1531 est,
750 1483 799 1522 ut
832 1474 1075 1524 adversarii
1111 1475 1409 1533 contendunt,
1448 1494 1501 1524 ex
1546 1474 1623 1524 illo
1656 1475 1824 1541 princi-

348 1549 448 1613 pio,
476 1550 597 1614 quod
621 1568 760 1615 penes
784 1551 999 1599 ecclesiae
1022 1562 1176 1616 patres
1209 1552 1344 1599 fixum
1369 1563 1465 1600 erat
1480 1590 1490 1609 ,
1524 1552 1686 1600 debere
1707 1551 1821 1616 legis

347 1624 697 1674 observationem
737 1626 974 1691 quibusvis
1022 1627 1278 1692 praevalere
1320 1628 1498 1676 motivis
1521 1666 1531 1685 ,
1570 1633 1684 1693 quae
1724 1628 1823 1676 eius

346 1701 658 1749 relaxationem
679 1703 942 1760 suaderent,
971 1702 1203 1751 inferimus
1219 1739 1231 1757 ,
1258 1703 1462 1769 inquam:
1486 1720 1592 1767 ergo
1609 1703 1824 1767 agebatur

347 1777 403 1825 de
426 1777 771 1827 relaxationibus
802 1779 859 1827 ab
888 1779 1077 1829 ecclesia
1100 1780 1396 1828 concedendis
1427 1780 1818 1845 aut'denegandis.

350 1853 476 1908 Quod
504 1854 550 1902 'si
584 1854 655 1902 ius
687 1855 1006 1903 relaxationum
1041 1856 1374 1904 connubialium
1397 1867 1466 1904 est
1487 1856 1643 1904 intime
1669 1856 1823 1905 inhae-

348 1946 448 1976 rens
476 1931 680 1993 potestati
715 1930 919 1996 politicae
940 1970 951 1989 ,
990 1931 1179 1996 intelligi
1213 1932 1392 1997 nequit,
1421 1933 1501 1997 qui
1525 1933 1718 1996 potuerit
1744 1932 1820 1980 hic

349 2004 533 2068 spiritus
577 2007 788 2071 antiquae
826 2007 1091 2073 disciplinae
1136 2007 1442 2056 immutabilis*
1471 2017 1533 2056 tot
1571 2008 1822 2056 seculorum

350 2092 491 2128 tractu
521 2093 674 2130 sancte
696 2084 889 2141 servari,
922 2101 1022 2132 cum
1047 2084 1271 2149 potuerint
1293 2083 1450 2132 fideles
1477 2084 1735 2132 omnimoda
1756 2083 1823 2131 fa·-

348 2156 515 2204 cilitate
538 2158 594 2204 ad
619 2159 859 2208 tribunalia
893 2160 1115 2209 secularia
1147 2177 1198 2208 se
1233 2177 1283 2208 se
1319 2160 1516 2225 recipere
1543 2178 1626 2226 pro
1654 2160 1823 2209 relaxa—

349 2232 495 2289 tione,
524 2250 660 2297 quam
685 2234 761 2281 illa
783 2235 932 2283 valide
955 2253 1008 2283 ac
1031 2235 1152 2283 licite
1174 2235 1282 2283 dare
1317 2235 1594 2300 potuissent,
1621 2236 1824 2301 adeoque

351 2308 504 2356 fideles
538 2308 686 2356 valide
720 2322 763 2357 et
801 2311 922 2359 licite
966 2311 1044 2359 illa
1076 2312 1138 2359 uti
1175 2322 1342 2362 contra,
1372 2329 1591 2360 canonum
1634 2319 1816 2361 statuta.

351 2384 629 2450 Quapropter
662 2385 747 2432 hoc
781 2387 897 2434 idem
935 2388 1206 2453 principium
1240 2406 1267 2436 a
1302 2388 1504 2453 patribus
1537 2389 1818 2454 adoptatum,

349 2460 470 2508 iuxta
501 2460 778 2509 adversarios
814 2473 1017 2520 nostros,
1058 2481 1206 2512 nonne
1239 2464 1469 2513 evidenter
1499 2464 1712 2529 supponit
1743 2466 1821 2510 fir-

348 2554 465 2584 mam
488 2537 742 2585 eorumdem
760 2540 1094 2602 persuasionem
1113 2541 1170 2588 ab
1185 2541 1383 2589 ecclesia
1394 2540 1680 2604 repetendam
1695 2556 1822 2596 esse,-

349 2624 391 2660 et
415 2630 445 2661 a
464 2613 561 2662 sola
589 2614 777 2662 ecclesia
812 2614 1024 2663 debuisse
1059 2616 1215 2665 fideles
1246 2616 1520 2704 dependere,
1557 2625 1606 2663 ut
1634 2615 1820 2700 daspen-

349 2690 567 2738 sationem
601 2690 850 2739 obtinerent
870 2692 911 2753 (1
922 2692 944 2736 1
954 2692 999 2752 7)
1017 2690 1040 2736 ⁶?

445 2813 531 2852 (116)
554 2813 640 2846 Luta
661 2823 713 2855 op.
731 2814 787 2846 cit.
808 2813 871 2846 Del
892 2812 1032 2854 diruto,
1053 2814 1269 2855 lett.1e.pag.
1288 2819 1357 2847 286.
1396 2796 1398 2798 ’

444 2867 530 2906 (117)
550 2867 601 2898 Οἵ.
619 2866 729 2900 Gcrdil
745 2875 799 2908 op.
814 2865 869 2899 cit.
888 2868 938 2898 Dc
958 2868 1113 2899 macrim.
1132 2869 1216 2907 part.
1235 2868 1277 2899 u.
1290 2866 1320 2907 §.
1337 2868 1379 2898 X.
