1980 3260
378 258 469 308 362
630 270 712 305 Lm.
741 272 787 305 11.
816 270 930 304 SECT.
958 267 1130 303 ALTERA.
1159 270 1212 302 1)ss
1247 269 1413 302 POTEST.
1441 269 1584 304 clvuJ,

376 354 432 401 de
448 350 760 400 mederentur.
789 349 960 397 Deinde
985 366 1112 407 vero,
1140 358 1190 396 ut
1212 347 1413 396 adstruat
1445 364 1638 397 canones
1669 349 1844 414 legibus

376 431 688 495 imperatorum
723 443 773 475 se
803 425 1108 475 conformasse
1143 422 1190 472 in
1225 424 1476 473 statuendis
1516 422 1846 490 impedimentis

375 500 739 559 connubialibus,
772 512 980 566 provocat
1001 501 1059 548 ad
1083 518 1276 548 canones
1310 500 1596 548 conciliorum
1631 501 1846 564 agathen-

376 579 465 636 sis,
505 574 797 644 epaonensis,
825 577 1107 634 avernensis,
1136 576 1391 624 turonensis
1425 586 1469 624 et
1501 576 1843 627 aurelianensis.

374 655 642 719 Singillatim
677 654 842 702 idcirco
875 664 920 702 et
951 654 1064 701 haec
1097 653 1374 701 excutiamus
1412 664 1598 718 oportet.

474 751 497 776 «
519 731 569 777 ln
602 748 825 797 ancyrano
859 730 1073 788 concilio,
1113 729 1290 795 inquit,
1329 729 1519 794 legimus
1554 730 1732 779 facinus
1767 746 1848 779 cu·-

374 805 572 863 iusdam,
590 806 679 871 qui
704 823 898 872 sponsae
925 805 1133 871 propriae
1159 822 1354 853 sororem
1385 805 1652 864 violaverat,
1678 823 1733 854 ex
1756 822 1847 872 quo

374 881 506 929 etiam
537 881 615 929 illa
648 891 909 947 conceperat
942 881 1119 946 sibique
1152 891 1308 946 postea
1341 898 1493 929 necem
1526 882 1748 931 intulerat.
1780 881 1846 929 lbi

374 967 522 1006 tamen
546 958 659 1005 nihil
682 958 898 1007 habemus
916 958 972 1006 de
988 956 1451 1006 defectu'matrimonii
1474 976 1528 1005 ex
1550 958 1628 1006 tali
1652 959 1842 1007 incestu.

372 1033 524 1082 Solum
559 1035 616 1082 ad
652 1035 966 1100 poenitentiam
993 1031 1057 1081 illi
1088 1034 1348 1098 rediguntur
1381 1034 1458 1100 qui
1491 1034 1594 1082 talis
1634 1034 1846 1083 facinoris

373 1110 548 1158 liuerant
580 1111 779 1168 conscii,
818 1122 862 1159 et
894 1111 1119 1159 adiutores
1153 1112 1242 1173 (9).
1265 1129 1287 1155 n
1318 1110 1414 1158 Hoc
1450 1110 1632 1176 quidem
1663 1109 1849 1159 verissi-

371 1203 494 1233 mum
518 1197 606 1245 est,
635 1204 736 1235 cum
759 1187 934 1235 concilii
959 1202 1123 1251 scopus
1148 1201 1236 1234 non
1260 1183 1393 1234 fuerit
1415 1186 1640 1252 inquirere
1663 1187 1709 1234 in
1733 1204 1846 1253 qua-

371 1261 540 1310 litatem
564 1263 743 1321 delicti,
773 1263 851 1311 sed
876 1263 1031 1328 poenis
1051 1262 1241 1328 plectere
1264 1262 1389 1310 illius
1410 1262 1620 1311 facmoris
1643 1263 1851 1313 conscios

372 1348 417 1386 et
442 1350 763 1404 cooperatores.
787 1340 868 1388 Ast
895 1358 950 1387 ex
978 1339 1062 1388 hoc
1089 1339 1267 1388 silentio
1296 1339 1449 1388 inferri
1475 1340 1633 1406 nequit
1655 1358 1742 1389 non
1766 1358 1850 1407 po-

372 1414 511 1463 tuisse
563 1416 800 1463 concilium
847 1416 1116 1464 constituere
1159 1416 1524 1482 impedimentum
1568 1415 1842 1483 nuptiarum.

370 1490 488 1537 Sane
515 1507 614 1538 can.
636 1492 690 1538 X.
720 1493 957 1540 concilium
988 1493 1157 1540 sanxit:
1190 1493 1530 1558 «Desponsatas
1565 1493 1736 1559 puellas
1755 1533 1766 1552 ,
1803 1506 1848 1543 et

370 1578 472 1631 post
505 1566 562 1614 ab
590 1567 693 1616 aliis
721 1579 894 1634 raptas,
922 1569 1090 1635 placuit
1117 1570 1210 1617 erui
1242 1580 1285 1617 et
1310 1570 1367 1618 iis
1396 1570 1550 1627 reddi,
1579 1570 1744 1636 quibus
1770 1588 1850 1620 an⁴

370 1652 440 1690 tea
472 1642 646 1692 fuerant
678 1645 1002 1710 desponsatae,
1036 1646 1212 1694 etiamsi
1241 1646 1308 1693 eis
1338 1663 1364 1693 a
1390 1646 1645 1711 raptoribus
1671 1647 1761 1696 vim
1790 1646 1847 1694 il-

370 1718 503 1766 latam
522 1720 768 1769 constiterit
790 1724 940 1785 (10).»
954 1722 1094 1779 Quem
1120 1739 1335 1770 canonem
1354 1738 1436 1770 nos
1456 1739 1593 1788 supra
1610 1722 1848 1789 descripsi-

369 1811 468 1843 mus
502 1796 560 1843 ad
593 1798 914 1846 ostendendam
955 1799 1229 1847 decisionem
1275 1798 1411 1846 latam
1446 1798 1504 1846 ab
1539 1799 1624 1847 hoc
1657 1798 1850 1849 concilio

371 1870 416 1917 in
452 1889 589 1920 causa
621 1873 960 1932 matrimoniali3
999 1891 1084 1922 vox
1111 1875 1282 1939 placuit
1315 1874 1497 1923 denotat
1540 1875 1844 1924 auctoritatem

370 1948 594 2011 propriam
629 1949 930 1999 iurisdicentis
962 1951 1007 1998 in
1042 1952 1230 2000 decretis
1269 1951 1381 1999 suis.

472 2045 494 2069 «
516 2026 889 2076 Neocaesariense
918 2028 1177 2085 concilium,
1209 2029 1493 2094 prosequitur
1515 2029 1638 2094 ipse,
1665 2045 1844 2093 gravem

370 2100 683 2163 poenitentiam
708 2104 866 2153 indicit
891 2104 1094 2162 mulieri,
1118 2123 1234 2171 quae
1257 2104 1431 2153 duobus
1451 2105 1660 2153 fratribus
1677 2122 1844 2170 nupse-

368 2175 447 2232 rit,
475 2187 518 2223 et
541 2180 749 2243 supponit
773 2181 858 2229 hoc
886 2182 975 2228 iam
1001 2198 1102 2229 esse
1127 2181 1357 2238 illicitum;
1392 2198 1481 2230 non
1509 2192 1657 2229 tamen
1694 2182 1840 2248 ipsum

367 2253 605 2300 concilium
639 2255 723 2304 hoc
759 2268 849 2305 tum
884 2258 1078 2323 primum
1111 2258 1318 2324 prohibet
1351 2260 1501 2322 (11).»
1531 2259 1658 2307 quta
1679 2258 1736 2307 de
1758 2260 1847 2307 Do-

366 2329 502 2378 minis
536 2331 772 2380 concilium
808 2335 1022 2400 supponit
1053 2335 1138 2383 hoc
1172 2335 1262 2383 iam
1300 2352 1402 2383 esse
1444 2334 1650 2383 illicitum
1679 2354 1689 2392 ;
1739 2351 1844 2399 ergo

366 2404 530 2454 factum
554 2425 610 2455 ne
633 2408 717 2456 fuit
740 2409 943 2458 illicitum
968 2411 1026 2459 ob
1050 2411 1171 2476 leges
1200 2412 1441 2459 Caesarum
1461 2449 1470 2467 ‚
1504 2429 1622 2477 quae
1644 2411 1842 2460 nondum

365 2482 614 2531 existebant
636 2485 753 2547 (12),
775 2502 856 2533 nec
885 2486 972 2534 nisi
1000 2497 1101 2551 post
1129 2487 1303 2553 aliquot
1331 2485 1511 2536 saecula
1546 2485 1846 2551 prodierunt?

475 2623 494 2650 9
529 2618 614 2652 ibid.

461 2617 527 2712 {uin
549 2674 598 2704 Ex
610 2680 695 2705 vers.
708 2672 855 2714 Dionysii
876 2674 991 2715 Exigui
1003 2698 1014 2714 ,
1034 2675 1121 2717 apud
1142 2676 1290 2709 Harduin
1303 2677 1391 2709 Acca
1407 2674 1531 2709 concil.
1544 2675 1624 2708 tom.
1641 2676 1669 2708 I.
1680 2675 1745 2709 ool.
1763 2661 1835 2708 275.

461 2725 530 2818 {ig
550 2725 648 2815 leiiigd
677 2778 768 2811 nulia
788 2778 896 2811 adhuc
917 2780 1022 2812 aetate
1042 2780 1100 2812 itia
1122 2782 1362 2822 promanaverit
1381 2781 1542 2814 eiusmodi
1562 2781 1637 2822 lex,
1658 2789 1743 2822 quae
1762 2780 1842 2814 talia

366 2828 517 2870 coniugia
532 2831 673 2871 vetaret,
689 2832 777 2872 patet
787 2839 826 2864 cx
840 2831 909 2873 lege
925 2834 954 2864 4.
971 2836 1002 2865 5.
1018 2833 1089 2865 Nos
1108 2834 1226 2876 itaque
1247 2834 1284 2867 ff.
1301 2836 1352 2867 De
1368 2832 1483 2875 arad„
1494 2839 1670 2875 omnesque
1691 2832 1771 2867 iuris
1790 2834 1840 2867 im

364 2882 520 2923 terpretes
539 2891 605 2916 uno
627 2892 683 2918 orc
705 2884 856 2917 fatentur.
1868 2884 1870 2887 ’
