1980 3260
0 1280 4 1310 ⁷-
0 641 9 1274 —m-—-—-V——-,—ev·-
0 582 6 629 vm·
0 548 5 569 v,

279 256 368 287 cir.
384 257 446 287 111.
462 257 512 287 ns
533 255 647 288 neci..
663 255 825 287 rornsr.
842 255 944 286 msr.
963 254 1005 286 ιΝ
1024 254 1110 286 mr.
1126 255 1250 287 nuru.
1264 256 1350 287 mn.
1368 253 1460 288 Aur.
1476 254 1505 287 1.
1578 242 1634 287 93

182 350 267 380 non
294 334 421 397 pauci
448 334 543 380 initi
568 333 825 380 iamdudum
850 332 1042 395 coniugii
1067 332 1281 396 pertaesi,
1303 343 1352 379 ut
1375 331 1636 380 solutionem

183 410 262 456 rite
296 410 566 465 obtinerent,
603 409 889 457 obtenderent
923 407 1117 472 aliquam
1152 408 1425 470 cognationis
1453 408 1640 457 affinita-

183 497 268 532 tem
294 486 339 531 in
369 486 508 549 gradu
532 484 779 550 prohibito;
818 484 887 531 vel
911 484 1042 531 etiam
1077 483 1231 531 eadem
1264 483 1525 548 coniugibus
1560 484 1638 533 ob-

183 561 433 608 tenderetur
455 561 511 607 ab
534 561 634 608 aliis
650 598 660 616 ,
690 570 737 607 ut
760 560 816 606 iis
839 559 1085 607 molestiam
1120 570 1318 607 crearent
1340 597 1350 616 ,
1387 577 1553 625 eosque
1580 561 1636 607 ad

185 637 509 702 separationem
543 636 770 698 adigerent
808 637 923 696 (21).

281 711 555 775 Quapropter
586 728 695 757 rom.
719 710 948 773 pontifices
972 720 1020 756 ut
1038 710 1229 757 firmitati
1255 711 1506 775 nuptiarum
1532 728 1634 777 pro-

185 787 427 851 spicerent,
462 785 783 832 constituerunt
800 822 809 840 ,
847 795 893 830 ut
911 786 1169 849 priusquam
1196 786 1298 833 illae
1315 787 1636 835 celebrarentur

183 860 414 925 inquisitio
438 860 589 916 fieret,
628 869 773 906 utrum
797 859 977 924 aliquod
1007 860 1367 923 impedimentum
1395 862 1637 910 intercede-

181 946 271 994 ret,
293 953 344 984 ac
368 936 407 984 si
426 936 542 983 iusta
564 935 797 999 gravisque
821 952 955 982 causa
979 934 1261 994 relaxationis
1286 936 1636 1001 deprehendere-

182 1022 254 1059 tur
275 1050 285 1068 ,
322 1028 528 1058 recursus
563 1010 912 1075 interponeretur
934 1010 989 1057 ad
1014 1011 1303 1074 apostolicam
1327 1011 1501 1069 sedem,
1523 1030 1638 1077 quae

181 1086 386 1134 omnibus
422 1087 503 1133 rite
536 1086 792 1150 perpensis,
829 1085 949 1132 illam
982 1086 1237 1134 concederet
1259 1097 1333 1134 aut
1365 1087 1632 1151 denegaret,

182 1173 312 1227 prout
345 1162 551 1227 expedire
583 1162 726 1209 visum
761 1172 892 1209 esset.
923 1161 1064 1218 Quam
1098 1162 1277 1227 quidem
1311 1163 1471 1226 agendi
1504 1164 1638 1211 ratio-

187 1255 286 1285 nem
309 1238 494 1286 libenter
512 1237 710 1303 probavit
727 1237 914 1284 ecclesia
937 1238 1158 1286 universa.
1180 1239 1244 1286 Eo
1267 1238 1335 1286 vel
1354 1239 1494 1302 magis
1519 1239 1637 1304 quod

184 1331 211 1360 a
244 1330 333 1361 sec.
373 1315 469 1360 XII.
508 1331 558 1361 ac
592 1313 799 1378 deinceps
836 1313 1104 1378 poenitentia
1147 1314 1324 1378 publica
1360 1315 1551 1379 coeperit
1590 1316 1636 1362 in

184 1389 519 1436 desuetudinem
554 1390 675 1437 abire
694 1427 704 1446 ,
744 1389 883 1436 donec
906 1389 1084 1436 omnino
1117 1389 1347 1447 defecerit;
1377 1390 1482 1437 hinc
1504 1408 1638 1439 cano-

183 1483 289 1512 num
308 1467 678 1529 transgressiones
698 1465 914 1513 eiusmodi
929 1466 1139 1513 canonica
1156 1466 1421 1531 poenitentia
1434 1466 1635 1514 mulctari

183 1541 376 1606 amplius
410 1559 497 1589 non
530 1551 742 1607 poterant.
783 1541 1059 1605 Quapropter
1097 1559 1152 1588 ne
1185 1541 1358 1606 penitus
1398 1541 1636 1605 disciplina

183 1628 465 1665 enervaretur
483 1628 727 1665 statuerunt
750 1634 857 1664 rom.
887 1617 1146 1681 pontifices,
1184 1628 1232 1664 ut
1265 1617 1321 1664 ad
1351 1616 1635 1665 obtinendam

184 1694 406 1758 praeviam
441 1694 819 1758 dispensationem
855 1693 910 1740 ab
937 1694 1263 1758 impedimentis
1299 1693 1427 1741 sedes
1459 1704 1636 1758 aposto-

183 1769 268 1816 lica
313 1769 522 1817 adiretur.
569 1770 790 1817 Interdum
822 1787 924 1817 vero
968 1769 1101 1816 iidem
1146 1770 1376 1834 pontifices
1410 1768 1634 1817 nonnullis

182 1845 402 1910 episcopis
426 1845 675 1892 facultatem
699 1845 914 1892 dederunt
936 1846 1224 1911 dispensandi
1248 1846 1507 1910 praesertim
1534 1862 1632 1893 cum

183 1921 451 1986 pauperibus
485 1922 531 1967 in
565 1932 721 1986 quarto
749 1921 919 1984 gradu;
959 1922 1101 1968 rarius
1134 1938 1237 1969 vero
1271 1921 1317 1967 in
1350 1921 1491 1969 tertiof.

277 1996 476 2044 Ceterum
510 1998 712 2062 quamvis
745 1996 849 2044 olim
882 1997 1062 2044 minime
1101 1997 1309 2045 darentur
1346 1996 1634 2044 relaxationes

177 2074 383 2137 praeviae
406 2073 462 2119 ad
481 2072 689 2120 connubii
709 2073 1044 2120 celebrationem
1067 2111 1076 2130 ,
1115 2090 1202 2120 non
1236 2072 1370 2121 semel
1393 2082 1539 2120 tamen
1557 2089 1635 2120 eas

181 2148 308 2196 datas
344 2165 444 2195 esse
467 2149 668 2196 novimus
693 2148 903 2195 anteactis
928 2148 1089 2196 seculis
1105 2158 1334 2213 postquam
1355 2165 1461 2195 cum
1477 2147 1634 2212 aliquo

182 2224 493 2289 impedimento
526 2224 778 2287 coniugium
812 2235 1078 2272 contractum
1113 2235 1219 2272 erat.
1258 2224 1430 2271 Etenim
1464 2234 1636 2288 praeter

182 2299 381 2365 exempla
397 2318 434 2348 s.
454 2300 646 2363 Gregorii
664 2301 742 2358 M.‚
765 2317 815 2348 ac
835 2301 942 2349 forte
965 2300 1103 2364 Sergii
1121 2301 1197 2347 111.
1221 2299 1387 2348 Nicolai
1406 2301 1462 2347 ΙΙ.
1480 2310 1628 2365 atque,

270 2434 335 2475 (21)
354 2436 504 2476 Apposite
527 2435 675 2468 Chardon
694 2438 784 2469 nist.
805 2435 864 2469 des
884 2445 1075 2470 sacremens
1094 2437 1173 2469 tom.
1195 2437 1251 2469 VI.
1268 2436 1320 2469 ch.
1338 2437 1377 2468 X.
1400 2438 1459 2468 Du
1483 2436 1637 2476 naariaqe

181 2495 252 2529 pag.
273 2490 343 2521 327.
379 2488 473 2522 affert
504 2489 586 2521 hanc
608 2489 641 2520 in
670 2497 736 2521 rem
763 2489 980 2522 testimonium
1010 2489 1143 2522 Mezen-ai
1172 2488 1302 2530 Αῠνέρέ
1320 2487 1471 2521 chronol.
1502 2489 1580 2520 tom.
1606 2488 1632 2519 Ι.

181 2549 253 2581 pag.
274 2543 343 2573 274.
372 2553 387 2569 «ι
401 2541 465 2574 Des
487 2542 587 2583 qu’un
614 2542 694 2573 mari
714 2551 755 2573 ou
779 2550 842 2574 une
863 2541 978 2575 femme
1002 2542 1120 2575 etaient
1138 2541 1290 2583 degoutes
1310 2541 1377 2573 l’un
1398 2540 1438 2573 de
1458 2540 1572 2572 l’autre
1590 2547 1634 2571 ou

179 2593 258 2633 qu'il
285 2593 411 2634 premit
433 2594 526 2627 envie
549 2594 568 2626 ὸ
594 2595 769 2635 quelqu’un
801 2595 842 2627 de
867 2595 913 2628 les
935 2595 1101 2634 troubler,
1130 2603 1172 2627 on
1194 2594 1315 2627 n‘avait
1338 2593 1413 2634 qu’a
1434 2592 1586 2625 articulet
1602 2591 1636 2623 et

177 2645 266 2683 juret
286 2645 382 2686 qu’ils
394 2645 512 2678 etaient
523 2648 652 2687 parents
669 2655 709 2678 au
728 2646 822 2685 dean-e
842 2647 993 2688 prohibe,
1013 2649 1046 2680 et
1059 2648 1078 2680 a
1093 2647 1245 2689 produire
1258 2655 1315 2679 sur
1335 2646 1403 2679 cel'a
1423 2645 1480 2678 des
1499 2643 1636 2677 temoins

181 2698 246 2737 (au
267 2697 402 2731 nombre
419 2698 460 2731 de
479 2699 575 2739 neuf,
599 2707 661 2740 que
679 2699 713 2739 je
734 2699 840 2741 crois)
853 2700 933 2733 dont
951 2709 994 2733 on
1011 2709 1052 2734 ne
1072 2700 1239 2742 manquait
1255 2708 1330 2741 pas;
1347 2700 1379 2731 et
1392 2699 1414 2730 il
1435 2697 1555 2738 fallait,
1571 2705 1636 2738 que

179 2750 324 2792 l’eveque
344 2750 527 2793 diocesain,
551 2761 592 2785 ou
615 2761 676 2785 une
696 2753 870 2786 assemhlee
889 2753 1076 2795 d'eveques‚
1095 2754 1145 2786 s’il
1158 2763 1177 2795 y
1196 2754 1283 2786 avait
1302 2752 1442 2794 quelque
1455 2750 1612 2784 difficulte
1624 2774 1635 2790 ‚

182 2805 356 2845 prononeat
382 2804 586 2838 la-dessusz»
617 2807 708 2843 Quae
736 2805 867 2847 quidem
898 2807 1101 2839 Chai-domus
1131 2806 1298 2839 confirmat
1326 2804 1472 2846 exemplo
1494 2802 1634 2844 Philippi

178 2855 310 2895 Augusti
334 2856 366 2888 et
389 2856 513 2896 reginae
535 2857 756 2898 lngelburgae,
783 2867 820 2890 ac
849 2859 993 2900 pluribus
1015 2859 1087 2891 aliis
1113 2859 1218 2891 adhuc
1242 2858 1369 2898 possent
1394 2855 1559 2889 illustrari.
