<?xml version="1.0" encoding="UTF-8"?>
<!DOCTYPE html PUBLIC "-//W3C//DTD XHTML 1.0 Transitional//EN"
    "http://www.w3.org/TR/xhtml1/DTD/xhtml1-transitional.dtd">
<html xmlns="http://www.w3.org/1999/xhtml" xml:lang="en" lang="en">
 <head>
  <title>
</title>
<meta http-equiv="Content-Type" content="text/html;charset=utf-8" />
  <meta name='ocr-system' content='tesseract 3.04.00' />
  <meta name='ocr-capabilities' content='ocr_page ocr_carea ocr_par ocr_line ocrx_word'/>
</head>
<body>
  <div class='ocr_page' id='page_1' title='image "a603380702perruoft_0467.png"; bbox 0 0 1980 3260; ppageno 0'>
   <div class='ocr_carea' id='block_1_1' title="bbox 239 258 1641 310">
    <p class='ocr_par' dir='ltr' id='par_1_1' title="bbox 239 258 1641 310">
     <span class='ocr_line' id='line_1_1' title="bbox 239 258 1641 310; baseline -0.001 -1"><span class='ocrx_word' id='word_1_1' title='bbox 239 275 330 310; x_wconf 61' lang='lat' dir='ltr'>cir.</span> <span class='ocrx_word' id='word_1_2' title='bbox 349 276 410 309; x_wconf 86' lang='lat'>111.</span> <span class='ocrx_word' id='word_1_3' title='bbox 428 275 479 308; x_wconf 73' lang='lat' dir='ltr'>nn</span> <span class='ocrx_word' id='word_1_4' title='bbox 498 274 580 307; x_wconf 74' lang='grc' dir='ltr'>ειν.</span> <span class='ocrx_word' id='word_1_5' title='bbox 600 266 1018 310; x_wconf 68' lang='lat' dir='ltr'>ro&#39;rrsr.1›mnc.1nr.</span> <span class='ocrx_word' id='word_1_6' title='bbox 1037 277 1128 310; x_wconf 65' lang='lat' dir='ltr'>nm..</span> <span class='ocrx_word' id='word_1_7' title='bbox 1142 267 1193 310; x_wconf 67' lang='lat' dir='ltr'>An</span> <span class='ocrx_word' id='word_1_8' title='bbox 1212 258 1336 310; x_wconf 54' lang='lat' dir='ltr'>mm,</span> <span class='ocrx_word' id='word_1_9' title='bbox 1351 269 1445 310; x_wconf 69' lang='lat' dir='ltr'>Aur.</span> <span class='ocrx_word' id='word_1_10' title='bbox 1463 277 1493 310; x_wconf 94' lang='lat'>1.</span> <span class='ocrx_word' id='word_1_11' title='bbox 1551 261 1641 308; x_wconf 81' lang='lat'>463</span> 
     </span>
    </p>
   </div>
   <div class='ocr_carea' id='block_1_2' title="bbox 164 340 1646 2709">
    <p class='ocr_par' dir='ltr' id='par_1_2' title="bbox 172 340 1645 723">
     <span class='ocr_line' id='line_1_2' title="bbox 175 340 1636 413; baseline -0.001 -10"><span class='ocrx_word' id='word_1_12' title='bbox 175 340 274 404; x_wconf 79' lang='lat' dir='ltr'>eius</span> <span class='ocrx_word' id='word_1_13' title='bbox 308 350 621 406; x_wconf 79' lang='lat' dir='ltr'>commentario</span> <span class='ocrx_word' id='word_1_14' title='bbox 659 354 703 401; x_wconf 90' lang='lat' dir='ltr'>in</span> <span class='ocrx_word' id='word_1_15' title='bbox 739 356 806 402; x_wconf 88' lang='lat' dir='ltr'>lv.</span> <span class='ocrx_word' id='word_1_16' title='bbox 836 354 1054 413; x_wconf 85' lang='lat' dir='ltr'>Sentent.,</span> <span class='ocrx_word' id='word_1_17' title='bbox 1084 367 1175 403; x_wconf 90' lang='lat' dir='ltr'>tum</span> <span class='ocrx_word' id='word_1_18' title='bbox 1204 374 1256 404; x_wconf 90' lang='lat' dir='ltr'>ex</span> <span class='ocrx_word' id='word_1_19' title='bbox 1289 355 1366 403; x_wconf 91' lang='lat' dir='ltr'>lib.</span> <span class='ocrx_word' id='word_1_20' title='bbox 1395 356 1464 402; x_wconf 87' lang='lat' dir='ltr'>lv.</span> <span class='ocrx_word' id='word_1_21' title='bbox 1487 354 1636 403; x_wconf 88' lang='lat' dir='ltr'>Contr.</span> 
     </span>
     <span class='ocr_line' id='line_1_3' title="bbox 175 420 1645 497; baseline -0.001 -19"><span class='ocrx_word' id='word_1_22' title='bbox 175 441 295 496; x_wconf 82' lang='lat' dir='ltr'>gent.</span> <span class='ocrx_word' id='word_1_23' title='bbox 315 420 546 495; x_wconf 78' lang='lat' dir='ltr'>Siquidem</span> <span class='ocrx_word' id='word_1_24' title='bbox 577 448 691 496; x_wconf 91' lang='lat' dir='ltr'>quae</span> <span class='ocrx_word' id='word_1_25' title='bbox 715 431 800 479; x_wconf 90' lang='lat' dir='ltr'>huc</span> <span class='ocrx_word' id='word_1_26' title='bbox 827 431 1020 497; x_wconf 87' lang='lat' dir='ltr'>illucque</span> <span class='ocrx_word' id='word_1_27' title='bbox 1048 432 1238 496; x_wconf 86' lang='lat' dir='ltr'>sparsim</span> <span class='ocrx_word' id='word_1_28' title='bbox 1269 432 1401 479; x_wconf 90' lang='lat' dir='ltr'>edicit</span> <span class='ocrx_word' id='word_1_29' title='bbox 1425 450 1463 479; x_wconf 91' lang='lat' dir='ltr'>s.</span> <span class='ocrx_word' id='word_1_30' title='bbox 1486 425 1645 479; x_wconf 78' lang='lat' dir='ltr'>Doctor</span> 
     </span>
     <span class='ocr_line' id='line_1_4' title="bbox 176 507 1643 578; baseline 0 -24"><span class='ocrx_word' id='word_1_31' title='bbox 176 507 233 555; x_wconf 82' lang='lat' dir='ltr'>&#39;ad</span> <span class='ocrx_word' id='word_1_32' title='bbox 268 507 378 578; x_wconf 83' lang='lat' dir='ltr'>baec</span> <span class='ocrx_word' id='word_1_33' title='bbox 412 510 687 554; x_wconf 85' lang='lat' dir='ltr'>revocantur</span> <span class='ocrx_word' id='word_1_34' title='bbox 712 507 830 554; x_wconf 88' lang='lat' dir='ltr'>Haec</span> <span class='ocrx_word' id='word_1_35' title='bbox 864 508 1045 573; x_wconf 92' lang='lat' dir='ltr'>quidem</span> <span class='ocrx_word' id='word_1_36' title='bbox 1080 507 1430 555; x_wconf 83' lang='lat' dir='ltr'>describeremus</span> <span class='ocrx_word' id='word_1_37' title='bbox 1456 507 1543 555; x_wconf 91' lang='lat' dir='ltr'>nisi</span> <span class='ocrx_word' id='word_1_38' title='bbox 1568 510 1643 554; x_wconf 86' lang='lat' dir='ltr'>su-</span> 
     </span>
     <span class='ocr_line' id='line_1_5' title="bbox 176 572 1638 651; baseline 0 -20"><span class='ocrx_word' id='word_1_39' title='bbox 176 572 326 650; x_wconf 75' lang='lat' dir='ltr'>Pei-ius</span> <span class='ocrx_word' id='word_1_40' title='bbox 351 600 403 651; x_wconf 87' lang='lat' dir='ltr'>ea</span> <span class='ocrx_word' id='word_1_41' title='bbox 427 582 756 639; x_wconf 85' lang='lat' dir='ltr'>attulissemus,</span> <span class='ocrx_word' id='word_1_42' title='bbox 779 601 839 633; x_wconf 91' lang='lat' dir='ltr'>ne</span> <span class='ocrx_word' id='word_1_43' title='bbox 858 583 1044 649; x_wconf 87' lang='lat' dir='ltr'>proinde</span> <span class='ocrx_word' id='word_1_44' title='bbox 1068 582 1299 632; x_wconf 86' lang='lat' dir='ltr'>videamur</span> <span class='ocrx_word' id='word_1_45' title='bbox 1322 594 1466 631; x_wconf 90' lang='lat' dir='ltr'>actum</span> <span class='ocrx_word' id='word_1_46' title='bbox 1492 599 1638 647; x_wconf 84' lang='lat' dir='ltr'>agere,</span> 
     </span>
     <span class='ocr_line' id='line_1_6' title="bbox 172 651 807 726; baseline 0.003 -22"><span class='ocrx_word' id='word_1_47' title='bbox 172 651 249 705; x_wconf 88' lang='lat' dir='ltr'>bic</span> <span class='ocrx_word' id='word_1_48' title='bbox 283 675 335 705; x_wconf 89' lang='lat' dir='ltr'>ea</span> <span class='ocrx_word' id='word_1_49' title='bbox 366 668 469 705; x_wconf 89' lang='lat' dir='ltr'>nota</span> <span class='ocrx_word' id='word_1_50' title='bbox 496 658 807 726; x_wconf 86' lang='lat' dir='ltr'>supponimus.</span> 
     </span>
    </p>

    <p class='ocr_par' dir='ltr' id='par_1_3' title="bbox 164 709 1646 2709">
     <span class='ocr_line' id='line_1_7' title="bbox 232 709 1646 798; baseline 0 -18"><span class='ocrx_word' id='word_1_51' title='bbox 232 721 326 780; x_wconf 80' lang='lat' dir='ltr'>Ex</span> <span class='ocrx_word' id='word_1_52' title='bbox 339 733 412 781; x_wconf 93' lang='lat' dir='ltr'>his</span> <span class='ocrx_word' id='word_1_53' title='bbox 427 734 617 782; x_wconf 83' lang='lat' dir='ltr'>textibus</span> <span class='ocrx_word' id='word_1_54' title='bbox 637 732 1041 783; x_wconf 81' lang='lat' dir='ltr'>fundamentalibus</span> <span class='ocrx_word' id='word_1_55' title='bbox 1050 734 1245 798; x_wconf 78' lang='lat' dir='ltr'>Anoehm</span> <span class='ocrx_word' id='word_1_56' title='bbox 1264 734 1454 788; x_wconf 88' lang='lat' dir='ltr'>doctoris</span> <span class='ocrx_word' id='word_1_57' title='bbox 1471 709 1646 782; x_wconf 83' lang='lat' dir='ltr'>conclu·</span> 
     </span>
     <span class='ocr_line' id='line_1_8' title="bbox 173 808 1645 876; baseline 0 -20"><span class='ocrx_word' id='word_1_58' title='bbox 173 808 286 857; x_wconf 82' lang='lat' dir='ltr'>&#39;dunt</span> <span class='ocrx_word' id='word_1_59' title='bbox 313 808 615 873; x_wconf 82' lang='lat' dir='ltr'>theologorum</span> <span class='ocrx_word' id='word_1_60' title='bbox 646 810 845 876; x_wconf 90' lang='lat' dir='ltr'>plerique</span> <span class='ocrx_word' id='word_1_61' title='bbox 863 821 1014 858; x_wconf 89' lang='lat' dir='ltr'>contra</span> <span class='ocrx_word' id='word_1_62' title='bbox 1032 810 1147 857; x_wconf 92' lang='lat' dir='ltr'>hanc</span> <span class='ocrx_word' id='word_1_63' title='bbox 1165 810 1423 857; x_wconf 76' lang='lat' dir='ltr'>sententiam</span> <span class='ocrx_word' id='word_1_64' title='bbox 1444 827 1645 875; x_wconf 89' lang='lat' dir='ltr'>pugnan-</span> 
     </span>
     <span class='ocr_line' id='line_1_9' title="bbox 174 885 1643 951; baseline 0.001 -18"><span class='ocrx_word' id='word_1_65' title='bbox 174 896 263 943; x_wconf 88' lang='lat' dir='ltr'>tes,</span> <span class='ocrx_word' id='word_1_66' title='bbox 287 903 388 933; x_wconf 90' lang='lat' dir='ltr'>eum</span> <span class='ocrx_word' id='word_1_67' title='bbox 414 886 593 933; x_wconf 86' lang='lat' dir='ltr'>stetisse</span> <span class='ocrx_word' id='word_1_68' title='bbox 617 904 696 951; x_wconf 91' lang='lat' dir='ltr'>pro</span> <span class='ocrx_word' id='word_1_69' title='bbox 721 886 941 943; x_wconf 91' lang='lat' dir='ltr'>doctrina,</span> <span class='ocrx_word' id='word_1_70' title='bbox 966 885 1084 951; x_wconf 91' lang='lat' dir='ltr'>quod</span> <span class='ocrx_word' id='word_1_71' title='bbox 1110 886 1340 934; x_wconf 85' lang='lat' dir='ltr'>conveniat</span> <span class='ocrx_word' id='word_1_72' title='bbox 1366 886 1643 951; x_wconf 86' lang='lat' dir='ltr'>principibus</span> 
     </span>
     <span class='ocr_line' id='line_1_10' title="bbox 171 953 1645 1028; baseline 0.001 -19"><span class='ocrx_word' id='word_1_73' title='bbox 171 959 531 1028; x_wconf 79' lang='lat' dir='ltr'>quibuscumque</span> <span class='ocrx_word' id='word_1_74' title='bbox 563 962 606 1010; x_wconf 90' lang='lat' dir='ltr'>vi</span> <span class='ocrx_word' id='word_1_75' title='bbox 642 962 915 1010; x_wconf 87' lang='lat' dir='ltr'>inhaerentis</span> <span class='ocrx_word' id='word_1_76' title='bbox 942 962 1027 1010; x_wconf 89' lang='lat' dir='ltr'>sibi</span> <span class='ocrx_word' id='word_1_77' title='bbox 1058 963 1349 1019; x_wconf 86' lang='lat' dir='ltr'>auctoritatis,</span> <span class='ocrx_word' id='word_1_78' title='bbox 1380 953 1578 1028; x_wconf 87' lang='lat' dir='ltr'>adeoque</span> <span class='ocrx_word' id='word_1_79' title='bbox 1602 971 1645 1010; x_wconf 87' lang='lat' dir='ltr'>et</span> 
     </span>
     <span class='ocr_line' id='line_1_11' title="bbox 170 1037 1643 1103; baseline 0.001 -18"><span class='ocrx_word' id='word_1_80' title='bbox 170 1037 426 1086; x_wconf 88' lang='lat' dir='ltr'>infidelibus</span> <span class='ocrx_word' id='word_1_81' title='bbox 446 1046 644 1103; x_wconf 83' lang='lat' dir='ltr'>potestas</span> <span class='ocrx_word' id='word_1_82' title='bbox 657 1039 910 1103; x_wconf 90' lang='lat' dir='ltr'>apponendi</span> <span class='ocrx_word' id='word_1_83' title='bbox 930 1038 1149 1085; x_wconf 89' lang='lat' dir='ltr'>eiusmodi</span> <span class='ocrx_word' id='word_1_84' title='bbox 1169 1038 1443 1086; x_wconf 90' lang='lat' dir='ltr'>conditiones</span> <span class='ocrx_word' id='word_1_85' title='bbox 1462 1044 1643 1086; x_wconf 83' lang='lat' dir='ltr'>suorum</span> 
     </span>
     <span class='ocr_line' id='line_1_12' title="bbox 170 1113 1646 1179; baseline -0.001 -17"><span class='ocrx_word' id='word_1_86' title='bbox 170 1113 449 1164; x_wconf 58' lang='lat' dir='ltr'>&#39;subditorum</span> <span class='ocrx_word' id='word_1_87' title='bbox 486 1114 735 1179; x_wconf 87' lang='lat' dir='ltr'>coniugiis,</span> <span class='ocrx_word' id='word_1_88' title='bbox 775 1132 890 1179; x_wconf 90' lang='lat' dir='ltr'>quae</span> <span class='ocrx_word' id='word_1_89' title='bbox 926 1114 964 1161; x_wconf 92' lang='lat' dir='ltr'>si</span> <span class='ocrx_word' id='word_1_90' title='bbox 999 1114 1174 1170; x_wconf 83' lang='lat' dir='ltr'>desint,</span> <span class='ocrx_word' id='word_1_91' title='bbox 1207 1114 1432 1162; x_wconf 91' lang='lat' dir='ltr'>inhabiles</span> <span class='ocrx_word' id='word_1_92' title='bbox 1458 1115 1566 1161; x_wconf 88' lang='lat' dir='ltr'>fiant</span> <span class='ocrx_word' id='word_1_93' title='bbox 1589 1113 1646 1161; x_wconf 89' lang='lat' dir='ltr'>ad</span> 
     </span>
     <span class='ocr_line' id='line_1_13' title="bbox 168 1188 1645 1255; baseline -0.001 -17"><span class='ocrx_word' id='word_1_94' title='bbox 168 1190 316 1239; x_wconf 85' lang='lat' dir='ltr'>valide</span> <span class='ocrx_word' id='word_1_95' title='bbox 348 1190 713 1239; x_wconf 89' lang='lat' dir='ltr'>contrahendum.</span> <span class='ocrx_word' id='word_1_96' title='bbox 745 1190 826 1237; x_wconf 90' lang='lat' dir='ltr'>Ast</span> <span class='ocrx_word' id='word_1_97' title='bbox 858 1189 972 1236; x_wconf 87' lang='lat' dir='ltr'>nihil</span> <span class='ocrx_word' id='word_1_98' title='bbox 1010 1189 1095 1236; x_wconf 89' lang='lat' dir='ltr'>tale</span> <span class='ocrx_word' id='word_1_99' title='bbox 1123 1188 1269 1253; x_wconf 80' lang='lat' dir='ltr'>colligi</span> <span class='ocrx_word' id='word_1_100' title='bbox 1304 1207 1437 1255; x_wconf 89' lang='lat' dir='ltr'>posse</span> <span class='ocrx_word' id='word_1_101' title='bbox 1470 1190 1645 1237; x_wconf 87' lang='lat' dir='ltr'>videtur</span> 
     </span>
     <span class='ocr_line' id='line_1_14' title="bbox 169 1265 1645 1332; baseline -0.002 -17"><span class='ocrx_word' id='word_1_102' title='bbox 169 1285 222 1315; x_wconf 84' lang='lat' dir='ltr'>ex</span> <span class='ocrx_word' id='word_1_103' title='bbox 256 1267 440 1315; x_wconf 89' lang='lat' dir='ltr'>obiectis</span> <span class='ocrx_word' id='word_1_104' title='bbox 475 1267 684 1315; x_wconf 82' lang='lat' dir='ltr'>textibus.</span> <span class='ocrx_word' id='word_1_105' title='bbox 724 1268 910 1314; x_wconf 89' lang='lat' dir='ltr'>Tantum</span> <span class='ocrx_word' id='word_1_106' title='bbox 948 1266 1065 1313; x_wconf 93' lang='lat' dir='ltr'>enim</span> <span class='ocrx_word' id='word_1_107' title='bbox 1108 1265 1259 1323; x_wconf 89' lang='lat' dir='ltr'>abest,</span> <span class='ocrx_word' id='word_1_108' title='bbox 1297 1277 1345 1314; x_wconf 90' lang='lat' dir='ltr'>ut</span> <span class='ocrx_word' id='word_1_109' title='bbox 1380 1266 1498 1332; x_wconf 90' lang='lat' dir='ltr'>quod</span> <span class='ocrx_word' id='word_1_110' title='bbox 1538 1271 1645 1314; x_wconf 81' lang='lat' dir='ltr'>&#39;con-</span> 
     </span>
     <span class='ocr_line' id='line_1_15' title="bbox 169 1341 1644 1407; baseline -0.001 -17"><span class='ocrx_word' id='word_1_111' title='bbox 169 1342 357 1392; x_wconf 88' lang='lat' dir='ltr'>tendunt</span> <span class='ocrx_word' id='word_1_112' title='bbox 390 1342 633 1391; x_wconf 83' lang='lat' dir='ltr'>adversarii</span> <span class='ocrx_word' id='word_1_113' title='bbox 668 1341 815 1405; x_wconf 81' lang='lat' dir='ltr'>colligi</span> <span class='ocrx_word' id='word_1_114' title='bbox 844 1341 1010 1406; x_wconf 88' lang='lat' dir='ltr'>possit,</span> <span class='ocrx_word' id='word_1_115' title='bbox 1038 1351 1087 1388; x_wconf 91' lang='lat' dir='ltr'>ut</span> <span class='ocrx_word' id='word_1_116' title='bbox 1111 1359 1148 1389; x_wconf 91' lang='lat' dir='ltr'>s.</span> <span class='ocrx_word' id='word_1_117' title='bbox 1167 1342 1327 1389; x_wconf 90' lang='lat' dir='ltr'>Doctor</span> <span class='ocrx_word' id='word_1_118' title='bbox 1350 1342 1406 1389; x_wconf 92' lang='lat' dir='ltr'>de</span> <span class='ocrx_word' id='word_1_119' title='bbox 1429 1351 1644 1407; x_wconf 89' lang='lat' dir='ltr'>potestate</span> 
     </span>
     <span class='ocr_line' id='line_1_16' title="bbox 169 1412 1646 1484; baseline -0.001 -20"><span class='ocrx_word' id='word_1_120' title='bbox 169 1418 487 1484; x_wconf 88' lang='lat' dir='ltr'>impedimenta</span> <span class='ocrx_word' id='word_1_121' title='bbox 522 1418 818 1467; x_wconf 90' lang='lat' dir='ltr'>constituendi</span> <span class='ocrx_word' id='word_1_122' title='bbox 853 1434 908 1464; x_wconf 90' lang='lat' dir='ltr'>ne</span> <span class='ocrx_word' id='word_1_123' title='bbox 941 1417 1123 1465; x_wconf 87' lang='lat' dir='ltr'>verbum</span> <span class='ocrx_word' id='word_1_124' title='bbox 1159 1418 1335 1483; x_wconf 92' lang='lat' dir='ltr'>quidem</span> <span class='ocrx_word' id='word_1_125' title='bbox 1374 1412 1646 1470; x_wconf 55' lang='lat' dir='ltr'>habeat.,Si-</span> 
     </span>
     <span class='ocr_line' id='line_1_17' title="bbox 170 1493 1639 1560; baseline -0.001 -18"><span class='ocrx_word' id='word_1_126' title='bbox 170 1494 351 1560; x_wconf 86' lang='lat' dir='ltr'>quidem</span> <span class='ocrx_word' id='word_1_127' title='bbox 370 1494 416 1541; x_wconf 86' lang='lat' dir='ltr'>in</span> <span class='ocrx_word' id='word_1_128' title='bbox 437 1494 574 1559; x_wconf 87' lang='lat' dir='ltr'>priori</span> <span class='ocrx_word' id='word_1_129' title='bbox 594 1505 712 1542; x_wconf 82' lang='lat' dir='ltr'>textu</span> <span class='ocrx_word' id='word_1_130' title='bbox 731 1512 783 1541; x_wconf 81' lang='lat' dir='ltr'>ex</span> <span class='ocrx_word' id='word_1_131' title='bbox 802 1494 1116 1541; x_wconf 87' lang='lat' dir='ltr'>commentario</span> <span class='ocrx_word' id='word_1_132' title='bbox 1136 1493 1181 1540; x_wconf 92' lang='lat' dir='ltr'>in</span> <span class='ocrx_word' id='word_1_133' title='bbox 1201 1495 1269 1540; x_wconf 90' lang='lat' dir='ltr'>lv.</span> <span class='ocrx_word' id='word_1_134' title='bbox 1289 1495 1407 1542; x_wconf 91' lang='lat' dir='ltr'>Sent.</span> <span class='ocrx_word' id='word_1_135' title='bbox 1431 1494 1536 1541; x_wconf 88' lang='lat' dir='ltr'>dist.</span> <span class='ocrx_word' id='word_1_136' title='bbox 1563 1495 1639 1540; x_wconf 77' lang='lat'>34.</span> 
     </span>
     <span class='ocr_line' id='line_1_18' title="bbox 169 1562 1639 1637; baseline -0.001 -19"><span class='ocrx_word' id='word_1_137' title='bbox 169 1572 215 1637; x_wconf 78' lang='lat' dir='ltr'>q.</span> <span class='ocrx_word' id='word_1_138' title='bbox 246 1572 291 1618; x_wconf 88' lang='lat'>1.</span> <span class='ocrx_word' id='word_1_139' title='bbox 320 1582 402 1619; x_wconf 90' lang='lat' dir='ltr'>art.</span> <span class='ocrx_word' id='word_1_140' title='bbox 434 1562 478 1617; x_wconf 84' lang='lat'>1.</span> <span class='ocrx_word' id='word_1_141' title='bbox 509 1571 566 1619; x_wconf 90' lang='lat' dir='ltr'>ad</span> <span class='ocrx_word' id='word_1_142' title='bbox 594 1572 636 1617; x_wconf 81' lang='lat'>4.</span> <span class='ocrx_word' id='word_1_143' title='bbox 673 1572 768 1634; x_wconf 81' lang='lat'>(41)</span> <span class='ocrx_word' id='word_1_144' title='bbox 806 1581 855 1618; x_wconf 91' lang='lat' dir='ltr'>ut</span> <span class='ocrx_word' id='word_1_145' title='bbox 887 1580 1007 1635; x_wconf 91' lang='lat' dir='ltr'>patet</span> <span class='ocrx_word' id='word_1_146' title='bbox 1040 1588 1092 1617; x_wconf 85' lang='lat' dir='ltr'>ex</span> <span class='ocrx_word' id='word_1_147' title='bbox 1128 1570 1227 1635; x_wconf 90' lang='lat' dir='ltr'>ipso</span> <span class='ocrx_word' id='word_1_148' title='bbox 1263 1569 1435 1618; x_wconf 89' lang='lat' dir='ltr'>articuli</span> <span class='ocrx_word' id='word_1_149' title='bbox 1475 1568 1601 1618; x_wconf 83' lang='lat' dir='ltr'>titulo</span> <span class='ocrx_word' id='word_1_150' title='bbox 1630 1588 1639 1616; x_wconf 92' lang='grc'>;</span> 
     </span>
     <span class='ocr_line' id='line_1_19' title="bbox 166 1646 1645 1713; baseline -0.001 -19"><span class='ocrx_word' id='word_1_151' title='bbox 166 1657 335 1695; x_wconf 88' lang='lat' dir='ltr'>tantum</span> <span class='ocrx_word' id='word_1_152' title='bbox 371 1648 572 1713; x_wconf 88' lang='lat' dir='ltr'>quaerit:</span> <span class='ocrx_word' id='word_1_153' title='bbox 618 1648 768 1694; x_wconf 78' lang='lat' dir='ltr'>Utrum</span> <span class='ocrx_word' id='word_1_154' title='bbox 812 1649 1083 1695; x_wconf 79' lang='lat' dir='ltr'>matrimonio</span> <span class='ocrx_word' id='word_1_155' title='bbox 1127 1648 1419 1695; x_wconf 79' lang='lat' dir='ltr'>convenienter</span> <span class='ocrx_word' id='word_1_156' title='bbox 1463 1646 1645 1711; x_wconf 75' lang='lat' dir='ltr'>impedi-</span> 
     </span>
     <span class='ocr_line' id='line_1_20' title="bbox 166 1723 1646 1790; baseline -0.001 -19"><span class='ocrx_word' id='word_1_157' title='bbox 166 1723 309 1771; x_wconf 71' lang='lat' dir='ltr'>menta</span> <span class='ocrx_word' id='word_1_158' title='bbox 333 1725 630 1789; x_wconf 77' lang='lat' dir='ltr'>assiqnentur;</span> <span class='ocrx_word' id='word_1_159' title='bbox 657 1742 849 1790; x_wconf 90' lang='lat' dir='ltr'>cumque</span> <span class='ocrx_word' id='word_1_160' title='bbox 873 1724 1179 1788; x_wconf 89' lang='lat' dir='ltr'>respondisset</span> <span class='ocrx_word' id='word_1_161' title='bbox 1206 1725 1465 1790; x_wconf 71' lang='lat' dir='ltr'>affirmative</span> <span class='ocrx_word' id='word_1_162' title='bbox 1495 1740 1646 1771; x_wconf 87' lang='lat' dir='ltr'>recen-</span> 
     </span>
     <span class='ocr_line' id='line_1_21' title="bbox 172 1799 1644 1867; baseline -0.001 -18"><span class='ocrx_word' id='word_1_163' title='bbox 172 1812 240 1849; x_wconf 89' lang='lat' dir='ltr'>set</span> <span class='ocrx_word' id='word_1_164' title='bbox 272 1801 465 1849; x_wconf 90' lang='lat' dir='ltr'>rationes</span> <span class='ocrx_word' id='word_1_165' title='bbox 500 1812 543 1849; x_wconf 91' lang='lat' dir='ltr'>et</span> <span class='ocrx_word' id='word_1_166' title='bbox 575 1801 756 1866; x_wconf 89' lang='lat' dir='ltr'>quidem</span> <span class='ocrx_word' id='word_1_167' title='bbox 789 1811 971 1848; x_wconf 81' lang='lat' dir='ltr'>remotas</span> <span class='ocrx_word' id='word_1_168' title='bbox 1006 1819 1058 1849; x_wconf 85' lang='lat' dir='ltr'>ex</span> <span class='ocrx_word' id='word_1_169' title='bbox 1094 1801 1258 1867; x_wconf 90' lang='lat' dir='ltr'>quibus</span> <span class='ocrx_word' id='word_1_170' title='bbox 1293 1800 1552 1848; x_wconf 89' lang='lat' dir='ltr'>inhabilitas</span> <span class='ocrx_word' id='word_1_171' title='bbox 1587 1799 1644 1847; x_wconf 89' lang='lat' dir='ltr'>ad</span> 
     </span>
     <span class='ocr_line' id='line_1_22' title="bbox 166 1876 1645 1943; baseline -0.001 -19"><span class='ocrx_word' id='word_1_172' title='bbox 166 1877 517 1925; x_wconf 88' lang='lat' dir='ltr'>contrahendum</span> <span class='ocrx_word' id='word_1_173' title='bbox 548 1877 738 1926; x_wconf 86' lang='lat' dir='ltr'>derivari</span> <span class='ocrx_word' id='word_1_174' title='bbox 770 1877 932 1943; x_wconf 89' lang='lat' dir='ltr'>possit,</span> <span class='ocrx_word' id='word_1_175' title='bbox 963 1895 1129 1943; x_wconf 88' lang='lat' dir='ltr'>casque</span> <span class='ocrx_word' id='word_1_176' title='bbox 1153 1877 1353 1941; x_wconf 83' lang='lat' dir='ltr'>assignat</span> <span class='ocrx_word' id='word_1_177' title='bbox 1376 1877 1421 1923; x_wconf 91' lang='lat' dir='ltr'>in</span> <span class='ocrx_word' id='word_1_178' title='bbox 1445 1876 1543 1940; x_wconf 88' lang='lat' dir='ltr'>lege</span> <span class='ocrx_word' id='word_1_179' title='bbox 1565 1894 1645 1923; x_wconf 91' lang='lat' dir='ltr'>na-</span> 
     </span>
     <span class='ocr_line' id='line_1_23' title="bbox 167 1954 1646 2018; baseline -0.002 -16"><span class='ocrx_word' id='word_1_180' title='bbox 167 1956 292 2002; x_wconf 87' lang='lat' dir='ltr'>turae</span> <span class='ocrx_word' id='word_1_181' title='bbox 315 1993 324 2011; x_wconf 97' lang='lat'>,</span> <span class='ocrx_word' id='word_1_182' title='bbox 374 1954 420 2000; x_wconf 88' lang='lat' dir='ltr'>in</span> <span class='ocrx_word' id='word_1_183' title='bbox 462 1954 560 2018; x_wconf 86' lang='lat' dir='ltr'>lege</span> <span class='ocrx_word' id='word_1_184' title='bbox 595 1954 774 2011; x_wconf 88' lang='lat' dir='ltr'>divina,</span> <span class='ocrx_word' id='word_1_185' title='bbox 814 1972 866 2002; x_wconf 88' lang='lat' dir='ltr'>ac</span> <span class='ocrx_word' id='word_1_186' title='bbox 901 1955 947 2000; x_wconf 92' lang='lat' dir='ltr'>in</span> <span class='ocrx_word' id='word_1_187' title='bbox 987 1954 1084 2018; x_wconf 88' lang='lat' dir='ltr'>lege</span> <span class='ocrx_word' id='word_1_188' title='bbox 1128 1954 1275 2011; x_wconf 88' lang='lat' dir='ltr'>civili,</span> <span class='ocrx_word' id='word_1_189' title='bbox 1314 1954 1377 2001; x_wconf 90' lang='lat' dir='ltr'>ita</span> <span class='ocrx_word' id='word_1_190' title='bbox 1419 1963 1563 2000; x_wconf 89' lang='lat' dir='ltr'>tamen</span> <span class='ocrx_word' id='word_1_191' title='bbox 1596 1962 1646 2000; x_wconf 92' lang='lat' dir='ltr'>ut</span> 
     </span>
     <span class='ocr_line' id='line_1_24' title="bbox 166 2029 1643 2096; baseline 0 -19"><span class='ocrx_word' id='word_1_192' title='bbox 166 2031 366 2096; x_wconf 84' lang='lat' dir='ltr'>proxime</span> <span class='ocrx_word' id='word_1_193' title='bbox 401 2031 662 2079; x_wconf 88' lang='lat' dir='ltr'>inhabilitas</span> <span class='ocrx_word' id='word_1_194' title='bbox 688 2031 922 2079; x_wconf 90' lang='lat' dir='ltr'>statuenda</span> <span class='ocrx_word' id='word_1_195' title='bbox 940 2031 999 2079; x_wconf 88' lang='lat' dir='ltr'>sit</span> <span class='ocrx_word' id='word_1_196' title='bbox 1016 2049 1041 2078; x_wconf 91' lang='lat' dir='ltr'>a</span> <span class='ocrx_word' id='word_1_197' title='bbox 1062 2031 1158 2079; x_wconf 90' lang='lat' dir='ltr'>sola</span> <span class='ocrx_word' id='word_1_198' title='bbox 1176 2031 1384 2088; x_wconf 90' lang='lat' dir='ltr'>ecclesia,</span> <span class='ocrx_word' id='word_1_199' title='bbox 1407 2040 1456 2078; x_wconf 90' lang='lat' dir='ltr'>ut</span> <span class='ocrx_word' id='word_1_200' title='bbox 1479 2029 1643 2077; x_wconf 87' lang='lat' dir='ltr'>clarius</span> 
     </span>
     <span class='ocr_line' id='line_1_25' title="bbox 164 2103 1644 2173; baseline -0.002 -18"><span class='ocrx_word' id='word_1_201' title='bbox 164 2103 315 2155; x_wconf 35' lang='lat' dir='ltr'>&#39;adhuc</span> <span class='ocrx_word' id='word_1_202' title='bbox 339 2125 392 2154; x_wconf 84' lang='lat' dir='ltr'>ex</span> <span class='ocrx_word' id='word_1_203' title='bbox 417 2107 620 2155; x_wconf 90' lang='lat' dir='ltr'>dicendis</span> <span class='ocrx_word' id='word_1_204' title='bbox 651 2106 819 2173; x_wconf 86' lang='lat' dir='ltr'>patebit</span> <span class='ocrx_word' id='word_1_205' title='bbox 852 2108 968 2171; x_wconf 77' lang='lat'>(42).</span> <span class='ocrx_word' id='word_1_206' title='bbox 994 2108 1181 2173; x_wconf 90' lang='lat' dir='ltr'>Insuper</span> <span class='ocrx_word' id='word_1_207' title='bbox 1204 2106 1400 2172; x_wconf 87' lang='lat' dir='ltr'>loquitur</span> <span class='ocrx_word' id='word_1_208' title='bbox 1423 2124 1461 2153; x_wconf 91' lang='lat' dir='ltr'>s.</span> <span class='ocrx_word' id='word_1_209' title='bbox 1483 2106 1644 2154; x_wconf 89' lang='lat' dir='ltr'>Doctor</span> 
     </span>
     <span class='ocr_line' id='line_1_26' title="bbox 164 2179 1645 2250; baseline -0.001 -19"><span class='ocrx_word' id='word_1_210' title='bbox 164 2179 225 2232; x_wconf 52' lang='lat' dir='ltr'>&#39;de</span> <span class='ocrx_word' id='word_1_211' title='bbox 259 2183 357 2248; x_wconf 90' lang='lat' dir='ltr'>lege</span> <span class='ocrx_word' id='word_1_212' title='bbox 391 2184 614 2231; x_wconf 90' lang='lat' dir='ltr'>statuendi</span> <span class='ocrx_word' id='word_1_213' title='bbox 652 2184 981 2232; x_wconf 87' lang='lat' dir='ltr'>matrimonium</span> <span class='ocrx_word' id='word_1_214' title='bbox 1017 2184 1061 2231; x_wconf 91' lang='lat' dir='ltr'>in</span> <span class='ocrx_word' id='word_1_215' title='bbox 1097 2184 1250 2249; x_wconf 85' lang='lat' dir='ltr'>ordine</span> <span class='ocrx_word' id='word_1_216' title='bbox 1285 2183 1461 2250; x_wconf 90' lang='lat' dir='ltr'>proprio</span> <span class='ocrx_word' id='word_1_217' title='bbox 1493 2183 1645 2230; x_wconf 91' lang='lat' dir='ltr'>unius-</span> 
     </span>
     <span class='ocr_line' id='line_1_27' title="bbox 164 2252 1643 2329; baseline -0.002 -21"><span class='ocrx_word' id='word_1_218' title='bbox 164 2252 385 2326; x_wconf 82' lang='lat' dir='ltr'>cuiusque</span> <span class='ocrx_word' id='word_1_219' title='bbox 420 2260 556 2307; x_wconf 87' lang='lat' dir='ltr'>officii</span> <span class='ocrx_word' id='word_1_220' title='bbox 592 2278 618 2307; x_wconf 91' lang='lat' dir='ltr'>a</span> <span class='ocrx_word' id='word_1_221' title='bbox 654 2278 743 2326; x_wconf 94' lang='lat' dir='ltr'>quo</span> <span class='ocrx_word' id='word_1_222' title='bbox 777 2260 909 2324; x_wconf 90' lang='lat' dir='ltr'>dirigi</span> <span class='ocrx_word' id='word_1_223' title='bbox 947 2260 1077 2329; x_wconf 80' lang='lat' dir='ltr'>debet</span> <span class='ocrx_word' id='word_1_224' title='bbox 1100 2299 1109 2317; x_wconf 98' lang='lat'>,</span> <span class='ocrx_word' id='word_1_225' title='bbox 1148 2260 1317 2308; x_wconf 91' lang='lat' dir='ltr'>scilicet</span> <span class='ocrx_word' id='word_1_226' title='bbox 1351 2277 1378 2307; x_wconf 91' lang='lat' dir='ltr'>a</span> <span class='ocrx_word' id='word_1_227' title='bbox 1412 2269 1586 2316; x_wconf 89' lang='lat' dir='ltr'>natura,</span> <span class='ocrx_word' id='word_1_228' title='bbox 1617 2276 1643 2305; x_wconf 93' lang='lat' dir='ltr'>a</span> 
     </span>
     <span class='ocr_line' id='line_1_28' title="bbox 166 2333 1643 2402; baseline -0.003 -17"><span class='ocrx_word' id='word_1_229' title='bbox 166 2337 508 2394; x_wconf 87' lang='lat' dir='ltr'>communitate,</span> <span class='ocrx_word' id='word_1_230' title='bbox 542 2336 598 2384; x_wconf 90' lang='lat' dir='ltr'>ab</span> <span class='ocrx_word' id='word_1_231' title='bbox 633 2336 846 2393; x_wconf 88' lang='lat' dir='ltr'>ecclesia,</span> <span class='ocrx_word' id='word_1_232' title='bbox 875 2348 1006 2402; x_wconf 90' lang='lat' dir='ltr'>prout</span> <span class='ocrx_word' id='word_1_233' title='bbox 1039 2336 1367 2384; x_wconf 89' lang='lat' dir='ltr'>matrimonium</span> <span class='ocrx_word' id='word_1_234' title='bbox 1393 2333 1467 2384; x_wconf 81' lang='lat' dir='ltr'>aut</span> <span class='ocrx_word' id='word_1_235' title='bbox 1490 2347 1555 2383; x_wconf 91' lang='lat' dir='ltr'>est</span> <span class='ocrx_word' id='word_1_236' title='bbox 1578 2335 1643 2382; x_wconf 90' lang='lat' dir='ltr'>of-</span> 
     </span>
     <span class='ocr_line' id='line_1_29' title="bbox 167 2413 1643 2471; baseline -0.002 -10"><span class='ocrx_word' id='word_1_237' title='bbox 167 2413 318 2461; x_wconf 89' lang='lat' dir='ltr'>ficium</span> <span class='ocrx_word' id='word_1_238' title='bbox 365 2420 576 2471; x_wconf 88' lang='lat' dir='ltr'>naturae,</span> <span class='ocrx_word' id='word_1_239' title='bbox 616 2424 691 2460; x_wconf 90' lang='lat' dir='ltr'>aut</span> <span class='ocrx_word' id='word_1_240' title='bbox 731 2413 927 2461; x_wconf 88' lang='lat' dir='ltr'>officium</span> <span class='ocrx_word' id='word_1_241' title='bbox 975 2413 1337 2470; x_wconf 90' lang='lat' dir='ltr'>communitatis,</span> <span class='ocrx_word' id='word_1_242' title='bbox 1376 2423 1450 2460; x_wconf 91' lang='lat' dir='ltr'>aut</span> <span class='ocrx_word' id='word_1_243' title='bbox 1494 2428 1643 2459; x_wconf 90' lang='lat' dir='ltr'>sacra-</span> 
     </span>
     <span class='ocr_line' id='line_1_30' title="bbox 165 2487 1642 2556; baseline -0.003 -18"><span class='ocrx_word' id='word_1_244' title='bbox 165 2499 389 2548; x_wconf 87' lang='lat' dir='ltr'>mentum;</span> <span class='ocrx_word' id='word_1_245' title='bbox 418 2490 457 2539; x_wconf 89' lang='lat' dir='ltr'>si</span> <span class='ocrx_word' id='word_1_246' title='bbox 490 2490 598 2538; x_wconf 84' lang='lat' dir='ltr'>fiant</span> <span class='ocrx_word' id='word_1_247' title='bbox 631 2489 887 2554; x_wconf 86' lang='lat' dir='ltr'>illegitimae</span> <span class='ocrx_word' id='word_1_248' title='bbox 921 2508 1138 2556; x_wconf 89' lang='lat' dir='ltr'>personae</span> <span class='ocrx_word' id='word_1_249' title='bbox 1171 2490 1229 2537; x_wconf 91' lang='lat' dir='ltr'>ad</span> <span class='ocrx_word' id='word_1_250' title='bbox 1263 2487 1589 2537; x_wconf 90' lang='lat' dir='ltr'>matrimonium</span> <span class='ocrx_word' id='word_1_251' title='bbox 1615 2505 1642 2534; x_wconf 86' lang='lat' dir='ltr'>a</span> 
     </span>
     <span class='ocr_line' id='line_1_31' title="bbox 165 2563 1643 2633; baseline -0.003 -19"><span class='ocrx_word' id='word_1_252' title='bbox 165 2565 263 2631; x_wconf 86' lang='lat' dir='ltr'>lege</span> <span class='ocrx_word' id='word_1_253' title='bbox 298 2567 508 2625; x_wconf 88' lang='lat' dir='ltr'>naturae,</span> <span class='ocrx_word' id='word_1_254' title='bbox 554 2567 750 2633; x_wconf 88' lang='lat' dir='ltr'>profecto</span> <span class='ocrx_word' id='word_1_255' title='bbox 795 2566 1018 2615; x_wconf 89' lang='lat' dir='ltr'>inhabiles</span> <span class='ocrx_word' id='word_1_256' title='bbox 1054 2567 1110 2614; x_wconf 91' lang='lat' dir='ltr'>ad</span> <span class='ocrx_word' id='word_1_257' title='bbox 1145 2566 1495 2616; x_wconf 88' lang='lat' dir='ltr'>contrahendum</span> <span class='ocrx_word' id='word_1_258' title='bbox 1540 2563 1643 2611; x_wconf 89' lang='lat' dir='ltr'>illae</span> 
     </span>
     <span class='ocr_line' id='line_1_32' title="bbox 166 2641 1640 2709; baseline -0.003 -18"><span class='ocrx_word' id='word_1_259' title='bbox 166 2643 441 2702; x_wconf 82' lang='lat' dir='ltr'>efficiuntur3</span> <span class='ocrx_word' id='word_1_260' title='bbox 472 2645 576 2693; x_wconf 90' lang='lat' dir='ltr'>item</span> <span class='ocrx_word' id='word_1_261' title='bbox 612 2645 651 2692; x_wconf 90' lang='lat' dir='ltr'>si</span> <span class='ocrx_word' id='word_1_262' title='bbox 686 2644 946 2709; x_wconf 86' lang='lat' dir='ltr'>illegitimae</span> <span class='ocrx_word' id='word_1_263' title='bbox 981 2645 1088 2693; x_wconf 88' lang='lat' dir='ltr'>fiant</span> <span class='ocrx_word' id='word_1_264' title='bbox 1121 2645 1177 2692; x_wconf 91' lang='lat' dir='ltr'>ab</span> <span class='ocrx_word' id='word_1_265' title='bbox 1211 2643 1424 2699; x_wconf 87' lang='lat' dir='ltr'>ecclesia,</span> <span class='ocrx_word' id='word_1_266' title='bbox 1454 2641 1640 2707; x_wconf 89' lang='lat' dir='ltr'>quaein</span> 
     </span>
    </p>
   </div>
   <div class='ocr_carea' id='block_1_3' title="bbox 262 2780 1639 2877">
    <p class='ocr_par' dir='ltr' id='par_1_4' title="bbox 262 2780 1639 2877">
     <span class='ocr_line' id='line_1_33' title="bbox 262 2780 1263 2824; baseline -0.003 -10"><span class='ocrx_word' id='word_1_267' title='bbox 262 2780 328 2822; x_wconf 85' lang='lat'>(41)</span> <span class='ocrx_word' id='word_1_268' title='bbox 346 2783 384 2814; x_wconf 83' lang='lat' dir='ltr'>In</span> <span class='ocrx_word' id='word_1_269' title='bbox 405 2782 581 2824; x_wconf 81' lang='lat' dir='ltr'>supplem.</span> <span class='ocrx_word' id='word_1_270' title='bbox 594 2783 703 2815; x_wconf 81' lang='lat' dir='ltr'>autem</span> <span class='ocrx_word' id='word_1_271' title='bbox 719 2783 768 2815; x_wconf 85' lang='lat' dir='ltr'>est</span> <span class='ocrx_word' id='word_1_272' title='bbox 783 2783 924 2820; x_wconf 72' lang='lat' dir='ltr'>Quae-st</span> <span class='ocrx_word' id='word_1_273' title='bbox 938 2784 976 2816; x_wconf 91' lang='lat' dir='ltr'>L.</span> <span class='ocrx_word' id='word_1_274' title='bbox 995 2783 1056 2815; x_wconf 81' lang='lat' dir='ltr'>art.</span> <span class='ocrx_word' id='word_1_275' title='bbox 1075 2781 1162 2814; x_wconf 86' lang='lat' dir='ltr'>unic.</span> <span class='ocrx_word' id='word_1_276' title='bbox 1178 2780 1217 2812; x_wconf 83' lang='lat' dir='ltr'>ad</span> <span class='ocrx_word' id='word_1_277' title='bbox 1234 2783 1263 2812; x_wconf 97' lang='lat'>4.</span> 
     </span>
     <span class='ocr_line' id='line_1_34' title="bbox 264 2831 1639 2877; baseline -0.002 -12"><span class='ocrx_word' id='word_1_278' title='bbox 264 2833 329 2874; x_wconf 82' lang='lat'>(42)</span> <span class='ocrx_word' id='word_1_279' title='bbox 352 2834 402 2867; x_wconf 76' lang='lat' dir='ltr'>Cf</span> <span class='ocrx_word' id='word_1_280' title='bbox 419 2835 574 2868; x_wconf 81' lang='lat' dir='ltr'>Leuillier</span> <span class='ocrx_word' id='word_1_281' title='bbox 596 2844 650 2877; x_wconf 86' lang='lat' dir='ltr'>op.</span> <span class='ocrx_word' id='word_1_282' title='bbox 667 2835 722 2868; x_wconf 90' lang='lat' dir='ltr'>cit.</span> <span class='ocrx_word' id='word_1_283' title='bbox 741 2834 880 2868; x_wconf 80' lang='lat' dir='ltr'>observ.</span> <span class='ocrx_word' id='word_1_284' title='bbox 894 2837 948 2868; x_wconf 90' lang='grc' dir='ltr'>ΙΙ.</span> <span class='ocrx_word' id='word_1_285' title='bbox 971 2835 1139 2875; x_wconf 82' lang='lat' dir='ltr'>inscripta:</span> <span class='ocrx_word' id='word_1_286' title='bbox 1161 2834 1278 2865; x_wconf 76' lang='lat' dir='ltr'>Sancti</span> <span class='ocrx_word' id='word_1_287' title='bbox 1302 2831 1449 2864; x_wconf 77' lang='lat' dir='ltr'>rhomae</span> <span class='ocrx_word' id='word_1_288' title='bbox 1468 2831 1639 2863; x_wconf 65' lang='lat' dir='ltr'>sententia</span> 
     </span>
    </p>
   </div>
   <div class='ocr_carea' id='block_1_4' title="bbox 166 2887 864 2928">
    <p class='ocr_par' dir='ltr' id='par_1_5' title="bbox 166 2887 864 2928">
     <span class='ocr_line' id='line_1_35' title="bbox 166 2887 864 2928; baseline 0.004 -11"><span class='ocrx_word' id='word_1_289' title='bbox 166 2894 189 2917; x_wconf 86' lang='lat' dir='ltr'>a</span> <span class='ocrx_word' id='word_1_290' title='bbox 204 2887 361 2919; x_wconf 74' lang='lat' dir='ltr'>launoio</span> <span class='ocrx_word' id='word_1_291' title='bbox 381 2887 478 2920; x_wconf 84' lang='lat' dir='ltr'>haud</span> <span class='ocrx_word' id='word_1_292' title='bbox 499 2889 631 2921; x_wconf 69' lang='lat' dir='ltr'>sincere</span> <span class='ocrx_word' id='word_1_293' title='bbox 651 2887 767 2922; x_wconf 78' lang='lat' dir='ltr'>relata</span> <span class='ocrx_word' id='word_1_294' title='bbox 787 2888 818 2928; x_wconf 84' lang='lat'>§.</span> <span class='ocrx_word' id='word_1_295' title='bbox 837 2895 864 2920; x_wconf 74' lang='lat'>1.</span> 
     </span>
    </p>
   </div>
  </div>
 </body>
</html>
