<?xml version="1.0" encoding="UTF-8"?>
<!DOCTYPE html PUBLIC "-//W3C//DTD XHTML 1.0 Transitional//EN"
    "http://www.w3.org/TR/xhtml1/DTD/xhtml1-transitional.dtd">
<html xmlns="http://www.w3.org/1999/xhtml" xml:lang="en" lang="en">
 <head>
  <title>
</title>
<meta http-equiv="Content-Type" content="text/html;charset=utf-8" />
  <meta name='ocr-system' content='tesseract 3.04.00' />
  <meta name='ocr-capabilities' content='ocr_page ocr_carea ocr_par ocr_line ocrx_word'/>
</head>
<body>
  <div class='ocr_page' id='page_1' title='image "a603380702perruoft_0117.png"; bbox 0 0 1980 3260; ppageno 0'>
   <div class='ocr_carea' id='block_1_1' title="bbox 298 209 1657 274">
    <p class='ocr_par' dir='ltr' id='par_1_1' title="bbox 298 209 1657 274">
     <span class='ocr_line' id='line_1_1' title="bbox 298 209 1657 274; baseline -0.001 -20"><span class='ocrx_word' id='word_1_1' title='bbox 298 223 461 274; x_wconf 49' lang='lat' dir='ltr'><strong>enan.</strong></span> <span class='ocrx_word' id='word_1_2' title='bbox 476 224 526 254; x_wconf 76' lang='lat' dir='ltr'><strong>nu</strong></span> <span class='ocrx_word' id='word_1_3' title='bbox 541 222 654 254; x_wconf 69' lang='lat' dir='ltr'><strong>sect.</strong></span> <span class='ocrx_word' id='word_1_4' title='bbox 669 223 830 254; x_wconf 72' lang='lat' dir='ltr'><strong>rorssr.</strong></span> <span class='ocrx_word' id='word_1_5' title='bbox 849 223 951 253; x_wconf 74' lang='lat' dir='ltr'><strong>msr.</strong></span> <span class='ocrx_word' id='word_1_6' title='bbox 967 222 1007 253; x_wconf 79' lang='grc' dir='ltr'><strong>ιΝ</strong></span> <span class='ocrx_word' id='word_1_7' title='bbox 1022 223 1107 252; x_wconf 75' lang='lat' dir='ltr'><strong>rur.</strong></span> <span class='ocrx_word' id='word_1_8' title='bbox 1125 223 1247 253; x_wconf 68' lang='lat' dir='ltr'><strong>nnn.</strong></span> <span class='ocrx_word' id='word_1_9' title='bbox 1267 223 1348 254; x_wconf 82' lang='lat' dir='ltr'><strong>nm.</strong></span> <span class='ocrx_word' id='word_1_10' title='bbox 1370 223 1463 254; x_wconf 72' lang='lat' dir='ltr'><strong>Aur.</strong></span> <span class='ocrx_word' id='word_1_11' title='bbox 1483 224 1527 254; x_wconf 90' lang='lat' dir='ltr'><strong>u.</strong></span> <span class='ocrx_word' id='word_1_12' title='bbox 1570 209 1657 253; x_wconf 78' lang='lat'><strong>113</strong></span> 
     </span>
    </p>
   </div>
   <div class='ocr_carea' id='block_1_2' title="bbox 199 298 1661 738">
    <p class='ocr_par' dir='ltr' id='par_1_2' title="bbox 199 298 1661 738">
     <span class='ocr_line' id='line_1_2' title="bbox 201 298 1655 364; baseline 0 -19"><span class='ocrx_word' id='word_1_13' title='bbox 201 310 316 346; x_wconf 83' lang='lat' dir='ltr'><strong>ctata</strong></span> <span class='ocrx_word' id='word_1_14' title='bbox 340 311 494 346; x_wconf 85' lang='lat' dir='ltr'><strong>natura</strong></span> <span class='ocrx_word' id='word_1_15' title='bbox 511 336 522 355; x_wconf 89' lang='lat'><strong>,</strong></span> <span class='ocrx_word' id='word_1_16' title='bbox 544 299 637 346; x_wconf 81' lang='lat' dir='ltr'><strong>sive</strong></span> <span class='ocrx_word' id='word_1_17' title='bbox 661 299 793 346; x_wconf 89' lang='lat' dir='ltr'><strong>totius</strong></span> <span class='ocrx_word' id='word_1_18' title='bbox 811 298 1084 362; x_wconf 82' lang='lat' dir='ltr'><strong>antiquitatis</strong></span> <span class='ocrx_word' id='word_1_19' title='bbox 1101 299 1427 362; x_wconf 83' lang='lat' dir='ltr'><strong>conspiratione</strong></span> <span class='ocrx_word' id='word_1_20' title='bbox 1445 311 1487 345; x_wconf 86' lang='lat' dir='ltr'><strong>et</strong></span> <span class='ocrx_word' id='word_1_21' title='bbox 1505 301 1626 364; x_wconf 85' lang='lat' dir='ltr'><strong>praxi</strong></span> <span class='ocrx_word' id='word_1_22' title='bbox 1647 338 1655 350; x_wconf 87' lang='grc'>,</span> 
     </span>
     <span class='ocr_line' id='line_1_3' title="bbox 201 373 1656 439; baseline 0 -19"><span class='ocrx_word' id='word_1_23' title='bbox 201 374 295 421; x_wconf 85' lang='lat' dir='ltr'><strong>sive</strong></span> <span class='ocrx_word' id='word_1_24' title='bbox 323 376 548 422; x_wconf 87' lang='lat' dir='ltr'><strong>saniorum</strong></span> <span class='ocrx_word' id='word_1_25' title='bbox 581 374 882 436; x_wconf 79' lang='lat' dir='ltr'><strong>theologorum</strong></span> <span class='ocrx_word' id='word_1_26' title='bbox 916 384 960 419; x_wconf 90' lang='lat' dir='ltr'><strong>et</strong></span> <span class='ocrx_word' id='word_1_27' title='bbox 992 373 1101 420; x_wconf 86' lang='lat' dir='ltr'><strong>iuris</strong></span> <span class='ocrx_word' id='word_1_28' title='bbox 1136 374 1335 420; x_wconf 88' lang='lat' dir='ltr'><strong>canonici</strong></span> <span class='ocrx_word' id='word_1_29' title='bbox 1372 375 1656 439; x_wconf 81' lang='lat' dir='ltr'><strong>interpretum</strong></span> 
     </span>
     <span class='ocr_line' id='line_1_4' title="bbox 199 449 1661 514; baseline 0 -19"><span class='ocrx_word' id='word_1_30' title='bbox 199 450 420 497; x_wconf 90' lang='lat' dir='ltr'><strong>communi</strong></span> <span class='ocrx_word' id='word_1_31' title='bbox 462 467 682 497; x_wconf 90' lang='lat' dir='ltr'><strong>consensu</strong></span> <span class='ocrx_word' id='word_1_32' title='bbox 705 487 715 505; x_wconf 92' lang='lat'><strong>,</strong></span> <span class='ocrx_word' id='word_1_33' title='bbox 754 449 992 513; x_wconf 83' lang='lat' dir='ltr'><strong>praecipue</strong></span> <span class='ocrx_word' id='word_1_34' title='bbox 1033 464 1136 494; x_wconf 87' lang='lat' dir='ltr'><strong>vero</strong></span> <span class='ocrx_word' id='word_1_35' title='bbox 1172 450 1449 495; x_wconf 88' lang='lat' dir='ltr'><strong>romanorum</strong></span> <span class='ocrx_word' id='word_1_36' title='bbox 1489 450 1661 514; x_wconf 89' lang='lat' dir='ltr'><strong>pontifi—</strong></span> 
     </span>
     <span class='ocr_line' id='line_1_5' title="bbox 199 523 1658 589; baseline -0.001 -18"><span class='ocrx_word' id='word_1_37' title='bbox 199 542 300 571; x_wconf 86' lang='lat' dir='ltr'><strong>cum</strong></span> <span class='ocrx_word' id='word_1_38' title='bbox 342 526 496 572; x_wconf 86' lang='lat' dir='ltr'><strong>iterata</strong></span> <span class='ocrx_word' id='word_1_39' title='bbox 534 525 731 572; x_wconf 87' lang='lat' dir='ltr'><strong>doctrina</strong></span> <span class='ocrx_word' id='word_1_40' title='bbox 770 536 813 572; x_wconf 92' lang='lat' dir='ltr'><strong>et</strong></span> <span class='ocrx_word' id='word_1_41' title='bbox 852 524 1108 571; x_wconf 87' lang='lat' dir='ltr'><strong>auctoritate</strong></span> <span class='ocrx_word' id='word_1_42' title='bbox 1153 523 1325 570; x_wconf 84' lang='lat' dir='ltr'><strong>excludi</strong></span> <span class='ocrx_word' id='word_1_43' title='bbox 1361 525 1595 589; x_wconf 70' lang='lat' dir='ltr'><strong>episcopos</strong></span> <span class='ocrx_word' id='word_1_44' title='bbox 1633 542 1658 570; x_wconf 88' lang='lat' dir='ltr'><strong>a</strong></span> 
     </span>
     <span class='ocr_line' id='line_1_6' title="bbox 200 598 1658 663; baseline -0.001 -18"><span class='ocrx_word' id='word_1_45' title='bbox 200 599 294 646; x_wconf 82' lang='lat' dir='ltr'><strong>iure</strong></span> <span class='ocrx_word' id='word_1_46' title='bbox 323 600 520 646; x_wconf 90' lang='lat' dir='ltr'><strong>solvendi</strong></span> <span class='ocrx_word' id='word_1_47' title='bbox 556 600 869 663; x_wconf 86' lang='lat' dir='ltr'><strong>impedimenta</strong></span> <span class='ocrx_word' id='word_1_48' title='bbox 904 599 1226 644; x_wconf 80' lang='lat' dir='ltr'><strong>matrimonium</strong></span> <span class='ocrx_word' id='word_1_49' title='bbox 1252 598 1528 652; x_wconf 80' lang='lat' dir='ltr'><strong>dirimentia,</strong></span> <span class='ocrx_word' id='word_1_50' title='bbox 1560 599 1658 645; x_wconf 91' lang='lat' dir='ltr'><strong>inu-</strong></span> 
     </span>
     <span class='ocr_line' id='line_1_7' title="bbox 199 674 1656 738; baseline 0 -18"><span class='ocrx_word' id='word_1_51' title='bbox 199 675 264 721; x_wconf 91' lang='lat' dir='ltr'><strong>tili</strong></span> <span class='ocrx_word' id='word_1_52' title='bbox 299 675 430 738; x_wconf 89' lang='lat' dir='ltr'><strong>plane</strong></span> <span class='ocrx_word' id='word_1_53' title='bbox 464 675 756 721; x_wconf 83' lang='lat' dir='ltr'><strong>conficiuntur</strong></span> <span class='ocrx_word' id='word_1_54' title='bbox 788 674 958 728; x_wconf 87' lang='lat' dir='ltr'><strong>labore,</strong></span> <span class='ocrx_word' id='word_1_55' title='bbox 988 674 1064 736; x_wconf 88' lang='lat' dir='ltr'><strong>qui</strong></span> <span class='ocrx_word' id='word_1_56' title='bbox 1096 674 1252 720; x_wconf 89' lang='lat' dir='ltr'><strong>iisdem</strong></span> <span class='ocrx_word' id='word_1_57' title='bbox 1290 674 1396 720; x_wconf 92' lang='lat' dir='ltr'><strong>illud</strong></span> <span class='ocrx_word' id='word_1_58' title='bbox 1433 674 1656 720; x_wconf 83' lang='lat' dir='ltr'><strong>vindicare</strong></span> 
     </span>
    </p>
   </div>
   <div class='ocr_carea' id='block_1_3' title="bbox 197 750 508 810">
    <p class='ocr_par' dir='ltr' id='par_1_3' title="bbox 197 750 508 810">
     <span class='ocr_line' id='line_1_8' title="bbox 197 750 508 810; baseline -0.013 -13"><span class='ocrx_word' id='word_1_59' title='bbox 197 750 357 797; x_wconf 90' lang='lat' dir='ltr'><strong>vellent</strong></span> <span class='ocrx_word' id='word_1_60' title='bbox 394 751 508 810; x_wconf 78' lang='lat'><strong>(60).</strong></span> 
     </span>
    </p>
   </div>
   <div class='ocr_carea' id='block_1_4' title="bbox 744 880 1108 916">
    <p class='ocr_par' dir='ltr' id='par_1_4' title="bbox 744 880 1108 916">
     <span class='ocr_line' id='line_1_9' title="bbox 744 880 1108 916; baseline 0.003 -1"><span class='ocrx_word' id='word_1_61' title='bbox 744 880 1016 916; x_wconf 72' lang='lat' dir='ltr'><strong>ARthULUS</strong></span> <span class='ocrx_word' id='word_1_62' title='bbox 1044 880 1108 916; x_wconf 83' lang='lat'>111.</span> 
     </span>
    </p>
   </div>
   <div class='ocr_carea' id='block_1_5' title="bbox 195 1003 1652 1117">
    <p class='ocr_par' dir='ltr' id='par_1_5' title="bbox 195 1003 1652 1117">
     <span class='ocr_line' id='line_1_10' title="bbox 195 1003 1652 1054; baseline 0 -12"><span class='ocrx_word' id='word_1_63' title='bbox 195 1005 431 1054; x_wconf 76' lang='lat' dir='ltr'><strong>Argumenta</strong></span> <span class='ocrx_word' id='word_1_64' title='bbox 455 1004 719 1054; x_wconf 86' lang='lat' dir='ltr'><strong>expenduntur</strong></span> <span class='ocrx_word' id='word_1_65' title='bbox 737 1003 876 1052; x_wconf 89' lang='lat' dir='ltr'><strong>quibus</strong></span> <span class='ocrx_word' id='word_1_66' title='bbox 892 1003 1078 1040; x_wconf 85' lang='lat' dir='ltr'><strong>Neoterici</strong></span> <span class='ocrx_word' id='word_1_67' title='bbox 1095 1005 1279 1052; x_wconf 87' lang='lat' dir='ltr'><strong>episcopis</strong></span> <span class='ocrx_word' id='word_1_68' title='bbox 1296 1003 1488 1041; x_wconf 83' lang='lat' dir='ltr'><strong>vindicare</strong></span> <span class='ocrx_word' id='word_1_69' title='bbox 1508 1009 1652 1053; x_wconf 72' lang='lat' dir='ltr'><strong>satege—</strong></span> 
     </span>
     <span class='ocr_line' id='line_1_11' title="bbox 288 1066 1650 1117; baseline 0 -12"><span class='ocrx_word' id='word_1_70' title='bbox 288 1073 378 1106; x_wconf 82' lang='lat' dir='ltr'><strong>runt</strong></span> <span class='ocrx_word' id='word_1_71' title='bbox 408 1070 466 1106; x_wconf 88' lang='lat' dir='ltr'><strong>ius</strong></span> <span class='ocrx_word' id='word_1_72' title='bbox 502 1070 694 1117; x_wconf 88' lang='lat' dir='ltr'><strong>proprium</strong></span> <span class='ocrx_word' id='word_1_73' title='bbox 729 1067 925 1105; x_wconf 81' lang='lat' dir='ltr'><strong>relaxandi</strong></span> <span class='ocrx_word' id='word_1_74' title='bbox 945 1066 1201 1104; x_wconf 81' lang='lat' dir='ltr'><strong>ecclesiastica</strong></span> <span class='ocrx_word' id='word_1_75' title='bbox 1223 1066 1493 1115; x_wconf 86' lang='lat' dir='ltr'><strong>impedimenta</strong></span> <span class='ocrx_word' id='word_1_76' title='bbox 1520 1067 1650 1105; x_wconf 82' lang='lat' dir='ltr'><strong>Matri—</strong></span> 
     </span>
    </p>
   </div>
   <div class='ocr_carea' id='block_1_6' title="bbox 288 1132 717 1170">
    <p class='ocr_par' dir='ltr' id='par_1_6' title="bbox 288 1132 717 1170">
     <span class='ocr_line' id='line_1_12' title="bbox 288 1132 717 1170; baseline -0.002 0"><span class='ocrx_word' id='word_1_77' title='bbox 288 1133 456 1170; x_wconf 88' lang='lat' dir='ltr'><strong>monium</strong></span> <span class='ocrx_word' id='word_1_78' title='bbox 487 1132 717 1170; x_wconf 82' lang='lat' dir='ltr'><strong>dirimentia.</strong></span> 
     </span>
    </p>
   </div>
   <div class='ocr_carea' id='block_1_7' title="bbox 183 1278 1658 2250">
    <p class='ocr_par' dir='ltr' id='par_1_7' title="bbox 190 1278 1658 1949">
     <span class='ocr_line' id='line_1_13' title="bbox 289 1278 1658 1344; baseline 0.001 -20"><span class='ocrx_word' id='word_1_79' title='bbox 289 1279 444 1324; x_wconf 87' lang='lat' dir='ltr'><strong>Mirum</strong></span> <span class='ocrx_word' id='word_1_80' title='bbox 475 1289 543 1326; x_wconf 87' lang='lat' dir='ltr'><strong>est</strong></span> <span class='ocrx_word' id='word_1_81' title='bbox 568 1278 788 1343; x_wconf 90' lang='lat' dir='ltr'><strong>quomodo</strong></span> <span class='ocrx_word' id='word_1_82' title='bbox 806 1279 851 1325; x_wconf 87' lang='lat' dir='ltr'><strong>in</strong></span> <span class='ocrx_word' id='word_1_83' title='bbox 876 1296 923 1325; x_wconf 92' lang='lat' dir='ltr'><strong>re</strong></span> <span class='ocrx_word' id='word_1_84' title='bbox 947 1278 1059 1326; x_wconf 89' lang='lat' dir='ltr'><strong>adeo</strong></span> <span class='ocrx_word' id='word_1_85' title='bbox 1079 1279 1316 1344; x_wconf 88' lang='lat' dir='ltr'><strong>perspicua</strong></span> <span class='ocrx_word' id='word_1_86' title='bbox 1333 1290 1395 1326; x_wconf 91' lang='lat' dir='ltr'><strong>tot</strong></span> <span class='ocrx_word' id='word_1_87' title='bbox 1422 1290 1658 1342; x_wconf 88' lang='lat' dir='ltr'><strong>tantasque</strong></span> 
     </span>
     <span class='ocr_line' id='line_1_14' title="bbox 192 1354 1653 1419; baseline 0.001 -20"><span class='ocrx_word' id='word_1_88' title='bbox 192 1354 410 1417; x_wconf 85' lang='lat' dir='ltr'><strong>potuerint</strong></span> <span class='ocrx_word' id='word_1_89' title='bbox 453 1371 663 1401; x_wconf 86' lang='lat' dir='ltr'><strong>novarum</strong></span> <span class='ocrx_word' id='word_1_90' title='bbox 707 1372 851 1402; x_wconf 90' lang='lat' dir='ltr'><strong>rerum</strong></span> <span class='ocrx_word' id='word_1_91' title='bbox 891 1355 1042 1419; x_wconf 91' lang='lat' dir='ltr'><strong>cupidi</strong></span> <span class='ocrx_word' id='word_1_92' title='bbox 1082 1355 1284 1401; x_wconf 86' lang='lat' dir='ltr'><strong>tenebras</strong></span> <span class='ocrx_word' id='word_1_93' title='bbox 1332 1355 1559 1401; x_wconf 82' lang='lat' dir='ltr'><strong>affundere</strong></span> <span class='ocrx_word' id='word_1_94' title='bbox 1598 1354 1653 1400; x_wconf 88' lang='lat' dir='ltr'><strong>ad</strong></span> 
     </span>
     <span class='ocr_line' id='line_1_15' title="bbox 192 1428 1656 1494; baseline 0.002 -20"><span class='ocrx_word' id='word_1_95' title='bbox 192 1428 509 1476; x_wconf 90' lang='lat' dir='ltr'><strong>adstruendum</strong></span> <span class='ocrx_word' id='word_1_96' title='bbox 550 1441 701 1477; x_wconf 88' lang='lat' dir='ltr'><strong>contra</strong></span> <span class='ocrx_word' id='word_1_97' title='bbox 734 1447 1008 1477; x_wconf 90' lang='lat' dir='ltr'><strong>communem</strong></span> <span class='ocrx_word' id='word_1_98' title='bbox 1044 1430 1287 1477; x_wconf 86' lang='lat' dir='ltr'><strong>doctrinam</strong></span> <span class='ocrx_word' id='word_1_99' title='bbox 1325 1430 1395 1476; x_wconf 90' lang='lat' dir='ltr'><strong>ius</strong></span> <span class='ocrx_word' id='word_1_100' title='bbox 1425 1430 1656 1494; x_wconf 91' lang='lat' dir='ltr'><strong>episcopo-</strong></span> 
     </span>
     <span class='ocr_line' id='line_1_16' title="bbox 191 1505 1654 1570; baseline 0 -20"><span class='ocrx_word' id='word_1_101' title='bbox 191 1522 287 1550; x_wconf 88' lang='lat' dir='ltr'><strong>rum</strong></span> <span class='ocrx_word' id='word_1_102' title='bbox 322 1505 548 1569; x_wconf 90' lang='lat' dir='ltr'><strong>proprium</strong></span> <span class='ocrx_word' id='word_1_103' title='bbox 583 1506 834 1553; x_wconf 88' lang='lat' dir='ltr'><strong>removendi</strong></span> <span class='ocrx_word' id='word_1_104' title='bbox 859 1507 1172 1570; x_wconf 86' lang='lat' dir='ltr'><strong>impedimenta</strong></span> <span class='ocrx_word' id='word_1_105' title='bbox 1193 1543 1202 1561; x_wconf 79' lang='lat'><strong>,</strong></span> <span class='ocrx_word' id='word_1_106' title='bbox 1241 1523 1357 1569; x_wconf 87' lang='lat' dir='ltr'><strong>quae</strong></span> <span class='ocrx_word' id='word_1_107' title='bbox 1392 1505 1562 1551; x_wconf 89' lang='lat' dir='ltr'><strong>irritum</strong></span> <span class='ocrx_word' id='word_1_108' title='bbox 1602 1521 1654 1551; x_wconf 86' lang='lat' dir='ltr'><strong>ac</strong></span> 
     </span>
     <span class='ocr_line' id='line_1_17' title="bbox 191 1580 1656 1646; baseline 0.001 -20"><span class='ocrx_word' id='word_1_109' title='bbox 191 1580 357 1627; x_wconf 89' lang='lat' dir='ltr'><strong>nullum</strong></span> <span class='ocrx_word' id='word_1_110' title='bbox 383 1581 571 1628; x_wconf 88' lang='lat' dir='ltr'><strong>reddunt</strong></span> <span class='ocrx_word' id='word_1_111' title='bbox 593 1582 863 1646; x_wconf 82' lang='lat' dir='ltr'><strong>coniugium.</strong></span> <span class='ocrx_word' id='word_1_112' title='bbox 903 1584 1090 1630; x_wconf 85' lang='lat' dir='ltr'><strong>Istorum</strong></span> <span class='ocrx_word' id='word_1_113' title='bbox 1116 1581 1450 1629; x_wconf 85' lang='lat' dir='ltr'><strong>adinventiones</strong></span> <span class='ocrx_word' id='word_1_114' title='bbox 1475 1592 1518 1628; x_wconf 90' lang='lat' dir='ltr'><strong>et</strong></span> <span class='ocrx_word' id='word_1_115' title='bbox 1541 1598 1656 1627; x_wconf 88' lang='lat' dir='ltr'><strong>com-</strong></span> 
     </span>
     <span class='ocr_line' id='line_1_18' title="bbox 190 1656 1655 1722; baseline -0.001 -20"><span class='ocrx_word' id='word_1_116' title='bbox 190 1667 338 1703; x_wconf 88' lang='lat' dir='ltr'><strong>menta</strong></span> <span class='ocrx_word' id='word_1_117' title='bbox 361 1657 405 1703; x_wconf 90' lang='lat' dir='ltr'><strong>in</strong></span> <span class='ocrx_word' id='word_1_118' title='bbox 428 1676 565 1704; x_wconf 91' lang='lat' dir='ltr'><strong>unum</strong></span> <span class='ocrx_word' id='word_1_119' title='bbox 590 1657 797 1721; x_wconf 81' lang='lat' dir='ltr'><strong>colligere</strong></span> <span class='ocrx_word' id='word_1_120' title='bbox 820 1658 1010 1722; x_wconf 85' lang='lat' dir='ltr'><strong>placuit,</strong></span> <span class='ocrx_word' id='word_1_121' title='bbox 1045 1668 1094 1704; x_wconf 93' lang='lat' dir='ltr'><strong>ut</strong></span> <span class='ocrx_word' id='word_1_122' title='bbox 1116 1675 1168 1704; x_wconf 82' lang='lat' dir='ltr'><strong>ex</strong></span> <span class='ocrx_word' id='word_1_123' title='bbox 1196 1657 1449 1704; x_wconf 86' lang='lat' dir='ltr'><strong>eorumdem</strong></span> <span class='ocrx_word' id='word_1_124' title='bbox 1485 1656 1655 1702; x_wconf 88' lang='lat' dir='ltr'><strong>discus-</strong></span> 
     </span>
     <span class='ocr_line' id='line_1_19' title="bbox 191 1731 1649 1798; baseline 0 -21"><span class='ocrx_word' id='word_1_125' title='bbox 191 1731 316 1778; x_wconf 86' lang='lat' dir='ltr'><strong>sione</strong></span> <span class='ocrx_word' id='word_1_126' title='bbox 334 1733 476 1795; x_wconf 78' lang='lat' dir='ltr'><strong>magis</strong></span> <span class='ocrx_word' id='word_1_127' title='bbox 502 1743 648 1796; x_wconf 88' lang='lat' dir='ltr'><strong>pateat</strong></span> <span class='ocrx_word' id='word_1_128' title='bbox 666 1751 754 1798; x_wconf 92' lang='lat' dir='ltr'><strong>quo</strong></span> <span class='ocrx_word' id='word_1_129' title='bbox 772 1733 995 1780; x_wconf 87' lang='lat' dir='ltr'><strong>abducant</strong></span> <span class='ocrx_word' id='word_1_130' title='bbox 1012 1733 1214 1780; x_wconf 90' lang='lat' dir='ltr'><strong>homines</strong></span> <span class='ocrx_word' id='word_1_131' title='bbox 1234 1732 1431 1796; x_wconf 87' lang='lat' dir='ltr'><strong>alioquin</strong></span> <span class='ocrx_word' id='word_1_132' title='bbox 1450 1731 1649 1794; x_wconf 82' lang='lat' dir='ltr'><strong>ingenio,</strong></span> 
     </span>
     <span class='ocr_line' id='line_1_20' title="bbox 191 1807 1654 1872; baseline 0 -20"><span class='ocrx_word' id='word_1_133' title='bbox 191 1807 429 1869; x_wconf 75' lang='lat' dir='ltr'><strong>sagacitate</strong></span> <span class='ocrx_word' id='word_1_134' title='bbox 453 1819 584 1872; x_wconf 90' lang='lat' dir='ltr'><strong>atque</strong></span> <span class='ocrx_word' id='word_1_135' title='bbox 608 1809 793 1855; x_wconf 90' lang='lat' dir='ltr'><strong>scientia</strong></span> <span class='ocrx_word' id='word_1_136' title='bbox 822 1809 1044 1872; x_wconf 87' lang='lat' dir='ltr'><strong>praeditos</strong></span> <span class='ocrx_word' id='word_1_137' title='bbox 1070 1807 1310 1855; x_wconf 90' lang='lat' dir='ltr'><strong>innovandi</strong></span> <span class='ocrx_word' id='word_1_138' title='bbox 1335 1807 1531 1872; x_wconf 87' lang='lat' dir='ltr'><strong>pruritus</strong></span> <span class='ocrx_word' id='word_1_139' title='bbox 1548 1844 1557 1862; x_wconf 91' lang='lat'><strong>,</strong></span> <span class='ocrx_word' id='word_1_140' title='bbox 1586 1823 1654 1852; x_wconf 91' lang='lat' dir='ltr'><strong>as-</strong></span> 
     </span>
     <span class='ocr_line' id='line_1_21' title="bbox 190 1881 1646 1949; baseline -0.001 -21"><span class='ocrx_word' id='word_1_141' title='bbox 190 1883 391 1928; x_wconf 88' lang='lat' dir='ltr'><strong>sentandi</strong></span> <span class='ocrx_word' id='word_1_142' title='bbox 413 1884 608 1930; x_wconf 90' lang='lat' dir='ltr'><strong>studium</strong></span> <span class='ocrx_word' id='word_1_143' title='bbox 626 1922 634 1939; x_wconf 87' lang='lat'>‚</span> <span class='ocrx_word' id='word_1_144' title='bbox 658 1894 700 1931; x_wconf 88' lang='lat' dir='ltr'><strong>et</strong></span> <span class='ocrx_word' id='word_1_145' title='bbox 717 1885 891 1931; x_wconf 88' lang='lat' dir='ltr'><strong>animus</strong></span> <span class='ocrx_word' id='word_1_146' title='bbox 921 1885 965 1930; x_wconf 92' lang='lat' dir='ltr'><strong>in</strong></span> <span class='ocrx_word' id='word_1_147' title='bbox 983 1883 1269 1949; x_wconf 88' lang='lat' dir='ltr'><strong>apostolicam</strong></span> <span class='ocrx_word' id='word_1_148' title='bbox 1288 1883 1437 1930; x_wconf 86' lang='lat' dir='ltr'><strong>sedem</strong></span> <span class='ocrx_word' id='word_1_149' title='bbox 1456 1881 1646 1928; x_wconf 88' lang='lat' dir='ltr'><strong>hostilis.</strong></span> 
     </span>
    </p>

    <p class='ocr_par' dir='ltr' id='par_1_8' title="bbox 183 1956 1651 2250">
     <span class='ocr_line' id='line_1_22' title="bbox 281 1956 1649 2023; baseline -0.001 -20"><span class='ocrx_word' id='word_1_150' title='bbox 281 1958 486 2004; x_wconf 88' lang='lat' dir='ltr'><strong>Nonnulli</strong></span> <span class='ocrx_word' id='word_1_151' title='bbox 522 1959 654 2022; x_wconf 78' lang='lat' dir='ltr'><strong>igitur</strong></span> <span class='ocrx_word' id='word_1_152' title='bbox 689 1958 858 2007; x_wconf 86' lang='lat' dir='ltr'><strong>adscito</strong></span> <span class='ocrx_word' id='word_1_153' title='bbox 900 1970 1034 2023; x_wconf 89' lang='lat' dir='ltr'><strong>atque</strong></span> <span class='ocrx_word' id='word_1_154' title='bbox 1067 1958 1275 2022; x_wconf 89' lang='lat' dir='ltr'><strong>adoptato</strong></span> <span class='ocrx_word' id='word_1_155' title='bbox 1316 1956 1534 2022; x_wconf 84' lang='lat' dir='ltr'><strong>principio</strong></span> <span class='ocrx_word' id='word_1_156' title='bbox 1569 1974 1649 2003; x_wconf 91' lang='lat' dir='ltr'><strong>ceu</strong></span> 
     </span>
     <span class='ocr_line' id='line_1_23' title="bbox 186 2032 1651 2099; baseline 0 -21"><span class='ocrx_word' id='word_1_157' title='bbox 186 2033 401 2081; x_wconf 86' lang='lat' dir='ltr'><strong>axiomate</strong></span> <span class='ocrx_word' id='word_1_158' title='bbox 424 2045 545 2081; x_wconf 84' lang='lat' dir='ltr'><strong>extra</strong></span> <span class='ocrx_word' id='word_1_159' title='bbox 569 2052 741 2082; x_wconf 91' lang='lat' dir='ltr'><strong>omnem</strong></span> <span class='ocrx_word' id='word_1_160' title='bbox 761 2035 1103 2082; x_wconf 87' lang='lat' dir='ltr'><strong>controversiam</strong></span> <span class='ocrx_word' id='word_1_161' title='bbox 1129 2034 1273 2099; x_wconf 91' lang='lat' dir='ltr'><strong>posito</strong></span> <span class='ocrx_word' id='word_1_162' title='bbox 1290 2071 1300 2090; x_wconf 93' lang='lat'><strong>,</strong></span> <span class='ocrx_word' id='word_1_163' title='bbox 1326 2033 1446 2098; x_wconf 93' lang='lat' dir='ltr'><strong>quod</strong></span> <span class='ocrx_word' id='word_1_164' title='bbox 1479 2053 1501 2077; x_wconf 92' lang='lat'>«</span> <span class='ocrx_word' id='word_1_165' title='bbox 1519 2032 1651 2097; x_wconf 88' lang='lat' dir='ltr'><strong>quid-</strong></span> 
     </span>
     <span class='ocr_line' id='line_1_24' title="bbox 184 2107 1644 2173; baseline 0 -19"><span class='ocrx_word' id='word_1_166' title='bbox 184 2108 291 2172; x_wconf 87' lang='lat' dir='ltr'><strong>quid</strong></span> <span class='ocrx_word' id='word_1_167' title='bbox 324 2119 468 2173; x_wconf 88' lang='lat' dir='ltr'><strong>potest</strong></span> <span class='ocrx_word' id='word_1_168' title='bbox 511 2110 707 2173; x_wconf 85' lang='lat' dir='ltr'><strong>pontifex</strong></span> <span class='ocrx_word' id='word_1_169' title='bbox 741 2109 786 2156; x_wconf 89' lang='lat' dir='ltr'><strong>in</strong></span> <span class='ocrx_word' id='word_1_170' title='bbox 821 2110 1028 2157; x_wconf 87' lang='lat' dir='ltr'><strong>universo</strong></span> <span class='ocrx_word' id='word_1_171' title='bbox 1061 2110 1166 2157; x_wconf 89' lang='lat' dir='ltr'><strong>orbe</strong></span> <span class='ocrx_word' id='word_1_172' title='bbox 1189 2148 1198 2165; x_wconf 91' lang='lat'><strong>,</strong></span> <span class='ocrx_word' id='word_1_173' title='bbox 1242 2109 1280 2156; x_wconf 88' lang='lat' dir='ltr'><strong>si</strong></span> <span class='ocrx_word' id='word_1_174' title='bbox 1320 2126 1374 2156; x_wconf 88' lang='lat' dir='ltr'><strong>ea</strong></span> <span class='ocrx_word' id='word_1_175' title='bbox 1414 2107 1610 2171; x_wconf 87' lang='lat' dir='ltr'><strong>excipias</strong></span> <span class='ocrx_word' id='word_1_176' title='bbox 1635 2145 1644 2162; x_wconf 93' lang='lat'>‚</span> 
     </span>
     <span class='ocr_line' id='line_1_25' title="bbox 183 2183 1649 2250; baseline -0.002 -19"><span class='ocrx_word' id='word_1_177' title='bbox 183 2201 297 2247; x_wconf 89' lang='lat' dir='ltr'><strong>quae</strong></span> <span class='ocrx_word' id='word_1_178' title='bbox 340 2185 471 2232; x_wconf 89' lang='lat' dir='ltr'><strong>totius</strong></span> <span class='ocrx_word' id='word_1_179' title='bbox 518 2186 732 2232; x_wconf 90' lang='lat' dir='ltr'><strong>ecclesiae</strong></span> <span class='ocrx_word' id='word_1_180' title='bbox 765 2197 926 2232; x_wconf 89' lang='lat' dir='ltr'><strong>statum</strong></span> <span class='ocrx_word' id='word_1_181' title='bbox 968 2186 1242 2250; x_wconf 89' lang='lat' dir='ltr'><strong>respiciunt,</strong></span> <span class='ocrx_word' id='word_1_182' title='bbox 1283 2185 1349 2231; x_wconf 92' lang='lat' dir='ltr'><strong>uti</strong></span> <span class='ocrx_word' id='word_1_183' title='bbox 1392 2184 1496 2231; x_wconf 83' lang='lat' dir='ltr'><strong>fidei</strong></span> <span class='ocrx_word' id='word_1_184' title='bbox 1543 2183 1649 2230; x_wconf 89' lang='lat' dir='ltr'><strong>arti-</strong></span> 
     </span>
    </p>
   </div>
   <div class='ocr_carea' id='block_1_8' title="bbox 177 2301 1650 2819">
    <p class='ocr_par' dir='ltr' id='par_1_9' title="bbox 177 2301 1650 2819">
     <span class='ocr_line' id='line_1_26' title="bbox 271 2301 1649 2343; baseline -0.003 -9"><span class='ocrx_word' id='word_1_185' title='bbox 271 2302 336 2341; x_wconf 83' lang='lat'>(60)</span> <span class='ocrx_word' id='word_1_186' title='bbox 359 2301 445 2339; x_wconf 83' lang='lat' dir='ltr'><strong>Quid</strong></span> <span class='ocrx_word' id='word_1_187' title='bbox 471 2311 547 2334; x_wconf 81' lang='lat' dir='ltr'><strong>vero</strong></span> <span class='ocrx_word' id='word_1_188' title='bbox 574 2302 698 2343; x_wconf 78' lang='lat' dir='ltr'><strong>possint</strong></span> <span class='ocrx_word' id='word_1_189' title='bbox 715 2303 856 2343; x_wconf 79' lang='lat' dir='ltr'><strong>episcopi</strong></span> <span class='ocrx_word' id='word_1_190' title='bbox 882 2303 1042 2343; x_wconf 83' lang='lat' dir='ltr'><strong>praestare</strong></span> <span class='ocrx_word' id='word_1_191' title='bbox 1055 2303 1115 2334; x_wconf 82' lang='lat' dir='ltr'><strong>hac</strong></span> <span class='ocrx_word' id='word_1_192' title='bbox 1130 2302 1161 2334; x_wconf 91' lang='lat' dir='ltr'><strong>in</strong></span> <span class='ocrx_word' id='word_1_193' title='bbox 1182 2311 1216 2334; x_wconf 88' lang='lat' dir='ltr'><strong>re</strong></span> <span class='ocrx_word' id='word_1_194' title='bbox 1242 2303 1434 2335; x_wconf 79' lang='lat' dir='ltr'><strong>auctoritate</strong></span> <span class='ocrx_word' id='word_1_195' title='bbox 1454 2301 1581 2343; x_wconf 85' lang='lat' dir='ltr'><strong>propria</strong></span> <span class='ocrx_word' id='word_1_196' title='bbox 1604 2301 1649 2332; x_wconf 91' lang='lat' dir='ltr'><strong>ln-</strong></span> 
     </span>
     <span class='ocr_line' id='line_1_27' title="bbox 182 2353 1646 2396; baseline -0.001 -12"><span class='ocrx_word' id='word_1_197' title='bbox 182 2353 323 2385; x_wconf 81' lang='lat' dir='ltr'><strong>cuienter</strong></span> <span class='ocrx_word' id='word_1_198' title='bbox 349 2355 482 2395; x_wconf 79' lang='lat' dir='ltr'><strong>exponit</strong></span> <span class='ocrx_word' id='word_1_199' title='bbox 509 2355 699 2386; x_wconf 84' lang='lat' dir='ltr'><strong>Benedictus</strong></span> <span class='ocrx_word' id='word_1_200' title='bbox 724 2356 806 2387; x_wconf 84' lang='lat' dir='ltr'><strong>XIV.</strong></span> <span class='ocrx_word' id='word_1_201' title='bbox 834 2355 895 2387; x_wconf 92' lang='lat' dir='ltr'><strong>loc.</strong></span> <span class='ocrx_word' id='word_1_202' title='bbox 911 2355 966 2387; x_wconf 88' lang='lat' dir='ltr'><strong>cit.</strong></span> <span class='ocrx_word' id='word_1_203' title='bbox 983 2358 1027 2387; x_wconf 80' lang='lat' dir='ltr'><strong>Ac</strong></span> <span class='ocrx_word' id='word_1_204' title='bbox 1050 2354 1154 2396; x_wconf 85' lang='lat' dir='ltr'><strong>primo</strong></span> <span class='ocrx_word' id='word_1_205' title='bbox 1178 2355 1300 2396; x_wconf 84' lang='lat' dir='ltr'><strong>absque</strong></span> <span class='ocrx_word' id='word_1_206' title='bbox 1321 2355 1421 2386; x_wconf 88' lang='lat' dir='ltr'><strong>dubio</strong></span> <span class='ocrx_word' id='word_1_207' title='bbox 1442 2356 1577 2395; x_wconf 82' lang='lat' dir='ltr'><strong>possunt</strong></span> <span class='ocrx_word' id='word_1_208' title='bbox 1599 2353 1646 2384; x_wconf 88' lang='lat' dir='ltr'><strong>di·</strong></span> 
     </span>
     <span class='ocr_line' id='line_1_28' title="bbox 179 2407 1647 2449; baseline 0.001 -11"><span class='ocrx_word' id='word_1_209' title='bbox 179 2414 329 2446; x_wconf 79' lang='lat' dir='ltr'><strong>spensare</strong></span> <span class='ocrx_word' id='word_1_210' title='bbox 350 2407 391 2439; x_wconf 83' lang='lat' dir='ltr'><strong>ab</strong></span> <span class='ocrx_word' id='word_1_211' title='bbox 417 2408 654 2448; x_wconf 84' lang='lat' dir='ltr'><strong>impedimentis</strong></span> <span class='ocrx_word' id='word_1_212' title='bbox 687 2407 950 2448; x_wconf 82' lang='lat' dir='ltr'><strong>impedientibus,</strong></span> <span class='ocrx_word' id='word_1_213' title='bbox 974 2408 1001 2440; x_wconf 90' lang='lat' dir='ltr'><strong>si</strong></span> <span class='ocrx_word' id='word_1_214' title='bbox 1028 2411 1092 2440; x_wconf 83' lang='lat' dir='ltr'><strong>tres</strong></span> <span class='ocrx_word' id='word_1_215' title='bbox 1114 2417 1208 2441; x_wconf 80' lang='lat' dir='ltr'><strong>casus</strong></span> <span class='ocrx_word' id='word_1_216' title='bbox 1237 2408 1395 2449; x_wconf 84' lang='lat' dir='ltr'><strong>excipias,</strong></span> <span class='ocrx_word' id='word_1_217' title='bbox 1426 2408 1647 2448; x_wconf 80' lang='lat' dir='ltr'><strong>sponsalium,</strong></span> 
     </span>
     <span class='ocr_line' id='line_1_29' title="bbox 181 2460 1647 2501; baseline 0.003 -13"><span class='ocrx_word' id='word_1_218' title='bbox 181 2467 264 2498; x_wconf 83' lang='lat' dir='ltr'><strong>quae</strong></span> <span class='ocrx_word' id='word_1_219' title='bbox 286 2468 359 2491; x_wconf 87' lang='lat' dir='ltr'><strong>cum</strong></span> <span class='ocrx_word' id='word_1_220' title='bbox 387 2460 488 2492; x_wconf 81' lang='lat' dir='ltr'><strong>attero</strong></span> <span class='ocrx_word' id='word_1_221' title='bbox 514 2460 589 2491; x_wconf 82' lang='lat' dir='ltr'><strong>inita</strong></span> <span class='ocrx_word' id='word_1_222' title='bbox 612 2460 691 2499; x_wconf 87' lang='lat' dir='ltr'><strong>sint,</strong></span> <span class='ocrx_word' id='word_1_223' title='bbox 719 2469 865 2501; x_wconf 76' lang='lat' dir='ltr'><strong>quaeque</strong></span> <span class='ocrx_word' id='word_1_224' title='bbox 885 2469 923 2492; x_wconf 85' lang='lat' dir='ltr'><strong>eo</strong></span> <span class='ocrx_word' id='word_1_225' title='bbox 954 2461 1055 2492; x_wconf 86' lang='lat' dir='ltr'><strong>invito</strong></span> <span class='ocrx_word' id='word_1_226' title='bbox 1083 2460 1165 2492; x_wconf 82' lang='lat' dir='ltr'><strong>solvi</strong></span> <span class='ocrx_word' id='word_1_227' title='bbox 1190 2469 1253 2492; x_wconf 93' lang='lat' dir='ltr'><strong>uon</strong></span> <span class='ocrx_word' id='word_1_228' title='bbox 1277 2462 1433 2501; x_wconf 85' lang='lat' dir='ltr'><strong>possunt;</strong></span> <span class='ocrx_word' id='word_1_229' title='bbox 1456 2460 1523 2491; x_wconf 87' lang='lat' dir='ltr'><strong>voti</strong></span> <span class='ocrx_word' id='word_1_230' title='bbox 1547 2460 1647 2501; x_wconf 83' lang='lat' dir='ltr'><strong>ingre·</strong></span> 
     </span>
     <span class='ocr_line' id='line_1_30' title="bbox 180 2511 1648 2555; baseline 0.003 -14"><span class='ocrx_word' id='word_1_231' title='bbox 180 2511 288 2542; x_wconf 79' lang='lat' dir='ltr'><strong>‹liendi</strong></span> <span class='ocrx_word' id='word_1_232' title='bbox 314 2512 497 2552; x_wconf 81' lang='lat' dir='ltr'><strong>religionem</strong></span> <span class='ocrx_word' id='word_1_233' title='bbox 510 2537 520 2553; x_wconf 93' lang='lat'><strong>,</strong></span> <span class='ocrx_word' id='word_1_234' title='bbox 547 2515 579 2544; x_wconf 90' lang='lat' dir='ltr'><strong>et</strong></span> <span class='ocrx_word' id='word_1_235' title='bbox 597 2513 754 2545; x_wconf 80' lang='lat' dir='ltr'><strong>castitatis</strong></span> <span class='ocrx_word' id='word_1_236' title='bbox 776 2516 964 2554; x_wconf 84' lang='lat' dir='ltr'><strong>perpetuae,</strong></span> <span class='ocrx_word' id='word_1_237' title='bbox 983 2523 1066 2555; x_wconf 86' lang='lat' dir='ltr'><strong>quae</strong></span> <span class='ocrx_word' id='word_1_238' title='bbox 1083 2515 1157 2545; x_wconf 86' lang='lat' dir='ltr'><strong>sunt</strong></span> <span class='ocrx_word' id='word_1_239' title='bbox 1179 2514 1373 2554; x_wconf 80' lang='lat' dir='ltr'><strong>apostoticae</strong></span> <span class='ocrx_word' id='word_1_240' title='bbox 1393 2513 1462 2545; x_wconf 86' lang='lat' dir='ltr'><strong>sedi</strong></span> <span class='ocrx_word' id='word_1_241' title='bbox 1478 2515 1648 2545; x_wconf 85' lang='lat' dir='ltr'><strong>reservata.</strong></span> 
     </span>
     <span class='ocr_line' id='line_1_31' title="bbox 183 2565 1650 2607; baseline 0.002 -12"><span class='ocrx_word' id='word_1_242' title='bbox 183 2565 507 2605; x_wconf 78' lang='lat' dir='ltr'><strong>Dispensare&#39;itidem</strong></span> <span class='ocrx_word' id='word_1_243' title='bbox 535 2566 643 2598; x_wconf 82' lang='lat' dir='ltr'><strong>valent</strong></span> <span class='ocrx_word' id='word_1_244' title='bbox 669 2566 710 2598; x_wconf 81' lang='lat' dir='ltr'><strong>ab</strong></span> <span class='ocrx_word' id='word_1_245' title='bbox 731 2566 959 2607; x_wconf 84' lang='lat' dir='ltr'><strong>impedimento</strong></span> <span class='ocrx_word' id='word_1_246' title='bbox 979 2566 1148 2599; x_wconf 80' lang='lat' dir='ltr'><strong>dirimente</strong></span> <span class='ocrx_word' id='word_1_247' title='bbox 1170 2567 1298 2599; x_wconf 84' lang='lat' dir='ltr'><strong>occulto</strong></span> <span class='ocrx_word' id='word_1_248' title='bbox 1325 2575 1399 2598; x_wconf 89' lang='lat' dir='ltr'><strong>cum</strong></span> <span class='ocrx_word' id='word_1_249' title='bbox 1430 2575 1495 2606; x_wconf 89' lang='lat' dir='ltr'><strong>quo</strong></span> <span class='ocrx_word' id='word_1_250' title='bbox 1523 2566 1650 2606; x_wconf 82' lang='lat' dir='ltr'><strong>publice</strong></span> 
     </span>
     <span class='ocr_line' id='line_1_32' title="bbox 180 2618 1648 2659; baseline 0.002 -11"><span class='ocrx_word' id='word_1_251' title='bbox 180 2619 379 2650; x_wconf 83' lang='lat' dir='ltr'><strong>contractum</strong></span> <span class='ocrx_word' id='word_1_252' title='bbox 408 2620 457 2650; x_wconf 82' lang='lat' dir='ltr'><strong>est</strong></span> <span class='ocrx_word' id='word_1_253' title='bbox 475 2619 738 2658; x_wconf 83' lang='lat' dir='ltr'><strong>matrimonium,</strong></span> <span class='ocrx_word' id='word_1_254' title='bbox 767 2619 1029 2651; x_wconf 80' lang='lat' dir='ltr'><strong>concurrentibus</strong></span> <span class='ocrx_word' id='word_1_255' title='bbox 1057 2621 1163 2651; x_wconf 83' lang='lat' dir='ltr'><strong>tamen</strong></span> <span class='ocrx_word' id='word_1_256' title='bbox 1183 2628 1237 2651; x_wconf 79' lang='lat' dir='ltr'><strong>sex</strong></span> <span class='ocrx_word' id='word_1_257' title='bbox 1268 2618 1535 2658; x_wconf 81' lang='lat' dir='ltr'><strong>circumstantiis,</strong></span> <span class='ocrx_word' id='word_1_258' title='bbox 1565 2627 1648 2659; x_wconf 78' lang='lat' dir='ltr'><strong>quae</strong></span> 
     </span>
     <span class='ocr_line' id='line_1_33' title="bbox 181 2669 1646 2712; baseline 0.001 -12"><span class='ocrx_word' id='word_1_259' title='bbox 181 2669 300 2701; x_wconf 83' lang='lat' dir='ltr'><strong>ibidem</strong></span> <span class='ocrx_word' id='word_1_260' title='bbox 326 2673 546 2710; x_wconf 84' lang='lat' dir='ltr'><strong>recensentur,</strong></span> <span class='ocrx_word' id='word_1_261' title='bbox 569 2673 600 2702; x_wconf 78' lang='lat' dir='ltr'><strong>et</strong></span> <span class='ocrx_word' id='word_1_262' title='bbox 621 2671 753 2711; x_wconf 83' lang='lat' dir='ltr'><strong>quidem</strong></span> <span class='ocrx_word' id='word_1_263' title='bbox 770 2680 828 2712; x_wconf 90' lang='lat' dir='ltr'><strong>pro</strong></span> <span class='ocrx_word' id='word_1_264' title='bbox 855 2671 925 2704; x_wconf 79' lang='lat' dir='ltr'><strong>foro</strong></span> <span class='ocrx_word' id='word_1_265' title='bbox 949 2674 1075 2704; x_wconf 72' lang='lat' dir='ltr'><strong>tantum</strong></span> <span class='ocrx_word' id='word_1_266' title='bbox 1098 2672 1234 2705; x_wconf 87' lang='lat' dir='ltr'><strong>interno.</strong></span> <span class='ocrx_word' id='word_1_267' title='bbox 1262 2675 1395 2704; x_wconf 86' lang='lat' dir='ltr'><strong>Demum</strong></span> <span class='ocrx_word' id='word_1_268' title='bbox 1417 2681 1455 2703; x_wconf 87' lang='lat' dir='ltr'><strong>ex</strong></span> <span class='ocrx_word' id='word_1_269' title='bbox 1483 2671 1646 2703; x_wconf 85' lang='lat' dir='ltr'><strong>communi</strong></span> 
     </span>
     <span class='ocr_line' id='line_1_34' title="bbox 177 2722 1646 2767; baseline 0.002 -14"><span class='ocrx_word' id='word_1_270' title='bbox 177 2722 345 2755; x_wconf 83' lang='lat' dir='ltr'><strong>doctorum</strong></span> <span class='ocrx_word' id='word_1_271' title='bbox 367 2725 542 2765; x_wconf 79' lang='lat' dir='ltr'><strong>sententia,</strong></span> <span class='ocrx_word' id='word_1_272' title='bbox 569 2724 743 2756; x_wconf 84' lang='lat' dir='ltr'><strong>Sanchezio</strong></span> <span class='ocrx_word' id='word_1_273' title='bbox 762 2727 932 2766; x_wconf 77' lang='lat' dir='ltr'><strong>praeeunte</strong></span> <span class='ocrx_word' id='word_1_274' title='bbox 945 2725 1002 2758; x_wconf 79' lang='lat' dir='ltr'><strong>lib.</strong></span> <span class='ocrx_word' id='word_1_275' title='bbox 1022 2730 1050 2757; x_wconf 88' lang='lat'><strong>2.</strong></span> <span class='ocrx_word' id='word_1_276' title='bbox 1066 2725 1149 2767; x_wconf 88' lang='lat' dir='ltr'><strong>disp.</strong></span> <span class='ocrx_word' id='word_1_277' title='bbox 1165 2729 1216 2758; x_wconf 86' lang='grc' dir='ltr'><strong>4ο.</strong></span> <span class='ocrx_word' id='word_1_278' title='bbox 1238 2735 1270 2757; x_wconf 90' lang='lat' dir='ltr'><strong>n.</strong></span> <span class='ocrx_word' id='word_1_279' title='bbox 1288 2729 1318 2758; x_wconf 79' lang='lat'><strong>7.</strong></span> <span class='ocrx_word' id='word_1_280' title='bbox 1336 2725 1425 2766; x_wconf 78' lang='lat' dir='ltr'><strong>gravi</strong></span> <span class='ocrx_word' id='word_1_281' title='bbox 1448 2726 1580 2765; x_wconf 85' lang='lat' dir='ltr'><strong>urgente</strong></span> <span class='ocrx_word' id='word_1_282' title='bbox 1594 2733 1646 2756; x_wconf 88' lang='lat' dir='ltr'><strong>ne·</strong></span> 
     </span>
     <span class='ocr_line' id='line_1_35' title="bbox 178 2775 1649 2819; baseline 0.001 -13"><span class='ocrx_word' id='word_1_283' title='bbox 178 2775 344 2815; x_wconf 70' lang='lat' dir='ltr'><strong>cessitate,</strong></span> <span class='ocrx_word' id='word_1_284' title='bbox 360 2776 412 2808; x_wconf 87' lang='lat' dir='ltr'><strong>cui</strong></span> <span class='ocrx_word' id='word_1_285' title='bbox 438 2777 547 2809; x_wconf 84' lang='lat' dir='ltr'><strong>nulius</strong></span> <span class='ocrx_word' id='word_1_286' title='bbox 567 2776 650 2809; x_wconf 82' lang='lat' dir='ltr'><strong>atius</strong></span> <span class='ocrx_word' id='word_1_287' title='bbox 677 2776 791 2809; x_wconf 84' lang='lat' dir='ltr'><strong>modus</strong></span> <span class='ocrx_word' id='word_1_288' title='bbox 809 2779 956 2819; x_wconf 78' lang='lat' dir='ltr'><strong>suppetat</strong></span> <span class='ocrx_word' id='word_1_289' title='bbox 973 2777 1180 2819; x_wconf 87' lang='lat' dir='ltr'><strong>occurrendi,</strong></span> <span class='ocrx_word' id='word_1_290' title='bbox 1201 2779 1334 2819; x_wconf 86' lang='lat' dir='ltr'><strong>possunt</strong></span> <span class='ocrx_word' id='word_1_291' title='bbox 1357 2776 1497 2818; x_wconf 86' lang='lat' dir='ltr'><strong>episcopi</strong></span> <span class='ocrx_word' id='word_1_292' title='bbox 1521 2777 1649 2818; x_wconf 83' lang='lat' dir='ltr'><strong>dispen-</strong></span> 
     </span>
    </p>
   </div>
   <div class='ocr_carea' id='block_1_9' title="bbox 179 2827 1546 2915">
    <p class='ocr_par' dir='ltr' id='par_1_10' title="bbox 179 2827 1546 2915">
     <span class='ocr_line' id='line_1_36' title="bbox 179 2827 1410 2872; baseline 0.002 -15"><span class='ocrx_word' id='word_1_293' title='bbox 179 2836 249 2858; x_wconf 81' lang='lat' dir='ltr'><strong>sare</strong></span> <span class='ocrx_word' id='word_1_294' title='bbox 276 2827 317 2859; x_wconf 79' lang='lat' dir='ltr'><strong>ab</strong></span> <span class='ocrx_word' id='word_1_295' title='bbox 342 2828 570 2868; x_wconf 83' lang='lat' dir='ltr'><strong>impedimento</strong></span> <span class='ocrx_word' id='word_1_296' title='bbox 593 2829 722 2861; x_wconf 83' lang='lat' dir='ltr'><strong>occuito</strong></span> <span class='ocrx_word' id='word_1_297' title='bbox 750 2830 922 2872; x_wconf 75' lang='lat' dir='ltr'><strong>antequam</strong></span> <span class='ocrx_word' id='word_1_298' title='bbox 949 2830 1128 2863; x_wconf 82' lang='lat' dir='ltr'><strong>celebretur</strong></span> <span class='ocrx_word' id='word_1_299' title='bbox 1156 2829 1410 2862; x_wconf 85' lang='lat' dir='ltr'><strong>matrimonium.</strong></span> 
     </span>
     <span class='ocr_line' id='line_1_37' title="bbox 279 2879 1546 2915; baseline 0.002 -2"><span class='ocrx_word' id='word_1_300' title='bbox 279 2879 309 2913; x_wconf 89' lang='grc' dir='ltr'><strong>ΙΙ</strong></span> <span class='ocrx_word' id='word_1_301' title='bbox 1524 2884 1546 2915; x_wconf 86' lang='grc'>8</span> 
     </span>
    </p>
   </div>
  </div>
 </body>
</html>
