<?xml version="1.0" encoding="UTF-8"?>
<!DOCTYPE html PUBLIC "-//W3C//DTD XHTML 1.0 Transitional//EN"
    "http://www.w3.org/TR/xhtml1/DTD/xhtml1-transitional.dtd">
<html xmlns="http://www.w3.org/1999/xhtml" xml:lang="en" lang="en">
 <head>
  <title>
</title>
<meta http-equiv="Content-Type" content="text/html;charset=utf-8" />
  <meta name='ocr-system' content='tesseract 3.04.00' />
  <meta name='ocr-capabilities' content='ocr_page ocr_carea ocr_par ocr_line ocrx_word'/>
</head>
<body>
  <div class='ocr_page' id='page_1' title='image "a603380702perruoft_0407.png"; bbox 0 0 1980 3260; ppageno 0'>
   <div class='ocr_carea' id='block_1_1' title="bbox 0 338 10 533">
    <p class='ocr_par' dir='ltr' id='par_1_1' title="bbox 0 338 10 533">
     <span class='ocr_line' id='line_1_1' title="bbox 0 338 10 533; textangle 90"><span class='ocrx_word' id='word_1_1' title='bbox 5 517 10 533; x_wconf 53' lang='grc' dir='ltr'><em>ψ</em></span> <span class='ocrx_word' id='word_1_2' title='bbox 0 447 9 470; x_wconf 46' lang='lat' dir='ltr'><strong>a«</strong></span> <span class='ocrx_word' id='word_1_3' title='bbox 4 402 6 406; x_wconf 28' lang='grc' dir='ltr'><strong>Ἴ</strong></span> <span class='ocrx_word' id='word_1_4' title='bbox 0 338 6 383; x_wconf 55' lang='lat' dir='ltr'><strong>w«,</strong></span> 
     </span>
    </p>
   </div>
   <div class='ocr_carea' id='block_1_2' title="bbox 263 219 1651 265">
    <p class='ocr_par' dir='ltr' id='par_1_2' title="bbox 263 219 1651 265">
     <span class='ocr_line' id='line_1_2' title="bbox 263 219 1651 265; baseline 0.001 -2"><span class='ocrx_word' id='word_1_5' title='bbox 263 232 352 263; x_wconf 54' lang='lat' dir='ltr'><strong>cir.</strong></span> <span class='ocrx_word' id='word_1_6' title='bbox 376 233 421 264; x_wconf 83' lang='lat'><strong>11.</strong></span> <span class='ocrx_word' id='word_1_7' title='bbox 447 234 497 264; x_wconf 71' lang='lat' dir='ltr'><strong>nr</strong></span> <span class='ocrx_word' id='word_1_8' title='bbox 517 233 655 265; x_wconf 71' lang='lat' dir='ltr'><strong>roms.</strong></span> <span class='ocrx_word' id='word_1_9' title='bbox 674 234 808 265; x_wconf 71' lang='lat' dir='ltr'><strong>mimo.</strong></span> <span class='ocrx_word' id='word_1_10' title='bbox 828 235 909 265; x_wconf 76' lang='lat' dir='ltr'><strong>rm.</strong></span> <span class='ocrx_word' id='word_1_11' title='bbox 926 234 1008 265; x_wconf 80' lang='lat' dir='ltr'><strong>cm.</strong></span> <span class='ocrx_word' id='word_1_12' title='bbox 1024 234 1148 265; x_wconf 71' lang='lat' dir='ltr'><strong>mm.</strong></span> <span class='ocrx_word' id='word_1_13' title='bbox 1165 233 1325 265; x_wconf 76' lang='lat' dir='ltr'><strong>cumsr.</strong></span> <span class='ocrx_word' id='word_1_14' title='bbox 1344 233 1436 265; x_wconf 71' lang='lat' dir='ltr'><strong>Aur.</strong></span> <span class='ocrx_word' id='word_1_15' title='bbox 1457 234 1517 265; x_wconf 87' lang='lat'>111.</span> <span class='ocrx_word' id='word_1_16' title='bbox 1562 219 1651 264; x_wconf 84' lang='lat'><strong>403</strong></span> 
     </span>
    </p>
   </div>
   <div class='ocr_carea' id='block_1_3' title="bbox 170 302 1657 2428">
    <p class='ocr_par' dir='ltr' id='par_1_3' title="bbox 181 302 1657 888">
     <span class='ocr_line' id='line_1_3' title="bbox 189 302 1653 376; baseline 0.001 -20"><span class='ocrx_word' id='word_1_17' title='bbox 189 319 428 357; x_wconf 87' lang='lat' dir='ltr'><strong>cernuntur</strong></span> <span class='ocrx_word' id='word_1_18' title='bbox 450 311 496 356; x_wconf 92' lang='lat' dir='ltr'><strong>in</strong></span> <span class='ocrx_word' id='word_1_19' title='bbox 522 310 779 358; x_wconf 80' lang='lat' dir='ltr'><strong>infractores</strong></span> <span class='ocrx_word' id='word_1_20' title='bbox 804 322 853 358; x_wconf 89' lang='lat' dir='ltr'><strong>ut</strong></span> <span class='ocrx_word' id='word_1_21' title='bbox 878 302 995 375; x_wconf 88' lang='lat' dir='ltr'><strong>patet</strong></span> <span class='ocrx_word' id='word_1_22' title='bbox 1028 329 1081 358; x_wconf 89' lang='lat' dir='ltr'><strong>ex</strong></span> <span class='ocrx_word' id='word_1_23' title='bbox 1114 310 1204 358; x_wconf 91' lang='lat' dir='ltr'><strong>illis</strong></span> <span class='ocrx_word' id='word_1_24' title='bbox 1239 310 1410 359; x_wconf 86' lang='lat' dir='ltr'><strong>verbis:</strong></span> <span class='ocrx_word' id='word_1_25' title='bbox 1439 311 1517 357; x_wconf 68' lang='lat' dir='ltr'><strong>«Si</strong></span> <span class='ocrx_word' id='word_1_26' title='bbox 1553 312 1653 376; x_wconf 92' lang='lat' dir='ltr'><strong>quis</strong></span> 
     </span>
     <span class='ocr_line' id='line_1_4' title="bbox 191 385 1655 453; baseline 0.003 -23"><span class='ocrx_word' id='word_1_27' title='bbox 191 385 325 448; x_wconf 86' lang='lat' dir='ltr'><strong>igitur</strong></span> <span class='ocrx_word' id='word_1_28' title='bbox 341 397 494 434; x_wconf 90' lang='lat' dir='ltr'><strong>contra</strong></span> <span class='ocrx_word' id='word_1_29' title='bbox 510 386 627 434; x_wconf 89' lang='lat' dir='ltr'><strong>hanc</strong></span> <span class='ocrx_word' id='word_1_30' title='bbox 644 387 947 435; x_wconf 88' lang='lat' dir='ltr'><strong>definitionem</strong></span> <span class='ocrx_word' id='word_1_31' title='bbox 967 387 1144 451; x_wconf 85' lang='lat' dir='ltr'>nuptias</span> <span class='ocrx_word' id='word_1_32' title='bbox 1168 404 1347 451; x_wconf 90' lang='lat' dir='ltr'><strong>precum</strong></span> <span class='ocrx_word' id='word_1_33' title='bbox 1372 386 1655 453; x_wconf 82' lang='lat' dir='ltr'>subreptione</span> 
     </span>
     <span class='ocr_line' id='line_1_5' title="bbox 188 461 1654 526; baseline 0.002 -19"><span class='ocrx_word' id='word_1_34' title='bbox 188 461 431 518; x_wconf 84' lang='lat' dir='ltr'><strong>meruerit,</strong></span> <span class='ocrx_word' id='word_1_35' title='bbox 469 462 756 509; x_wconf 88' lang='lat' dir='ltr'><strong>amissionem</strong></span> <span class='ocrx_word' id='word_1_36' title='bbox 789 462 1006 510; x_wconf 89' lang='lat' dir='ltr'><strong>bonorum</strong></span> <span class='ocrx_word' id='word_1_37' title='bbox 1041 473 1083 510; x_wconf 89' lang='lat' dir='ltr'><strong>et</strong></span> <span class='ocrx_word' id='word_1_38' title='bbox 1116 479 1303 526; x_wconf 90' lang='lat' dir='ltr'><strong>poenam</strong></span> <span class='ocrx_word' id='word_1_39' title='bbox 1338 462 1654 526; x_wconf 82' lang='lat' dir='ltr'><strong>deportationis</strong></span> 
     </span>
     <span class='ocr_line' id='line_1_6' title="bbox 189 537 1657 602; baseline 0 -17"><span class='ocrx_word' id='word_1_40' title='bbox 189 537 441 585; x_wconf 89' lang='lat' dir='ltr'><strong>subiturum</strong></span> <span class='ocrx_word' id='word_1_41' title='bbox 471 555 521 584; x_wconf 90' lang='lat' dir='ltr'><strong>se</strong></span> <span class='ocrx_word' id='word_1_42' title='bbox 554 555 654 586; x_wconf 90' lang='lat' dir='ltr'><strong>esse</strong></span> <span class='ocrx_word' id='word_1_43' title='bbox 682 555 769 586; x_wconf 89' lang='lat' dir='ltr'><strong>non</strong></span> <span class='ocrx_word' id='word_1_44' title='bbox 799 539 995 602; x_wconf 81' lang='lat' dir='ltr'><strong>ambigat</strong></span> <span class='ocrx_word' id='word_1_45' title='bbox 1015 540 1165 601; x_wconf 85' lang='lat'>(98).»</span> <span class='ocrx_word' id='word_1_46' title='bbox 1186 538 1356 586; x_wconf 85' lang='lat' dir='ltr'>Deinde</span> <span class='ocrx_word' id='word_1_47' title='bbox 1388 539 1657 586; x_wconf 87' lang='lat' dir='ltr'><strong>adiiciuntur</strong></span> 
     </span>
     <span class='ocr_line' id='line_1_7' title="bbox 184 614 1656 679; baseline 0.001 -20"><span class='ocrx_word' id='word_1_48' title='bbox 184 630 239 660; x_wconf 86' lang='lat' dir='ltr'><strong>ea</strong></span> <span class='ocrx_word' id='word_1_49' title='bbox 267 630 383 678; x_wconf 88' lang='lat' dir='ltr'><strong>quae</strong></span> <span class='ocrx_word' id='word_1_50' title='bbox 412 614 661 662; x_wconf 85' lang='lat' dir='ltr'><strong>referuntur</strong></span> <span class='ocrx_word' id='word_1_51' title='bbox 683 614 740 661; x_wconf 90' lang='lat' dir='ltr'><strong>ad</strong></span> <span class='ocrx_word' id='word_1_52' title='bbox 765 614 1078 663; x_wconf 84' lang='lat' dir='ltr'><strong>relaxationem</strong></span> <span class='ocrx_word' id='word_1_53' title='bbox 1097 614 1154 662; x_wconf 93' lang='lat' dir='ltr'><strong>ab</strong></span> <span class='ocrx_word' id='word_1_54' title='bbox 1172 614 1245 662; x_wconf 87' lang='lat' dir='ltr'><strong>his</strong></span> <span class='ocrx_word' id='word_1_55' title='bbox 1265 615 1422 679; x_wconf 84' lang='lat' dir='ltr'><strong>poenis</strong></span> <span class='ocrx_word' id='word_1_56' title='bbox 1437 653 1447 672; x_wconf 90' lang='lat'><strong>‚</strong></span> <span class='ocrx_word' id='word_1_57' title='bbox 1471 615 1509 662; x_wconf 91' lang='lat' dir='ltr'><strong>si</strong></span> <span class='ocrx_word' id='word_1_58' title='bbox 1526 615 1656 663; x_wconf 88' lang='lat' dir='ltr'><strong>venia</strong></span> 
     </span>
     <span class='ocr_line' id='line_1_8' title="bbox 181 687 1655 755; baseline 0.001 -19"><span class='ocrx_word' id='word_1_59' title='bbox 181 687 450 736; x_wconf 84' lang='lat' dir='ltr'><strong>obtineatur.</strong></span> <span class='ocrx_word' id='word_1_60' title='bbox 479 691 589 737; x_wconf 91' lang='lat' dir='ltr'><strong>Nam</strong></span> <span class='ocrx_word' id='word_1_61' title='bbox 624 690 832 739; x_wconf 86' lang='lat' dir='ltr'><strong>relaxatio</strong></span> <span class='ocrx_word' id='word_1_62' title='bbox 863 691 1044 739; x_wconf 85' lang='lat' dir='ltr'><strong>relativa</strong></span> <span class='ocrx_word' id='word_1_63' title='bbox 1071 701 1140 738; x_wconf 89' lang='lat' dir='ltr'><strong>est</strong></span> <span class='ocrx_word' id='word_1_64' title='bbox 1164 691 1220 738; x_wconf 90' lang='lat' dir='ltr'><strong>ad</strong></span> <span class='ocrx_word' id='word_1_65' title='bbox 1244 690 1356 755; x_wconf 87' lang='lat' dir='ltr'><strong>legis</strong></span> <span class='ocrx_word' id='word_1_66' title='bbox 1388 690 1655 738; x_wconf 75' lang='lat' dir='ltr'><strong>indoIemac</strong></span> 
     </span>
     <span class='ocr_line' id='line_1_9' title="bbox 184 764 1655 831; baseline 0.003 -21"><span class='ocrx_word' id='word_1_67' title='bbox 184 773 403 811; x_wconf 87' lang='lat' dir='ltr'><strong>naturam.</strong></span> <span class='ocrx_word' id='word_1_68' title='bbox 426 764 511 812; x_wconf 89' lang='lat' dir='ltr'><strong>Lex</strong></span> <span class='ocrx_word' id='word_1_69' title='bbox 546 776 691 813; x_wconf 90' lang='lat' dir='ltr'><strong>autem</strong></span> <span class='ocrx_word' id='word_1_70' title='bbox 726 783 813 813; x_wconf 89' lang='lat' dir='ltr'><strong>non</strong></span> <span class='ocrx_word' id='word_1_71' title='bbox 844 766 1018 829; x_wconf 87' lang='lat' dir='ltr'><strong>attingit</strong></span> <span class='ocrx_word' id='word_1_72' title='bbox 1050 766 1302 822; x_wconf 85' lang='lat' dir='ltr'><strong>vinculum,</strong></span> <span class='ocrx_word' id='word_1_73' title='bbox 1342 766 1541 831; x_wconf 87' lang='lat' dir='ltr'><strong>adeoque</strong></span> <span class='ocrx_word' id='word_1_74' title='bbox 1575 783 1655 814; x_wconf 87' lang='lat' dir='ltr'><strong>nec</strong></span> 
     </span>
     <span class='ocr_line' id='line_1_10' title="bbox 185 839 1525 888; baseline -0.001 -1"><span class='ocrx_word' id='word_1_75' title='bbox 185 839 412 888; x_wconf 85' lang='lat' dir='ltr'><strong>relaxatio.</strong></span> <span class='ocrx_word' id='word_1_76' title='bbox 1523 883 1525 885; x_wconf 76' lang='grc'><strong>,</strong></span> 
     </span>
    </p>

    <p class='ocr_par' dir='ltr' id='par_1_4' title="bbox 176 913 1657 1441">
     <span class='ocr_line' id='line_1_11' title="bbox 278 913 1656 984; baseline 0.002 -21"><span class='ocrx_word' id='word_1_77' title='bbox 278 916 444 965; x_wconf 90' lang='lat' dir='ltr'><strong>Eodem</strong></span> <span class='ocrx_word' id='word_1_78' title='bbox 483 934 618 964; x_wconf 88' lang='lat' dir='ltr'><strong>sensu</strong></span> <span class='ocrx_word' id='word_1_79' title='bbox 660 918 845 981; x_wconf 80' lang='lat' dir='ltr'><strong>intelligi</strong></span> <span class='ocrx_word' id='word_1_80' title='bbox 880 919 1065 984; x_wconf 90' lang='lat' dir='ltr'><strong>proinde</strong></span> <span class='ocrx_word' id='word_1_81' title='bbox 1099 918 1232 966; x_wconf 87' lang='lat' dir='ltr'><strong>debet</strong></span> <span class='ocrx_word' id='word_1_82' title='bbox 1265 913 1453 965; x_wconf 83' lang='lat' dir='ltr'><strong>formula</strong></span> <span class='ocrx_word' id='word_1_83' title='bbox 1486 936 1513 966; x_wconf 89' lang='lat' dir='ltr'><strong>a</strong></span> <span class='ocrx_word' id='word_1_84' title='bbox 1547 919 1656 968; x_wconf 90' lang='lat' dir='ltr'><strong>Cas-</strong></span> 
     </span>
     <span class='ocr_line' id='line_1_12' title="bbox 181 993 1657 1059; baseline -0.001 -18"><span class='ocrx_word' id='word_1_85' title='bbox 181 993 362 1042; x_wconf 83' lang='lat' dir='ltr'><strong>siodoro</strong></span> <span class='ocrx_word' id='word_1_86' title='bbox 397 993 527 1042; x_wconf 92' lang='lat' dir='ltr'><strong>nobis</strong></span> <span class='ocrx_word' id='word_1_87' title='bbox 569 1005 774 1051; x_wconf 89' lang='lat' dir='ltr'><strong>servata,</strong></span> <span class='ocrx_word' id='word_1_88' title='bbox 816 1012 905 1059; x_wconf 93' lang='lat' dir='ltr'><strong>qua</strong></span> <span class='ocrx_word' id='word_1_89' title='bbox 947 1012 1073 1058; x_wconf 86' lang='lat' dir='ltr'><strong>reges</strong></span> <span class='ocrx_word' id='word_1_90' title='bbox 1109 995 1232 1058; x_wconf 91' lang='lat' dir='ltr'><strong>gothi</strong></span> <span class='ocrx_word' id='word_1_91' title='bbox 1269 995 1445 1042; x_wconf 91' lang='lat' dir='ltr'><strong>veniam</strong></span> <span class='ocrx_word' id='word_1_92' title='bbox 1491 994 1657 1041; x_wconf 90' lang='lat' dir='ltr'><strong>dabant</strong></span> 
     </span>
     <span class='ocr_line' id='line_1_13' title="bbox 183 1069 1656 1135; baseline 0.001 -19"><span class='ocrx_word' id='word_1_93' title='bbox 183 1069 367 1118; x_wconf 85' lang='lat' dir='ltr'><strong>ineundi</strong></span> <span class='ocrx_word' id='word_1_94' title='bbox 402 1070 581 1135; x_wconf 91' lang='lat' dir='ltr'><strong>nuptias</strong></span> <span class='ocrx_word' id='word_1_95' title='bbox 617 1069 731 1117; x_wconf 87' lang='lat' dir='ltr'><strong>inter</strong></span> <span class='ocrx_word' id='word_1_96' title='bbox 765 1070 1054 1118; x_wconf 87' lang='lat' dir='ltr'><strong>consobrinos</strong></span> <span class='ocrx_word' id='word_1_97' title='bbox 1078 1109 1088 1127; x_wconf 89' lang='lat'>,</span> <span class='ocrx_word' id='word_1_98' title='bbox 1130 1070 1301 1118; x_wconf 89' lang='lat' dir='ltr'><strong>scilicet</strong></span> <span class='ocrx_word' id='word_1_99' title='bbox 1336 1070 1392 1118; x_wconf 89' lang='lat' dir='ltr'><strong>de</strong></span> <span class='ocrx_word' id='word_1_100' title='bbox 1437 1069 1656 1117; x_wconf 89' lang='lat' dir='ltr'><strong>solutione</strong></span> 
     </span>
     <span class='ocr_line' id='line_1_14' title="bbox 182 1145 1657 1211; baseline 0 -17"><span class='ocrx_word' id='word_1_101' title='bbox 182 1163 350 1211; x_wconf 90' lang='lat' dir='ltr'><strong>poenae</strong></span> <span class='ocrx_word' id='word_1_102' title='bbox 382 1146 529 1211; x_wconf 90' lang='lat' dir='ltr'><strong>quoad</strong></span> <span class='ocrx_word' id='word_1_103' title='bbox 563 1145 746 1194; x_wconf 83' lang='lat' dir='ltr'><strong>effectus</strong></span> <span class='ocrx_word' id='word_1_104' title='bbox 781 1146 964 1203; x_wconf 88' lang='lat' dir='ltr'><strong>civiles,</strong></span> <span class='ocrx_word' id='word_1_105' title='bbox 992 1146 1238 1211; x_wconf 90' lang='lat' dir='ltr'><strong>eademque</strong></span> <span class='ocrx_word' id='word_1_106' title='bbox 1267 1146 1436 1194; x_wconf 87' lang='lat' dir='ltr'><strong>ratione</strong></span> <span class='ocrx_word' id='word_1_107' title='bbox 1461 1156 1565 1193; x_wconf 90' lang='lat' dir='ltr'><strong>sunt</strong></span> <span class='ocrx_word' id='word_1_108' title='bbox 1589 1163 1657 1194; x_wconf 90' lang='lat' dir='ltr'><strong>ac-</strong></span> 
     </span>
     <span class='ocr_line' id='line_1_15' title="bbox 178 1222 1653 1288; baseline 0 -19"><span class='ocrx_word' id='word_1_109' title='bbox 178 1222 415 1288; x_wconf 81' lang='lat' dir='ltr'><strong>cipiendae</strong></span> <span class='ocrx_word' id='word_1_110' title='bbox 448 1223 487 1270; x_wconf 87' lang='lat' dir='ltr'><strong>si</strong></span> <span class='ocrx_word' id='word_1_111' title='bbox 523 1239 639 1287; x_wconf 86' lang='lat' dir='ltr'><strong>quae</strong></span> <span class='ocrx_word' id='word_1_112' title='bbox 672 1223 761 1270; x_wconf 87' lang='lat' dir='ltr'><strong>sint</strong></span> <span class='ocrx_word' id='word_1_113' title='bbox 795 1222 910 1270; x_wconf 89' lang='lat' dir='ltr'><strong>aliae</strong></span> <span class='ocrx_word' id='word_1_114' title='bbox 943 1222 1250 1271; x_wconf 89' lang='lat' dir='ltr'><strong>huiuscemodi</strong></span> <span class='ocrx_word' id='word_1_115' title='bbox 1275 1222 1414 1286; x_wconf 89' lang='lat' dir='ltr'><strong>leges.</strong></span> <span class='ocrx_word' id='word_1_116' title='bbox 1444 1223 1540 1271; x_wconf 89' lang='lat' dir='ltr'><strong>Hoc</strong></span> <span class='ocrx_word' id='word_1_117' title='bbox 1563 1240 1653 1269; x_wconf 92' lang='lat' dir='ltr'><strong>ma-</strong></span> 
     </span>
     <span class='ocr_line' id='line_1_16' title="bbox 179 1298 1653 1363; baseline 0.001 -19"><span class='ocrx_word' id='word_1_118' title='bbox 179 1298 251 1362; x_wconf 85' lang='lat' dir='ltr'><strong>gis</strong></span> <span class='ocrx_word' id='word_1_119' title='bbox 296 1298 580 1346; x_wconf 85' lang='lat' dir='ltr'><strong>manifestum</strong></span> <span class='ocrx_word' id='word_1_120' title='bbox 622 1298 671 1346; x_wconf 90' lang='lat' dir='ltr'><strong>fit</strong></span> <span class='ocrx_word' id='word_1_121' title='bbox 704 1316 756 1346; x_wconf 88' lang='lat' dir='ltr'><strong>ex</strong></span> <span class='ocrx_word' id='word_1_122' title='bbox 797 1298 1001 1346; x_wconf 85' lang='lat' dir='ltr'><strong>adductis</strong></span> <span class='ocrx_word' id='word_1_123' title='bbox 1035 1316 1062 1345; x_wconf 88' lang='lat' dir='ltr'><strong>a</strong></span> <span class='ocrx_word' id='word_1_124' title='bbox 1096 1299 1291 1346; x_wconf 90' lang='lat' dir='ltr'><strong>Launoio</strong></span> <span class='ocrx_word' id='word_1_125' title='bbox 1337 1298 1551 1363; x_wconf 87' lang='lat' dir='ltr'><strong>exemplis</strong></span> <span class='ocrx_word' id='word_1_126' title='bbox 1597 1299 1653 1346; x_wconf 92' lang='lat' dir='ltr'><strong>ad</strong></span> 
     </span>
     <span class='ocr_line' id='line_1_17' title="bbox 176 1375 1029 1441; baseline -0.001 -18"><span class='ocrx_word' id='word_1_127' title='bbox 176 1375 505 1423; x_wconf 85' lang='lat' dir='ltr'><strong>conficiendum</strong></span> <span class='ocrx_word' id='word_1_128' title='bbox 539 1375 658 1441; x_wconf 93' lang='lat' dir='ltr'><strong>quod</strong></span> <span class='ocrx_word' id='word_1_129' title='bbox 695 1375 885 1422; x_wconf 90' lang='lat' dir='ltr'><strong>intendit</strong></span> <span class='ocrx_word' id='word_1_130' title='bbox 911 1377 1029 1438; x_wconf 80' lang='lat'>(99).</span> 
     </span>
    </p>

    <p class='ocr_par' dir='ltr' id='par_1_5' title="bbox 170 1451 1655 2428">
     <span class='ocr_line' id='line_1_18' title="bbox 275 1451 1653 1517; baseline 0 -19"><span class='ocrx_word' id='word_1_131' title='bbox 275 1451 504 1517; x_wconf 90' lang='lat' dir='ltr'><strong>Siquidem</strong></span> <span class='ocrx_word' id='word_1_132' title='bbox 530 1452 645 1498; x_wconf 89' lang='lat' dir='ltr'><strong>inter</strong></span> <span class='ocrx_word' id='word_1_133' title='bbox 667 1462 811 1499; x_wconf 89' lang='lat' dir='ltr'><strong>cetera</strong></span> <span class='ocrx_word' id='word_1_134' title='bbox 835 1451 965 1500; x_wconf 85' lang='lat' dir='ltr'><strong>refert</strong></span> <span class='ocrx_word' id='word_1_135' title='bbox 989 1462 1208 1517; x_wconf 88' lang='lat' dir='ltr'><strong>receptam</strong></span> <span class='ocrx_word' id='word_1_136' title='bbox 1234 1469 1371 1517; x_wconf 87' lang='lat' dir='ltr'><strong>penes</strong></span> <span class='ocrx_word' id='word_1_137' title='bbox 1401 1451 1653 1499; x_wconf 84' lang='lat' dir='ltr'><strong>francorum</strong></span> 
     </span>
     <span class='ocr_line' id='line_1_19' title="bbox 173 1527 1653 1593; baseline -0.002 -16"><span class='ocrx_word' id='word_1_138' title='bbox 173 1527 413 1593; x_wconf 87' lang='lat' dir='ltr'><strong>optimates</strong></span> <span class='ocrx_word' id='word_1_139' title='bbox 446 1527 811 1576; x_wconf 89' lang='lat' dir='ltr'><strong>consuetudinem</strong></span> <span class='ocrx_word' id='word_1_140' title='bbox 830 1566 840 1585; x_wconf 88' lang='lat'>‚</span> <span class='ocrx_word' id='word_1_141' title='bbox 877 1539 927 1576; x_wconf 92' lang='lat' dir='ltr'><strong>ut</strong></span> <span class='ocrx_word' id='word_1_142' title='bbox 963 1546 1142 1576; x_wconf 89' lang='lat' dir='ltr'><strong>uxorem</strong></span> <span class='ocrx_word' id='word_1_143' title='bbox 1178 1546 1266 1576; x_wconf 91' lang='lat' dir='ltr'><strong>non</strong></span> <span class='ocrx_word' id='word_1_144' title='bbox 1301 1528 1536 1583; x_wconf 84' lang='lat' dir='ltr'><strong>ducerent,</strong></span> <span class='ocrx_word' id='word_1_145' title='bbox 1566 1527 1653 1576; x_wconf 89' lang='lat' dir='ltr'><strong>nisi</strong></span> 
     </span>
     <span class='ocr_line' id='line_1_20' title="bbox 176 1603 1647 1668; baseline -0.003 -15"><span class='ocrx_word' id='word_1_146' title='bbox 176 1604 308 1653; x_wconf 82' lang='lat' dir='ltr'><strong>venia</strong></span> <span class='ocrx_word' id='word_1_147' title='bbox 347 1622 374 1651; x_wconf 90' lang='lat' dir='ltr'><strong>a</strong></span> <span class='ocrx_word' id='word_1_148' title='bbox 413 1621 516 1668; x_wconf 87' lang='lat' dir='ltr'><strong>rege</strong></span> <span class='ocrx_word' id='word_1_149' title='bbox 549 1603 701 1668; x_wconf 89' lang='lat' dir='ltr'><strong>petita.</strong></span> <span class='ocrx_word' id='word_1_150' title='bbox 741 1605 850 1651; x_wconf 91' lang='lat' dir='ltr'><strong>Nam</strong></span> <span class='ocrx_word' id='word_1_151' title='bbox 885 1605 931 1651; x_wconf 92' lang='lat' dir='ltr'><strong>in</strong></span> <span class='ocrx_word' id='word_1_152' title='bbox 964 1605 1128 1652; x_wconf 85' lang='lat' dir='ltr'><strong>vitas.</strong></span> <span class='ocrx_word' id='word_1_153' title='bbox 1158 1604 1430 1652; x_wconf 84' lang='lat' dir='ltr'><strong>Godebertae&#39;</strong></span> <span class='ocrx_word' id='word_1_154' title='bbox 1464 1603 1647 1667; x_wconf 87' lang='lat' dir='ltr'><strong>legitur:</strong></span> 
     </span>
     <span class='ocr_line' id='line_1_21' title="bbox 182 1679 1654 1742; baseline 0.001 -17"><span class='ocrx_word' id='word_1_155' title='bbox 182 1699 204 1725; x_wconf 85' lang='lat'>«</span> <span class='ocrx_word' id='word_1_156' title='bbox 227 1681 436 1727; x_wconf 90' lang='lat' dir='ltr'><strong>Parentes</strong></span> <span class='ocrx_word' id='word_1_157' title='bbox 473 1689 619 1726; x_wconf 91' lang='lat' dir='ltr'><strong>autem</strong></span> <span class='ocrx_word' id='word_1_158' title='bbox 657 1679 754 1726; x_wconf 92' lang='lat' dir='ltr'><strong>eius</strong></span> <span class='ocrx_word' id='word_1_159' title='bbox 795 1679 1105 1741; x_wconf 87' lang='lat' dir='ltr'><strong>(Godebertae</strong></span> <span class='ocrx_word' id='word_1_160' title='bbox 1126 1682 1172 1742; x_wconf 86' lang='lat'><strong>)‚</strong></span> <span class='ocrx_word' id='word_1_161' title='bbox 1217 1697 1317 1727; x_wconf 89' lang='lat' dir='ltr'><strong>cum</strong></span> <span class='ocrx_word' id='word_1_162' title='bbox 1351 1690 1504 1727; x_wconf 88' lang='lat' dir='ltr'><strong>essent</strong></span> <span class='ocrx_word' id='word_1_163' title='bbox 1537 1679 1654 1742; x_wconf 88' lang='lat' dir='ltr'><strong>regis</strong></span> 
     </span>
     <span class='ocr_line' id='line_1_22' title="bbox 175 1756 1653 1821; baseline -0.001 -17"><span class='ocrx_word' id='word_1_164' title='bbox 175 1756 473 1813; x_wconf 88' lang='lat' dir='ltr'><strong>beneficiarii,</strong></span> <span class='ocrx_word' id='word_1_165' title='bbox 503 1773 592 1804; x_wconf 89' lang='lat' dir='ltr'><strong>non</strong></span> <span class='ocrx_word' id='word_1_166' title='bbox 617 1756 867 1814; x_wconf 89' lang='lat' dir='ltr'><strong>audebant,</strong></span> <span class='ocrx_word' id='word_1_167' title='bbox 896 1756 1146 1804; x_wconf 92' lang='lat' dir='ltr'><strong>inconsulto</strong></span> <span class='ocrx_word' id='word_1_168' title='bbox 1170 1773 1294 1819; x_wconf 86' lang='lat' dir='ltr'><strong>rege,</strong></span> <span class='ocrx_word' id='word_1_169' title='bbox 1323 1756 1531 1821; x_wconf 90' lang='lat' dir='ltr'><strong>cuiquam</strong></span> <span class='ocrx_word' id='word_1_170' title='bbox 1556 1773 1653 1803; x_wconf 90' lang='lat' dir='ltr'><strong>eam</strong></span> 
     </span>
     <span class='ocr_line' id='line_1_23' title="bbox 178 1832 1653 1897; baseline -0.001 -17"><span class='ocrx_word' id='word_1_171' title='bbox 178 1833 224 1880; x_wconf 89' lang='lat' dir='ltr'><strong>in</strong></span> <span class='ocrx_word' id='word_1_172' title='bbox 264 1832 596 1880; x_wconf 89' lang='lat' dir='ltr'><strong>matrimonium</strong></span> <span class='ocrx_word' id='word_1_173' title='bbox 641 1832 872 1881; x_wconf 87' lang='lat' dir='ltr'><strong>collocare.</strong></span> <span class='ocrx_word' id='word_1_174' title='bbox 918 1832 1028 1879; x_wconf 90' lang='lat' dir='ltr'><strong>Cum</strong></span> <span class='ocrx_word' id='word_1_175' title='bbox 1074 1842 1219 1880; x_wconf 90' lang='lat' dir='ltr'><strong>autem</strong></span> <span class='ocrx_word' id='word_1_176' title='bbox 1267 1832 1377 1879; x_wconf 89' lang='lat' dir='ltr'><strong>haec</strong></span> <span class='ocrx_word' id='word_1_177' title='bbox 1422 1850 1492 1879; x_wconf 89' lang='lat' dir='ltr'><strong>res</strong></span> <span class='ocrx_word' id='word_1_178' title='bbox 1534 1832 1653 1897; x_wconf 90' lang='lat' dir='ltr'><strong>apud</strong></span> 
     </span>
     <span class='ocr_line' id='line_1_24' title="bbox 174 1908 1655 1974; baseline -0.002 -16"><span class='ocrx_word' id='word_1_179' title='bbox 174 1909 455 1958; x_wconf 72' lang='lat' dir='ltr'><strong>chlotarium</strong></span> <span class='ocrx_word' id='word_1_180' title='bbox 484 1919 690 1973; x_wconf 80' lang='lat' dir='ltr'><strong>ageretur</strong></span> <span class='ocrx_word' id='word_1_181' title='bbox 719 1919 805 1957; x_wconf 90' lang='lat' dir='ltr'><strong>etc.</strong></span> <span class='ocrx_word' id='word_1_182' title='bbox 841 1910 1023 1971; x_wconf 84' lang='lat'>(100).»</span> <span class='ocrx_word' id='word_1_183' title='bbox 1045 1909 1099 1956; x_wconf 91' lang='lat' dir='ltr'><strong>At</strong></span> <span class='ocrx_word' id='word_1_184' title='bbox 1122 1909 1224 1974; x_wconf 85' lang='lat' dir='ltr'><strong>quis</strong></span> <span class='ocrx_word' id='word_1_185' title='bbox 1257 1926 1345 1956; x_wconf 88' lang='lat' dir='ltr'><strong>non</strong></span> <span class='ocrx_word' id='word_1_186' title='bbox 1378 1908 1499 1956; x_wconf 85' lang='lat' dir='ltr'><strong>videt</strong></span> <span class='ocrx_word' id='word_1_187' title='bbox 1529 1908 1655 1970; x_wconf 83' lang='lat' dir='ltr'><strong>hisce</strong></span> 
     </span>
     <span class='ocr_line' id='line_1_25' title="bbox 174 1984 1650 2049; baseline 0 -18"><span class='ocrx_word' id='word_1_188' title='bbox 174 1985 222 2032; x_wconf 86' lang='lat' dir='ltr'><strong>in</strong></span> <span class='ocrx_word' id='word_1_189' title='bbox 264 1984 487 2033; x_wconf 86' lang='lat' dir='ltr'><strong>adiunctis</strong></span> <span class='ocrx_word' id='word_1_190' title='bbox 526 1985 770 2033; x_wconf 91' lang='lat' dir='ltr'><strong>nullimode</strong></span> <span class='ocrx_word' id='word_1_191' title='bbox 813 1986 884 2048; x_wconf 87' lang='lat' dir='ltr'><strong>agi</strong></span> <span class='ocrx_word' id='word_1_192' title='bbox 929 1985 984 2033; x_wconf 90' lang='lat' dir='ltr'><strong>de</strong></span> <span class='ocrx_word' id='word_1_193' title='bbox 1024 1985 1340 2049; x_wconf 89' lang='lat' dir='ltr'><strong>impedimento</strong></span> <span class='ocrx_word' id='word_1_194' title='bbox 1381 1984 1617 2031; x_wconf 89' lang='lat' dir='ltr'><strong>dirimente</strong></span> <span class='ocrx_word' id='word_1_195' title='bbox 1640 2022 1650 2040; x_wconf 87' lang='lat'>‚</span> 
     </span>
     <span class='ocr_line' id='line_1_26' title="bbox 174 2058 1653 2125; baseline -0.002 -18"><span class='ocrx_word' id='word_1_196' title='bbox 174 2077 321 2125; x_wconf 89' lang='lat' dir='ltr'><strong>neque</strong></span> <span class='ocrx_word' id='word_1_197' title='bbox 355 2060 521 2108; x_wconf 89' lang='lat' dir='ltr'><strong>idcirco</strong></span> <span class='ocrx_word' id='word_1_198' title='bbox 555 2060 611 2108; x_wconf 91' lang='lat' dir='ltr'><strong>de</strong></span> <span class='ocrx_word' id='word_1_199' title='bbox 646 2060 916 2108; x_wconf 83' lang='lat' dir='ltr'><strong>relaxatione</strong></span> <span class='ocrx_word' id='word_1_200' title='bbox 953 2059 1009 2107; x_wconf 90' lang='lat' dir='ltr'><strong>ab</strong></span> <span class='ocrx_word' id='word_1_201' title='bbox 1043 2060 1361 2125; x_wconf 91' lang='lat' dir='ltr'><strong>impedimento</strong></span> <span class='ocrx_word' id='word_1_202' title='bbox 1399 2058 1653 2108; x_wconf 70' lang='lat' dir='ltr'><strong>eiusmodi?</strong></span> 
     </span>
     <span class='ocr_line' id='line_1_27' title="bbox 174 2135 1653 2202; baseline -0.001 -18"><span class='ocrx_word' id='word_1_203' title='bbox 174 2135 384 2202; x_wconf 90' lang='lat' dir='ltr'><strong>Alioquin</strong></span> <span class='ocrx_word' id='word_1_204' title='bbox 414 2136 585 2184; x_wconf 90' lang='lat' dir='ltr'><strong>nullum</strong></span> <span class='ocrx_word' id='word_1_205' title='bbox 619 2137 857 2185; x_wconf 89' lang='lat' dir='ltr'><strong>dicendum</strong></span> <span class='ocrx_word' id='word_1_206' title='bbox 893 2137 1004 2185; x_wconf 83' lang='lat' dir='ltr'><strong>foret</strong></span> <span class='ocrx_word' id='word_1_207' title='bbox 1038 2137 1318 2201; x_wconf 87' lang='lat' dir='ltr'><strong>coniugium,</strong></span> <span class='ocrx_word' id='word_1_208' title='bbox 1357 2136 1476 2202; x_wconf 91' lang='lat' dir='ltr'><strong>quod</strong></span> <span class='ocrx_word' id='word_1_209' title='bbox 1502 2136 1653 2184; x_wconf 86' lang='lat' dir='ltr'><strong>hacte-</strong></span> 
     </span>
     <span class='ocr_line' id='line_1_28' title="bbox 171 2212 1651 2278; baseline -0.001 -18"><span class='ocrx_word' id='word_1_210' title='bbox 171 2230 259 2260; x_wconf 82' lang='lat' dir='ltr'><strong>nus</strong></span> <span class='ocrx_word' id='word_1_211' title='bbox 279 2229 306 2259; x_wconf 90' lang='lat' dir='ltr'><strong>a</strong></span> <span class='ocrx_word' id='word_1_212' title='bbox 324 2212 515 2259; x_wconf 90' lang='lat' dir='ltr'><strong>militum</strong></span> <span class='ocrx_word' id='word_1_213' title='bbox 539 2212 730 2260; x_wconf 86' lang='lat' dir='ltr'><strong>ducibus</strong></span> <span class='ocrx_word' id='word_1_214' title='bbox 755 2213 857 2259; x_wconf 88' lang='lat' dir='ltr'><strong>iniri</strong></span> <span class='ocrx_word' id='word_1_215' title='bbox 883 2230 970 2260; x_wconf 88' lang='lat' dir='ltr'><strong>non</strong></span> <span class='ocrx_word' id='word_1_216' title='bbox 999 2224 1168 2278; x_wconf 89' lang='lat' dir='ltr'><strong>poterat</strong></span> <span class='ocrx_word' id='word_1_217' title='bbox 1191 2213 1362 2278; x_wconf 90' lang='lat' dir='ltr'><strong>absque</strong></span> <span class='ocrx_word' id='word_1_218' title='bbox 1390 2212 1651 2278; x_wconf 88' lang='lat' dir='ltr'><strong>imperantis</strong></span> 
     </span>
     <span class='ocr_line' id='line_1_29' title="bbox 173 2288 1650 2354; baseline -0.001 -19"><span class='ocrx_word' id='word_1_219' title='bbox 173 2288 331 2346; x_wconf 88' lang='lat' dir='ltr'><strong>venia,</strong></span> <span class='ocrx_word' id='word_1_220' title='bbox 371 2288 492 2353; x_wconf 92' lang='lat' dir='ltr'><strong>quod</strong></span> <span class='ocrx_word' id='word_1_221' title='bbox 528 2288 660 2354; x_wconf 90' lang='lat' dir='ltr'><strong>plane</strong></span> <span class='ocrx_word' id='word_1_222' title='bbox 693 2289 936 2337; x_wconf 91' lang='lat' dir='ltr'><strong>absurdum</strong></span> <span class='ocrx_word' id='word_1_223' title='bbox 971 2301 1039 2338; x_wconf 92' lang='lat' dir='ltr'><strong>est</strong></span> <span class='ocrx_word' id='word_1_224' title='bbox 1072 2300 1115 2338; x_wconf 89' lang='lat' dir='ltr'><strong>et</strong></span> <span class='ocrx_word' id='word_1_225' title='bbox 1147 2300 1300 2338; x_wconf 88' lang='lat' dir='ltr'><strong>contra</strong></span> <span class='ocrx_word' id='word_1_226' title='bbox 1333 2289 1650 2338; x_wconf 88' lang='lat' dir='ltr'><strong>catholicorum</strong></span> 
     </span>
     <span class='ocr_line' id='line_1_30' title="bbox 170 2364 776 2428; baseline -0.002 -16"><span class='ocrx_word' id='word_1_227' title='bbox 170 2364 375 2412; x_wconf 89' lang='lat' dir='ltr'><strong>omnium</strong></span> <span class='ocrx_word' id='word_1_228' title='bbox 417 2381 598 2412; x_wconf 88' lang='lat' dir='ltr'><strong>sensum</strong></span> <span class='ocrx_word' id='word_1_229' title='bbox 629 2366 776 2428; x_wconf 85' lang='lat'>(101).</span> 
     </span>
    </p>
   </div>
   <div class='ocr_carea' id='block_1_4' title="bbox 168 2532 1649 2839">
    <p class='ocr_par' dir='ltr' id='par_1_6' title="bbox 269 2532 1414 2576">
     <span class='ocr_line' id='line_1_31' title="bbox 269 2532 1414 2576; baseline 0 -11"><span class='ocrx_word' id='word_1_230' title='bbox 269 2533 336 2574; x_wconf 83' lang='lat'>(98)</span> <span class='ocrx_word' id='word_1_231' title='bbox 357 2532 468 2566; x_wconf 82' lang='lat' dir='ltr'><strong>Eiusd.</strong></span> <span class='ocrx_word' id='word_1_232' title='bbox 487 2533 544 2566; x_wconf 88' lang='lat' dir='ltr'><strong>lib.</strong></span> <span class='ocrx_word' id='word_1_233' title='bbox 562 2535 621 2566; x_wconf 81' lang='lat'>111.</span> <span class='ocrx_word' id='word_1_234' title='bbox 637 2533 688 2567; x_wconf 85' lang='lat' dir='ltr'><strong>tit.</strong></span> <span class='ocrx_word' id='word_1_235' title='bbox 709 2538 756 2567; x_wconf 89' lang='lat'><strong>10.</strong></span> <span class='ocrx_word' id='word_1_236' title='bbox 774 2536 810 2567; x_wconf 73' lang='lat' dir='ltr'><strong>Si</strong></span> <span class='ocrx_word' id='word_1_237' title='bbox 827 2535 971 2576; x_wconf 79' lang='lat' dir='ltr'><strong>nuptiae</strong></span> <span class='ocrx_word' id='word_1_238' title='bbox 987 2543 1032 2567; x_wconf 76' lang='lat' dir='ltr'><strong>ex</strong></span> <span class='ocrx_word' id='word_1_239' title='bbox 1047 2535 1217 2576; x_wconf 69' lang='lat' dir='ltr'><strong>rescripta</strong></span> <span class='ocrx_word' id='word_1_240' title='bbox 1231 2535 1414 2575; x_wconf 78' lang='lat' dir='ltr'><strong>petantur.</strong></span> 
     </span>
    </p>

    <p class='ocr_par' dir='ltr' id='par_1_7' title="bbox 168 2584 1649 2734">
     <span class='ocr_line' id='line_1_32' title="bbox 267 2584 1649 2630; baseline -0.002 -11"><span class='ocrx_word' id='word_1_241' title='bbox 267 2586 333 2627; x_wconf 88' lang='grc'>(99)</span> <span class='ocrx_word' id='word_1_242' title='bbox 354 2588 461 2628; x_wconf 85' lang='lat' dir='ltr'><strong>Atque</strong></span> <span class='ocrx_word' id='word_1_243' title='bbox 482 2587 535 2619; x_wconf 85' lang='lat' dir='ltr'><strong>hic</strong></span> <span class='ocrx_word' id='word_1_244' title='bbox 560 2586 665 2620; x_wconf 88' lang='lat' dir='ltr'><strong>obiter</strong></span> <span class='ocrx_word' id='word_1_245' title='bbox 687 2589 765 2620; x_wconf 81' lang='lat' dir='ltr'><strong>noto</strong></span> <span class='ocrx_word' id='word_1_246' title='bbox 788 2587 968 2620; x_wconf 85' lang='lat' dir='ltr'><strong>Launoium</strong></span> <span class='ocrx_word' id='word_1_247' title='bbox 991 2596 1061 2620; x_wconf 85' lang='lat' dir='ltr'><strong>esse</strong></span> <span class='ocrx_word' id='word_1_248' title='bbox 1088 2588 1347 2630; x_wconf 82' lang='lat' dir='ltr'><strong>promptuarium</strong></span> <span class='ocrx_word' id='word_1_249' title='bbox 1367 2595 1405 2618; x_wconf 84' lang='lat' dir='ltr'><strong>ex</strong></span> <span class='ocrx_word' id='word_1_250' title='bbox 1422 2595 1487 2627; x_wconf 92' lang='lat' dir='ltr'><strong>quo</strong></span> <span class='ocrx_word' id='word_1_251' title='bbox 1503 2584 1649 2624; x_wconf 77' lang='lat' dir='ltr'><strong>Nestius,</strong></span> 
     </span>
     <span class='ocr_line' id='line_1_33' title="bbox 171 2638 1649 2682; baseline -0.001 -12"><span class='ocrx_word' id='word_1_252' title='bbox 171 2639 274 2679; x_wconf 85' lang='lat' dir='ltr'><strong>Nuytz</strong></span> <span class='ocrx_word' id='word_1_253' title='bbox 284 2639 406 2680; x_wconf 85' lang='lat' dir='ltr'><strong>aliique</strong></span> <span class='ocrx_word' id='word_1_254' title='bbox 419 2648 509 2672; x_wconf 84' lang='lat' dir='ltr'><strong>suam</strong></span> <span class='ocrx_word' id='word_1_255' title='bbox 526 2640 794 2681; x_wconf 79' lang='lat' dir='ltr'><strong>deprompserunt</strong></span> <span class='ocrx_word' id='word_1_256' title='bbox 815 2640 1029 2673; x_wconf 81' lang='lat' dir='ltr'><strong>eruditionem</strong></span> <span class='ocrx_word' id='word_1_257' title='bbox 1044 2642 1076 2673; x_wconf 90' lang='lat' dir='ltr'><strong>et</strong></span> <span class='ocrx_word' id='word_1_258' title='bbox 1089 2643 1299 2682; x_wconf 75' lang='lat' dir='ltr'><strong>argumenta,</strong></span> <span class='ocrx_word' id='word_1_259' title='bbox 1316 2639 1433 2680; x_wconf 86' lang='lat' dir='ltr'><strong>quibus</strong></span> <span class='ocrx_word' id='word_1_260' title='bbox 1449 2638 1649 2680; x_wconf 82' lang='lat' dir='ltr'><strong>paradoxum</strong></span> 
     </span>
     <span class='ocr_line' id='line_1_34' title="bbox 168 2690 1605 2734; baseline -0.001 -12"><span class='ocrx_word' id='word_1_261' title='bbox 168 2699 266 2723; x_wconf 88' lang='lat' dir='ltr'><strong>suum</strong></span> <span class='ocrx_word' id='word_1_262' title='bbox 292 2691 516 2732; x_wconf 81' lang='lat' dir='ltr'><strong>persuadeant.</strong></span> <span class='ocrx_word' id='word_1_263' title='bbox 532 2693 620 2724; x_wconf 80' lang='lat' dir='ltr'><strong>Nihil</strong></span> <span class='ocrx_word' id='word_1_264' title='bbox 646 2693 730 2724; x_wconf 86' lang='lat' dir='ltr'><strong>enim</strong></span> <span class='ocrx_word' id='word_1_265' title='bbox 759 2693 835 2724; x_wconf 86' lang='lat' dir='ltr'><strong>novi</strong></span> <span class='ocrx_word' id='word_1_266' title='bbox 862 2693 1084 2734; x_wconf 85' lang='lat' dir='ltr'><strong>protulerunt,</strong></span> <span class='ocrx_word' id='word_1_267' title='bbox 1114 2693 1202 2733; x_wconf 86' lang='lat' dir='ltr'><strong>quod</strong></span> <span class='ocrx_word' id='word_1_268' title='bbox 1232 2692 1298 2723; x_wconf 76' lang='lat' dir='ltr'><strong>illic</strong></span> <span class='ocrx_word' id='word_1_269' title='bbox 1324 2700 1387 2723; x_wconf 90' lang='lat' dir='ltr'><strong>non</strong></span> <span class='ocrx_word' id='word_1_270' title='bbox 1412 2690 1605 2722; x_wconf 82' lang='lat' dir='ltr'><strong>inveniatur.</strong></span> 
     </span>
    </p>

    <p class='ocr_par' dir='ltr' id='par_1_8' title="bbox 266 2743 1020 2786">
     <span class='ocr_line' id='line_1_35' title="bbox 266 2743 1020 2786; baseline 0.004 -11"><span class='ocrx_word' id='word_1_271' title='bbox 266 2743 352 2783; x_wconf 89' lang='lat'>(100)</span> <span class='ocrx_word' id='word_1_272' title='bbox 374 2746 435 2784; x_wconf 89' lang='lat' dir='ltr'><strong>Op.</strong></span> <span class='ocrx_word' id='word_1_273' title='bbox 452 2743 509 2776; x_wconf 88' lang='lat' dir='ltr'><strong>cit.</strong></span> <span class='ocrx_word' id='word_1_274' title='bbox 527 2746 617 2785; x_wconf 89' lang='lat' dir='ltr'><strong>p.11.</strong></span> <span class='ocrx_word' id='word_1_275' title='bbox 635 2746 696 2777; x_wconf 86' lang='lat' dir='ltr'><strong>art.</strong></span> <span class='ocrx_word' id='word_1_276' title='bbox 716 2749 743 2777; x_wconf 82' lang='lat'><strong>1.</strong></span> <span class='ocrx_word' id='word_1_277' title='bbox 760 2754 830 2786; x_wconf 88' lang='lat' dir='ltr'><strong>cap.</strong></span> <span class='ocrx_word' id='word_1_278' title='bbox 851 2750 877 2777; x_wconf 86' lang='grc' dir='ltr'><strong>ι.</strong></span> <span class='ocrx_word' id='word_1_279' title='bbox 896 2754 928 2786; x_wconf 88' lang='lat' dir='ltr'><strong>p.</strong></span> <span class='ocrx_word' id='word_1_280' title='bbox 947 2748 1020 2778; x_wconf 87' lang='grc'>767.</span> 
     </span>
    </p>

    <p class='ocr_par' dir='ltr' id='par_1_9' title="bbox 264 2795 1647 2839">
     <span class='ocr_line' id='line_1_36' title="bbox 264 2795 1647 2839; baseline -0.001 -11"><span class='ocrx_word' id='word_1_281' title='bbox 264 2795 353 2836; x_wconf 77' lang='lat' dir='ltr'><strong>(tol)</strong></span> <span class='ocrx_word' id='word_1_282' title='bbox 371 2797 421 2829; x_wconf 77' lang='lat' dir='ltr'><strong>Cf.</strong></span> <span class='ocrx_word' id='word_1_283' title='bbox 452 2806 505 2838; x_wconf 90' lang='lat' dir='ltr'><strong>op.</strong></span> <span class='ocrx_word' id='word_1_284' title='bbox 531 2800 581 2830; x_wconf 87' lang='lat' dir='ltr'><strong>De</strong></span> <span class='ocrx_word' id='word_1_285' title='bbox 609 2797 789 2830; x_wconf 71' lang='lat' dir='ltr'><strong>l’aucorzte</strong></span> <span class='ocrx_word' id='word_1_286' title='bbox 814 2797 872 2830; x_wconf 83' lang='lat' dir='ltr'><strong>cles</strong></span> <span class='ocrx_word' id='word_1_287' title='bbox 900 2797 996 2831; x_wconf 78' lang='lat' dir='ltr'><strong>deux</strong></span> <span class='ocrx_word' id='word_1_288' title='bbox 1018 2800 1229 2839; x_wconf 60' lang='lat' dir='ltr'><strong>putssances.</strong></span> <span class='ocrx_word' id='word_1_289' title='bbox 1261 2796 1356 2836; x_wconf 69' lang='lat' dir='ltr'><strong>Liege</strong></span> <span class='ocrx_word' id='word_1_290' title='bbox 1388 2798 1475 2827; x_wconf 80' lang='lat'>179¹.</span> <span class='ocrx_word' id='word_1_291' title='bbox 1493 2796 1570 2827; x_wconf 83' lang='lat' dir='ltr'><strong>tom.</strong></span> <span class='ocrx_word' id='word_1_292' title='bbox 1592 2796 1647 2826; x_wconf 82' lang='grc' dir='ltr'><strong>ΙΙΙ.</strong></span> 
     </span>
    </p>
   </div>
   <div class='ocr_carea' id='block_1_5' title="bbox 167 2849 1579 2927">
    <p class='ocr_par' dir='ltr' id='par_1_10' title="bbox 167 2849 1579 2927">
     <span class='ocr_line' id='line_1_37' title="bbox 167 2849 575 2891; baseline 0.002 -11"><span class='ocrx_word' id='word_1_293' title='bbox 167 2849 197 2889; x_wconf 82' lang='lat'><strong>§.</strong></span> <span class='ocrx_word' id='word_1_294' title='bbox 214 2850 299 2881; x_wconf 81' lang='lat' dir='ltr'><strong>vm.</strong></span> <span class='ocrx_word' id='word_1_295' title='bbox 317 2858 388 2890; x_wconf 84' lang='lat' dir='ltr'><strong>pag.</strong></span> <span class='ocrx_word' id='word_1_296' title='bbox 412 2854 467 2883; x_wconf 84' lang='lat'><strong>182</strong></span> <span class='ocrx_word' id='word_1_297' title='bbox 486 2859 575 2891; x_wconf 83' lang='lat' dir='ltr'><strong>seqq.</strong></span> 
     </span>
     <span class='ocr_line' id='line_1_38' title="bbox 1554 2900 1579 2927; baseline 0 0"><span class='ocrx_word' id='word_1_298' title='bbox 1554 2900 1579 2927; x_wconf 53' lang='grc' dir='ltr'><strong>ἡ(</strong></span> 
     </span>
    </p>
   </div>
  </div>
 </body>
</html>
