1980 3260
267 246 355 278 cir.
375 247 448 278 wi.
469 248 519 279 nr:
539 248 663 280 marn.
679 247 807 280 mun.
826 248 908 280 cum
927 248 1062 280 rinmr:
1077 247 1156 280 vm.
1176 248 1258 280 mr.
1278 249 1340 280 se.
1365 248 1456 280 Aur.
1474 249 1502 281 1.
1575 234 1663 279 297

207 327 252 371 in
285 343 505 374 consensu
537 325 783 374 infidelium
802 344 854 374 ex
873 344 962 391 quo
979 327 1149 390 exurgit
1177 337 1426 375 contractus
1454 326 1665 376 naturalis

205 404 472 453 matrimonii
504 404 549 449 in
576 402 836 451 infidelitate
860 403 983 460 initi,
1012 414 1060 450 ut
1084 421 1163 467 per
1186 421 1234 451 se
1258 413 1390 468 patet.
1406 403 1499 450 Sed
1524 420 1668 469 neque

204 496 415 543 exurgere
451 489 596 543 potest
630 496 682 526 ex
717 497 965 535 consensu,
1006 478 1083 543 qui
1126 489 1226 543 post
1264 478 1561 543 baptismum,
1598 478 1668 527 vel

204 555 248 601 in
273 555 373 619 ipsa
396 555 681 618 susceptione
705 555 912 619 baptismi
938 554 1173 619 praebetur
1194 592 1203 610 ‚
1237 555 1344 618 quia
1376 571 1454 619 per
1486 556 1670 603 anterio-

204 648 297 678 rem
331 647 596 678 consensum
630 641 881 679 contractus
914 631 1002 678 iam
1035 631 1218 678 effectus
1246 641 1340 687 est,
1372 647 1454 678 nec
1476 630 1667 696 amplius

204 716 349 770 potest
382 722 493 753 esse‘
515 706 698 753 materia
732 707 1023 762 sacramenti,
1057 706 1176 771 quod
1205 707 1250 753 in
1280 716 1379 754 actu
1415 706 1667 755 transeunte

203 782 405 829 consistit
435 798 514 828 seu
547 781 752 829 efficitur.
793 782 878 837 Qui
914 783 1031 830 enim
1066 781 1202 829 semel
1236 781 1573 846 aliquid'alicui
1608 783 1667 830 ir—

203 857 440 906 revocabili
476 874 659 922 prorsus
694 858 862 905 ratione
896 858 1103 914 donavit,
1132 858 1177 904 in
1207 858 1304 904 eius
1340 868 1552 921 potestate
1574 876 1665 906 am-

201 934 322 999 plius
346 951 434 982 non
458 944 527 981 est
554 933 663 981 illud
687 934 843 981 iterum
874 934 1064 989 donare;
1097 933 1198 980 talis
1228 943 1374 980 autem
1398 944 1467 981 est
1490 934 1668 982 traditio

201 1028 335 1076 quam
369 1010 479 1058 alter
512 1010 749 1072 coniugum
792 1009 918 1056 alteri
963 1009 1067 1056 fecit
1108 1008 1307 1073 corporis
1342 1009 1412 1056 sui
1446 1026 1526 1073 per
1564 1027 1669 1057 con-

202 1097 388 1135 tractum
417 1085 691 1149 coniugalem
720 1085 853 1132 etiam
878 1085 922 1131 in
955 1084 1214 1131 infidelitate
1237 1084 1520 1132 celebratum.
1549 1084 1668 1133 Haec

203 1161 547 1209 fundamentalis
576 1171 644 1208 est
677 1161 787 1208 ratio
822 1160 894 1207 cui
924 1159 1033 1207 alias
1058 1159 1327 1207 subnectunt
1354 1159 1490 1207 iidem
1525 1171 1670 1208 aucto-

202 1256 273 1286 res
311 1240 436 1300 (11);
479 1255 638 1302 nempe
672 1236 790 1302 quod
824 1237 964 1284 maior
997 1236 1183 1284 firmitas
1216 1236 1413 1293 vinculi,
1458 1254 1575 1301 quae
1614 1254 1667 1284 ex

201 1314 425 1378 baptismo
455 1314 626 1376 exurgit
649 1330 736 1361 non
760 1312 924 1360 efficiat
946 1330 1026 1360 seu
1049 1313 1286 1360 constituat
1317 1312 1526 1361 connubii
1550 1313 1668 1361 chri-

205 1389 340 1437 stiani
368 1389 627 1444 materiam;
656 1388 878 1453 siquidem
906 1388 1131 1436 vinculum
1164 1398 1232 1436 est
1265 1388 1445 1437 effectus
1480 1406 1666 1437 consen-

202 1482 280 1512 sus
314 1463 546 1511 anterioris
581 1464 668 1510 iam
704 1464 932 1527 praestiti,
960 1473 1003 1510 et
1036 1463 1220 1527 proinde
1254 1473 1505 1512 contractus
1540 1474 1667 1511 natu-

201 1541 308 1589 ralis
325 1579 335 1598 ,
375 1540 452 1605 qui
486 1549 643 1587 natura
672 1556 755 1586 sua
783 1540 871 1586 iam
897 1539 1051 1587 firmus
1075 1550 1143 1586 est
1166 1555 1217 1587 ac
1238 1539 1518 1596 insolubilis;
1546 1540 1664 1605 quod

201 1633 443 1681 numquam
467 1625 718 1663 contractus
737 1653 746 1672 ,
774 1614 851 1679 qui
871 1614 927 1661 ab
946 1614 1119 1677 origine
1138 1631 1226 1662 non
1246 1614 1327 1662 fuit
1343 1626 1665 1663 sacramentum

201 1692 345 1757 possit
379 1691 642 1739 sacramenti
677 1701 879 1738 naturam
920 1689 1136 1746 induere;
1175 1690 1378 1755 aliaeque
1412 1690 1661 1749 eiusmodi,

201 1785 316 1833 quae
351 1785 532 1823 omnes,
571 1777 620 1814 ut
652 1778 803 1831 patet,
842 1766 1010 1831 primae
1055 1765 1373 1815 fundamentali
1410 1766 1566 1815 rationi
1600 1768 1664 1814 in-

201 1845 415 1892 nituntur.

300 1921 459 1967 Parum
484 1919 540 1967 ab
558 1919 630 1967 his
648 1918 864 1967 abludunt
880 1929 1025 1967 cetera
1044 1930 1322 1983 argumenta,
1344 1937 1459 1986 quae
1477 1920 1533 1968 ad
1551 1920 1665 1968 eius·

204 1996 306 2043 dem
340 1995 582 2043 sententiae
605 1995 983 2043 confirmationem
1007 1995 1276 2052 afferuntur3
1306 1995 1514 2042 nimirum
1537 1994 1666 2043 Chri-

201 2082 318 2118 stum
348 2071 406 2118 ad
430 2071 646 2118 rationem
671 2071 937 2118 sacramenti
968 2070 1110 2117 solum
1139 2081 1284 2118 actum
1314 2071 1550 2136 physicum
1585 2088 1665 2119 seu

202 2146 418 2194 actualem
452 2147 653 2194 evexisse
687 2156 992 2203 contractum,
1026 2146 1103 2211 qui
1137 2147 1331 2211 profecto
1376 2147 1421 2194 in
1460 2146 1540 2203 iis,
1586 2146 1662 2211 qui

199 2222 470 2288 baptismum
515 2222 736 2285 recipiunt
769 2239 856 2269 non
893 2221 1084 2287 amplius
1118 2222 1319 2270 habetur.
1353 2222 1478 2270 Adde
1513 2222 1665 2271 incon-

201 2316 359 2362 gruum
377 2299 601 2355 videri,·ut
618 2298 724 2345 dum
744 2298 966 2363 baptisma
984 2299 1221 2356 confertur,
1236 2299 1355 2364 quod
1374 2309 1661 2348 sacramento-

201 2393 299 2422 rum
324 2375 521 2422 omnium
542 2374 675 2421 ianua
698 2385 791 2430 est,
823 2373 944 2421 aliud
969 2374 1102 2422 simul
1127 2375 1385 2423 conficiatur
1414 2392 1665 2423 sacramen-

202 2462 309 2498 tum.
332 2452 422 2498 Nec
445 2450 572 2498 obest
595 2450 711 2498 sacri
741 2450 903 2498 lavacri
932 2451 1214 2515 susceptione
1246 2451 1388 2514 magis
1413 2452 1587 2498 firmum
1611 2468 1663 2498 ac

201 2527 452 2575 omnimode
476 2526 788 2574 indissolubile
805 2526 1131 2575 matrimonium
1150 2527 1352 2586 evadere,
1373 2546 1425 2575 ex
1444 2527 1528 2575 hoc
1544 2527 1662 2574 enim

202 2603 382 2651 minime
401 2603 602 2668 sequitur
626 2603 721 2649 lieri
746 2613 1092 2662 sacramentum,
1121 2603 1318 2669 alioquin
1337 2621 1498 2651 novum
1515 2619 1663 2650 sacra-

204 2690 395 2728 mentum
433 2690 660 2743 exurgeret
695 2698 746 2727 ex
783 2678 949 2728 carnali
973 2679 1152 2746 copula,
1185 2698 1274 2745 qua
1307 2679 1656 2734 matrimonium,

295 2849 321 2887 (ι
332 2849 360 2889 1)
381 2851 429 2882 lta
446 2852 690 2885 commemorati
708 2852 871 2891 auctores,
890 2852 1058 2893 praecipue
1073 2861 1148 2885 vero
1164 2851 1268 2884 Collet
1283 2851 1313 2882 et
1327 2849 1482 2882 Carriere.
