1980 3260
272 237 362 270 cn.
380 237 438 269 vi.
457 237 508 269 ni:
525 236 651 269 uun.
670 235 848 268 meam.
867 235 950 269 mr.
964 235 1010 268 sn
1029 235 1108 268 vm.
1120 234 1204 269 cun
1222 235 1344 270 cun.
1362 237 1455 269 aar.
1472 236 1518 269 11.
1580 220 1672 269 217

209 332 305 363 cam
319 315 537 373 redibant,
561 316 745 364 istorum
764 314 984 363 connubia
1002 313 1361 363 instaurabantur
1376 314 1675 378 (26).Exinde

209 391 360 456 plures
394 402 568 440 exortae
601 391 680 439 illa
712 401 855 440 aetate
888 392 1064 439 fuerunt
1095 391 1421 440 controversiae
1442 408 1556 457 quas
1579 409 1675 457 per·

210 477 400 515 tractant
431 467 552 515 illius
577 467 788 532 temporis
813 467 859 513 in
885 466 1024 514 Gallia
1047 466 1266 530 theologi,
1294 467 1552 531 praesertim
1574 481 1673 515 cum

210 544 487 592 revocatione
527 542 658 590 edicti
693 544 981 590 nannetensis
1017 541 1254 590 cessaverit
1293 559 1397 606 erga
1430 542 1674 591 haereticos

210 619 256 665 in
292 618 432 666 Gallia
464 618 674 681 degentes
708 617 1014 674 conniventia,
1042 617 1138 665 sive
1160 617 1292 665 tacita
1315 617 1580 682 apostolicae
1603 634 1674 666 se-

209 694 281 743 dis
313 693 605 759 dispensatio.

307 768 435 817 Circa
460 767 634 815 tertiam
659 767 903 830 epocham,
932 785 1048 832 quae
1076 767 1241 815 desinit
1263 768 1308 814 in
1332 770 1670 826 annum1787.,

209 861 298 910 quo
331 843 580 891 Ludovicus
611 842 721 888 XVI.
755 842 854 890 iura
886 842 1037 891 civilia
1068 842 1414 907 protestantibus
1449 844 1495 891 in
1532 843 1672 892 Gallia

209 920 367 968 iterum
401 918 647 975 concessit,
676 918 739 965 ita
765 927 910 966 tamen
944 929 992 966 ut
1023 919 1279 967 distinctam
1312 935 1392 967 seu
1425 930 1674 984 separatam

209 994 571 1044 communitatem
606 1011 694 1042 non
729 993 954 1042 efficerent
983 995 1101 1058 (27),
1122 1011 1266 1059 usque
1289 994 1347 1042 ad
1370 1004 1560 1042 aetatem
1595 1013 1676 1044 no-

210 1081 349 1120 stram
380 1071 530 1119 variae
564 1070 801 1118 extiterunt
831 1069 1135 1135 theologorum
1159 1070 1205 1117 in
1231 1070 1384 1118 Galliis
1409 1071 1670 1120 sententiae.

211 1147 302 1196 Nec
334 1147 497 1194 mirum
531 1145 588 1194 ob
622 1155 684 1194 tot
717 1146 762 1193 in
797 1162 932 1209 regno
966 1145 1042 1194 illo
1075 1155 1246 1194 exortas
1291 1145 1646 1211 perturbationes
1662 1185 1672 1205 ,

209 1232 343 1287 atque
366 1222 531 1271 idcirco
553 1221 687 1270 etiam
704 1220 761 1269 ob
777 1220 896 1284 leges
920 1220 1005 1281 sibi
1030 1221 1544 1271 invicemsuccedentes.
1566 1222 1675 1270 Nam

212 1298 258 1345 in
282 1298 396 1363 ipsis
420 1298 608 1362 gallicae
630 1296 971 1364 perturbationis
996 1296 1136 1344 initiis
1161 1297 1341 1345 libertas
1365 1297 1568 1346 absoluta
1589 1297 1679 1346 cul·

212 1384 339 1422 tuum
372 1374 651 1439 promulgata
691 1383 773 1422 est.
803 1374 959 1421 Postea
981 1390 1109 1430 vero,
1137 1373 1346 1421 nimirum
1381 1391 1497 1422 anno
1531 1374 1671 1421 1792.

210 1449 495 1498 constitutum
527 1460 577 1497 ut
609 1449 816 1513 coniugia
861 1449 1249 1497 indiscriminatim
1283 1450 1431 1498 omnia
1476 1449 1571 1497 sive
1603 1466 1677 1497 ca-

212 1524 475 1573 tholicorum
511 1525 604 1573 sive
638 1524 982 1573 acatholicorum
1017 1541 1163 1572 coram
1197 1524 1291 1573 solo
1313 1525 1573 1589 magistratu
1597 1542 1677 1573 seu

210 1600 392 1649 officiali
425 1600 543 1650 civili
573 1600 922 1658 celebrarentur,
955 1618 1096 1666 eaque
1118 1601 1184 1648 uti
1206 1601 1356 1649 valida
1389 1600 1671 1649 haberentur.

307 1676 480 1742 Duplex
522 1677 680 1725 exinde
713 1687 808 1725 orta
841 1677 992 1743 opinio
1025 1677 1142 1725 circa
1174 1677 1492 1741 legitimitatem
1527 1677 1678 1726 coniu-

210 1753 383 1817 giorum
401 1790 411 1810 ,
448 1769 564 1817 quae
597 1762 685 1801 toto
718 1752 803 1800 hoc
835 1762 1030 1818 tempore
1062 1752 1119 1800 ab
1152 1752 1409 1801 acatholicis
1443 1753 1490 1800 in
1523 1752 1676 1801 Galliis

214 1829 326 1876 inita
348 1838 468 1877 sunt.
491 1828 813 1894 Episcoporum
832 1828 1032 1893 plerique
1052 1845 1132 1893 pro
1149 1828 1423 1876 invaliditate
1446 1838 1672 1884 steterunt,

211 1922 311 1953 cum
351 1914 547 1971 potestas
592 1904 737 1953 civilis
776 1905 994 1969 derogare
1022 1922 1110 1953 non
1145 1915 1296 1971 posset
1327 1904 1508 1969 legibus
1538 1903 1678 1952 eccle-

213 1981 407 2030 siasticis
426 2019 436 2039 ‚
462 1981 711 2047 'praecipue
744 1998 848 2029 vero
881 1981 1055 2029 decreto
1088 1980 1346 2038 tridentino,
1383 1980 1503 2047 quod
1526 1980 1678 2028 hacte-

212 2075 298 2106 nus
327 2057 374 2104 in
410 2074 492 2105 sua
523 2057 567 2105 vi
602 2074 654 2105 ac
688 2057 844 2105 robore
875 2057 1075 2121 viguerat
1107 2056 1153 2103 in
1188 2056 1342 2104 Galliis
1374 2056 1610 2105 universis.

307 2133 508 2182 Attamen
542 2149 630 2180 non
659 2133 916 2190 defuerunt,
954 2133 1032 2197 qui
1065 2132 1283 2180 eiusmodi
1318 2132 1570 2197 nuptiarum
1602 2149 1678 2181 va-

212 2208 349 2257 lorem
385 2220 716 2274 propugnarent
750 2227 802 2258 ac
836 2226 967 2274 porro
1012 2219 1290 2275 propugnent
1332 2210 1448 2272 (28).
1489 2210 1677 2258 Permoti

213 2295 360 2334 autem
394 2285 577 2334 suntad
612 2284 730 2333 hanc
763 2285 1106 2334 consectandam
1144 2285 1406 2334 sententiam
1440 2286 1566 2335 hisce
1600 2304 1678 2351 po-

213 2352 436 2408 tissimum
466 2360 734 2409 rationibus:
764 2363 808 2408 1.
830 2361 950 2426 quod
975 2361 1164 2410 revocati
1189 2360 1351 2410 fuerint
1375 2362 1607 2411 acatholici
1631 2362 1675 2408 in

309 2526 375 2567 (26)
393 2525 539 2559 Cart-iere
559 2525 638 2559 ibid.
655 2535 688 2558 n.
709 2531 797 2559 1229.
815 2527 872 2568 qui
893 2527 1000 2560 tamen
1017 2536 1092 2559 cum
1106 2527 1210 2560 Collet
1229 2528 1350 2568 excipit
1362 2528 1573 2569 protestantes
1589 2527 1675 2559 Alsa-

210 2577 292 2619 tiae‚
306 2587 382 2611 cum
401 2578 549 2620 pluribus
564 2579 597 2611 in
613 2578 693 2612 locis
708 2580 804 2612 huius
820 2580 1003 2622 provinciae
1016 2589 1108 2613 conc.
1122 2580 1335 2613 tridentinum
1347 2589 1411 2613 non
1427 2581 1522 2613 suerit
1536 2580 1675 2621 promul-

213 2637 338 2673 gamm.

309 2684 376 2727 (27)
400 2685 451 2719 Cf.
467 2687 563 2719 Hunc
581 2687 690 2719 actum
705 2687 784 2719 ibid.
801 2695 833 2719 n.
849 2691 938 2721 12³0.

310 2737 376 2779 (28)
397 2739 489 2776 Quos
512 2738 596 2771 inter
616 2739 671 2772 cit.
688 2739 834 2772 carriere
854 2748 888 2772 n.
906 2743 996 2773 1233.
1013 2738 1130 2782 allegat
1144 2742 1184 2773 D.
1198 2740 1375 2779 Labrunie,
1400 2739 1456 2779 qui
1479 2738 1676 2771 insufficiens

213 2788 423 2823 nihilominus
444 2790 608 2824 existimat
626 2791 769 2824 edictum
783 2791 939 2825 Ludovici
953 2794 1037 2825 XVI.
1054 2801 1094 2826 eo
1108 2793 1196 2834 quod
1212 2801 1277 2825 non
1290 2791 1559 2824 constituerentur
1573 2791 1677 2831 prote.

213 2842 335 2876 stantes
351 2843 386 2875 in
403 2844 489 2877 statu
507 2844 670 2878 societatis
685 2844 856 2879 distinctae
869 2845 910 2877 ab
922 2845 1057 2879 ecclesia
1071 2846 1241 2879 catholica.
