1980 3260
333 247 425 278 eir.
444 246 490 276 11.
508 245 560 276 nr.
578 242 975 277 neci.ror.n1sr.m
999 242 1086 274 mr.
1103 241 1226 274 uun.
1247 243 1335 275 mn.
1351 243 1444 275 aar.
1462 244 1517 274 iv.
1599 229 1688 277 135

328 324 460 372 Porro
499 323 616 370 circa
647 321 959 387 impedimenta
992 323 1175 377 erroris,
1214 323 1308 376 vis,
1349 331 1422 369 aut
1456 331 1692 386 perpetuae

232 400 501 463 impotentiae
518 401 560 461 (9
570 400 612 460 4)
630 397 726 445 dari
744 397 863 445 haud
888 414 1019 462 posse
1035 396 1432 462 dispensationem,
1453 415 1507 445 ex
1524 415 1573 445 se
1591 398 1690 462 ipsa

232 493 302 523 res
336 475 545 540 loquitur.
582 475 729 521 Restat
764 474 898 537 igitur
931 484 979 520 ut
1013 473 1269 538 disquisitio
1303 484 1453 526 nostra
1475 474 1531 521 ad
1557 475 1691 539 impe-

231 550 475 598 dimentum
509 548 783 612 cognationis
816 559 905 596 tum
939 549 1107 596 ratione
1142 549 1560 611 consanguineitatis
1597 560 1688 599 tum

231 626 399 676 ratione
431 624 660 679 affinitatis
695 634 953 672 coarctetur.
988 626 1097 672 Nam
1132 625 1250 690 quod
1284 626 1439 672 attinet
1465 625 1520 672 ad
1550 626 1689 689 impe·

229 702 426 755 dimenta
457 699 567 746 iuris
603 699 779 763 positivi
814 699 953 746 divini
988 699 1098 747 alias
1135 700 1295 747 redibit
1327 718 1488 748 sermo.

325 776 418 822 Iam
450 789 553 822 vero
587 774 850 836 cognatione
893 791 1006 838 quae
1050 775 1157 822 dicit
1198 777 1650 839 consanguineitatem
1680 814 1688 831 ,

229 849 433 916 impediri
470 866 550 897 seu
580 848 743 895 irritari
772 848 1051 912 coniugium,
1081 850 1185 897 licet
1207 850 1382 898 diversa
1417 852 1586 898 ratione
1617 868 1694 916 pro

229 927 404 975 diverso
421 925 562 989 gradu
579 924 938 990 propinquitatis,
966 926 1141 988 egregie
1165 926 1323 973 iterum
1347 927 1525 990 exponit
1547 927 1694 974 decla—

230 1013 384 1067 ratque
418 1020 456 1050 s.
480 1001 671 1049 Thomas
698 1000 926 1054 scribens:
954 1001 1124 1057 «Quod
1148 1005 1193 1048 in
1219 1002 1499 1050 matrimonio
1523 1002 1693 1066 aliquid

229 1089 381 1128 contra
402 1079 543 1142 legem
569 1088 751 1125 naturae
779 1093 880 1124 esse
902 1077 1090 1134 dicitur,
1118 1096 1196 1142 per
1219 1078 1341 1143 quod
1365 1078 1692 1126 matrimonium

231 1155 429 1204 redditur
461 1155 761 1218 incompetens
796 1163 998 1218 respectu
1034 1154 1163 1211 finis,
1191 1155 1248 1201 ad
1272 1172 1404 1219 quem
1429 1164 1495 1202 est
1518 1154 1695 1205 ordina—

232 1241 322 1279 tum
341 1250 358 1288 ;,
390 1230 494 1277 finis
528 1239 674 1277 autem
707 1229 975 1276 matrimonii
1006 1246 1085 1294 per
1113 1244 1162 1277 se
1190 1240 1234 1277 et
1266 1230 1408 1294 primo
1435 1241 1504 1277 est
1532 1230 1694 1277 bonum

230 1305 367 1371 prolis
388 1342 398 1362 ,
438 1305 556 1369 quod
589 1303 769 1369 quidem
803 1321 881 1369 per
915 1304 1107 1370 aliquam
1143 1306 1573 1369 consanguinitatem
1609 1307 1695 1353 sci-

230 1381 332 1429 licet
365 1381 480 1428 inter
513 1391 681 1446 patrem
716 1391 759 1428 et
792 1380 962 1438 filiam,
1000 1381 1070 1429 vel
1105 1382 1243 1428 filium
1267 1392 1310 1429 et
1337 1392 1520 1430 matrem
1555 1382 1696 1446 impe-

231 1458 352 1505 ditur
369 1495 379 1515 ,
418 1474 506 1505 non
535 1457 743 1522 quidem,
782 1468 830 1505 ut
863 1458 1053 1506 totaliter
1077 1458 1277 1514 tollatur,
1307 1459 1413 1522 quia
1438 1458 1530 1505 filia
1553 1476 1606 1506 ex
1631 1476 1694 1508 se—

229 1533 348 1581 mine
383 1533 521 1598 patris
556 1544 699 1597 potest
732 1534 899 1598 prolem
934 1535 1183 1599 suscipere,
1211 1545 1254 1582 et
1278 1534 1409 1582 simul
1439 1552 1538 1582 cum
1568 1545 1695 1599 patre

232 1610 400 1658 nutrire
433 1620 476 1657 et
509 1610 752 1667 instruere,
791 1611 836 1657 in
869 1611 1031 1676 quibus
1071 1611 1233 1658 bonum
1276 1610 1412 1675 prolis
1453 1611 1689 1667 consistit;

229 1687 308 1735 sed
337 1697 387 1734 ut
413 1703 501 1735 non
521 1687 803 1735 ‘convenienti
831 1687 961 1735 modo
992 1687 1068 1735 fiat
1100 1689 1217 1749 (95).
1241 1687 1545 1735 Inordinatum
1578 1688 1694 1739 enim

229 1859 359 1892 monio:
377 1858 410 1891 la
423 1859 653 1892 volontacessa
667 1869 705 1892 or
717 1868 774 1901 per
783 1861 974 1901 iynoranza
988 1869 1025 1893 or
1040 1869 1096 1902 per
1108 1861 1274 1894 violenza.
1289 1863 1488 1901 lqnoranza
1504 1868 1521 1892 e
1536 1859 1697 1893 violenza

233 1912 452 1955 impediscono
478 1913 607 1954 dunque
632 1914 655 1946 il
684 1913 811 1946 vincolo
829 1914 1136 1946 dell'associazione.
1153 1916 1194 1946 11.
1211 1916 1251 1946 Se
1270 1914 1287 1946 e
1302 1914 1420 1946 societa
1444 1913 1462 1945 ὸ
1489 1916 1698 1955 cooperazio·

229 1959 292 1997 ne':
314 1963 446 2005 dunque
464 1973 525 1997 ove
551 1965 569 1997 e
590 1965 769 2006 impotenza
797 1975 817 1997 o
841 1965 930 1998 fisica
956 1976 976 1998 o
1002 1966 1122 1998 morale
1140 1966 1181 1997 ad
1203 1967 1345 1998 ottenere
1370 1966 1393 1997 il
1422 1966 1506 2005 tine,
1532 1964 1576 1996 ivi
1595 1974 1659 1997 non
1681 1965 1698 1997 ὸ

230 2016 443 2050 associazione
471 2017 638 2058 coniugale
660 2035 671 2042 ·
693 2017 902 2050 considerato
926 2018 978 2058 poi
1008 2018 1093 2049 nella
1117 2018 1245 2050 societ&
1273 2018 1296 2049 il
1322 2017 1527 2049 matrimonio
1558 2017 1623 2057 puo
1652 2026 1698 2048 cs-

229 2079 298 2103 sere
319 2069 474 2111 impedito
488 2079 508 2102 ο
525 2070 576 2111 pei
591 2071 702 2103 doveri
721 2070 804 2103 delle
832 2072 913 2112 parti
929 2070 997 2111 fra
1019 2071 1107 2110 loro,
1132 2080 1152 2102 o
1175 2071 1225 2112 pei
1249 2070 1359 2103 doveri
1383 2069 1582 2102 antecedenti
1601 2078 1698 2102 verso

227 2131 378 2165 persona
403 2124 511 2155 terza.
526 2124 583 2155 111.
603 2126 670 2156 Tra
687 2124 763 2156 loro
775 2126 934 2165 potranno
956 2132 1086 2156 nascere
1105 2124 1216 2156 doveri
1232 2132 1252 2155 o
1265 2122 1484 2164 impedimenti
1500 2130 1557 2162 per
1575 2123 1694 2164 ragioni

229 2176 262 2209 di
273 2174 458 2218 parentela
471 2184 492 2207 o
505 2175 539 2206 di
554 2175 698 2216 affinita
723 2186 743 2208 ο
768 2177 802 2208 di
829 2176 965 2215 onesta,
982 2176 1034 2208 dei
1055 2177 1142 2217 quali
1163 2176 1252 2208 varia
1263 2175 1328 2217 puo
1342 2183 1446 2207 essere
1459 2175 1491 2206 la
1507 2176 1622 2207 natura
1635 2184 1653 2207 e
1666 2176 1697 2207 18

231 2229 329 2262 t'orza.
346 2229 492 2270 Rispetto
504 2236 527 2260 a
538 2236 687 2269 persona
709 2230 824 2261 terza:
843 2230 956 2270 questa
971 2229 1063 2270 petra
1077 2237 1182 2261 essere
1194 2229 1227 2260 in
1241 2228 1352 2260 diritto
1368 2228 1402 2259 di
1417 2227 1563 2268 disporre
1578 2237 1598 2260 ο
1612 2228 1696 2260 dene

230 2281 333 2313 moni
346 2304 357 2321 ‚
372 2289 393 2312 o
409 2279 495 2311 delia
518 2288 654 2321 persona
670 2280 850 2321 (padrone
862 2290 882 2313 ο
898 2282 1076 2321 consorte)
1091 2289 1109 2314 e
1126 2281 1135 2313 i
1150 2280 1221 2313 suoi
1238 2279 1342 2312 diritti
1364 2280 1516 2312 anteriori
1538 2280 1666 2312 vietano
1685 2280 1694 2311 i

228 2334 398 2375 posteriori
424 2333 657 2366 inconciliabili
673 2351 684 2358 -
702 2328 727 2366 E
740 2334 833 2367 facile
855 2335 1102 2376 l’applicazione
1121 2334 1154 2366 di
1169 2335 1283 2375 questa
1305 2333 1465 2366 divisione
1489 2333 1692 2374 agl’impedi·

229 2386 329 2419 menti
343 2386 506 2427 canonici3
517 2394 535 2418 e
546 2395 609 2418 non
625 2386 689 2428 pue
699 2395 762 2418 non
775 2386 908 2419 riuscire
920 2387 999 2420 utile
1011 2387 1142 2419 insieme
1152 2395 1169 2419 e
1181 2386 1367 2419 dilettevole
1377 2396 1394 2419 a
1407 2387 1543 2418 chiama
1556 2386 1696 2418 tilososar

230 2439 281 2471 sui
304 2439 434 2480 dirttto,
460 2438 484 2471 il
508 2438 624 2471 vedere
647 2439 681 2470 in
707 2441 822 2471 natura
836 2439 887 2472 cio
901 2440 961 2472 che
975 2440 1067 2472 viene
1081 2439 1224 2471 stabilito
1242 2438 1330 2471 dalla
1344 2439 1399 2480 piu
1414 2447 1505 2471 sacra
1519 2439 1551 2470 di
1568 2439 1650 2470 tutte
1665 2439 1695 2470 ic

230 2491 382 2524 sutoria.
397 2492 504 2524 Dal't.
516 2500 596 2533 capo
616 2492 769 2533 ripetonsi
790 2492 834 2533 gli
857 2492 1076 2534 impedimenti
1095 2492 1127 2525 di
1149 2500 1264 2524 errore
1280 2501 1298 2524 e
1313 2492 1345 2524 di
1361 2493 1554 2533 rapimento
1569 2508 1579 2515 -
1595 2491 1647 2523 (181
1663 2495 1692 2523 2.

229 2544 330 2585 quelii
342 2544 375 2576 di
390 2546 583 2586 impotenza
593 2544 652 2576 edi
669 2546 746 2577 voto
757 2562 767 2568 -
782 2544 834 2576 dal
850 2550 880 2578 3.
894 2545 992 2586 quelli
1007 2545 1040 2577 di
1054 2547 1278 2586 coynazione,
1290 2544 1324 2576 di
1334 2543 1478 2584 affinita
1487 2567 1496 2584 ,
1514 2543 1547 2574 di
1559 2543 1692 2581 demto,

229 2597 263 2630 di
288 2597 536 2630 clandestinae
553 2615 564 2623 -
579 2598 632 2630 dal
656 2601 685 2631 4.
704 2598 803 2639 quelli
817 2598 852 2630 di
867 2598 1065 2631 condizione
1079 2608 1099 2631 o
1112 2598 1263 2639 servitu,
1280 2597 1312 2630 di
1330 2598 1466 2637 ordine,
1484 2597 1517 2629 di
1533 2597 1696 2638 reliqione

228 2650 386 2684 diversa:
398 2659 417 2684 e
431 2651 533 2692 quelli
546 2651 580 2683 di
595 2652 750 2693 sponsali
762 2661 781 2684 e
794 2652 828 2684 di
842 2653 1096 2685 matrimonio.»

325 2704 390 2746 (94)
413 2706 461 2737 De
489 2705 654 2747 impedim.
683 2706 790 2738 tamen
817 2706 1036 2747 impotentiae
1058 2705 1100 2738 ct.
1117 2705 1268 2738 Pontium
1293 2707 1342 2737 De
1366 2705 1520 2736 macrim.
1549 2703 1605 2735 lib.
1623 2704 1693 2735 vlt.

232 2763 305 2798 cap.
323 2761 363 2790 55
376 2758 410 2790 et
420 2766 513 2799 seqq.

324 2810 390 2851 (95)
413 2811 579 2844 Eiusmodi
599 2820 667 2846 non
688 2814 960 2845 conventientem
975 2812 1116 2846 modum
1135 2821 1231 2853 quem
1248 2812 1301 2844 hic
1316 2811 1370 2843 vix
1388 2810 1491 2851 tangit
1505 2810 1692 2848 s.Thomas‚

230 2862 281 2895 tiis
306 2863 412 2897 verbis
438 2866 511 2905 apte
532 2866 652 2906 pariter
669 2867 801 2907 exponit
819 2866 979 2907 Tapareni
997 2875 1050 2907 op.
1069 2866 1124 2899 cit.
1142 2875 1174 2898 n.
1194 2868 1281 2898 ¹540.
1301 2879 1316 2892 «ι
1329 2866 1373 2896 La
1387 2862 1507 2896 societa
1520 2862 1693 2895 domestica
