1980 3260
261 258 351 289 cAP.
371 258 416 288 ΙΙ.
438 257 487 288 DE
507 256 621 288 mccl..
638 256 801 287 POTEST.
820 254 932 286 COS'I'.
945 255 1032 286 un’.
1048 254 1172 285 MATR.
1189 254 1321 285 nuum.
1340 253 1432 284 ΛΒΤ.
1450 253 1495 284 11.
1571 238 1626 283 47

167 335 342 382 tuendis
376 352 554 381 errasse.
582 355 603 378 »
642 335 757 396 Ergo
791 332 937 396 agitur
968 331 1024 377 de
1058 332 1172 384 iure,
1212 331 1268 377 de
1302 340 1536 394 potestate,
1576 330 1631 376 de

165 413 358 458 veritate.
399 412 596 458 Potestas
630 420 776 457 autem
810 419 853 455 et
884 408 1045 455 veritas
1080 407 1125 453 in
1161 407 1349 453 ecclesia
1384 417 1487 453 sunt
1524 405 1630 470 quid

167 488 491 551 dogmaticum;
528 504 631 549 ergo
671 485 889 533 obiectum
924 483 1107 531 canonis
1140 482 1333 530 ostendit
1371 482 1493 528 illum
1533 500 1635 529 vere

167 581 269 611 esse
303 563 615 626 dogmaticum.
658 561 787 617 Quod
822 560 1001 625 quidem
1033 559 1174 622 magis
1205 557 1383 622 planum
1410 558 1457 604 fit
1488 575 1538 604 ex
1566 576 1635 604 ra-

171 641 289 687 tione
311 656 401 703 qua
435 655 574 685 canon
604 637 748 684 editus
780 647 872 691 est;
903 636 948 681 in
983 653 1035 682 eo
1069 635 1186 682 enim
1215 634 1450 681 anathema
1474 634 1635 681 dicitur

169 716 210 762 ei
245 716 322 778 qui
347 714 525 759 dixerit.
560 715 668 759 Nam
698 712 742 757 in
773 712 873 758 aliis
908 711 1154 757 canonibus
1191 710 1246 757 ab
1282 710 1534 757 adversario
1559 709 1636 757 ob-

169 789 294 837 iectis
318 787 553 834 anathema
575 787 736 833 dicitur
759 786 815 833 iis
841 786 916 850 qui
941 786 1111 849 aliquid
1137 786 1458 842 commiserint;
1488 786 1566 833 sed
1598 787 1635 832 si

170 864 406 911 anathema
440 862 601 909 dicitur
629 862 669 908 ei
697 862 773 926 qui
804 861 943 914 dicat,
984 861 1101 908 idem
1136 872 1205 908 est
1237 878 1289 907 ac
1322 862 1359 907 si
1394 861 1565 908 dicatur
1596 861 1635 909 ei

170 940 247 1004 qui
290 940 496 1004 opinetur
528 949 571 985 et
603 938 784 993 doceat;
824 937 1010 1001 proinde
1050 936 1194 999 agitur
1236 936 1291 983 de
1328 936 1414 983 fide
1451 938 1639 983 tenenda

173 1027 215 1063 et
250 1015 478 1062 tradenda.

271 1093 499 1138 Praeterea
532 1090 577 1137 id
620 1091 766 1155 ipsum
800 1090 990 1137 efficitur
1022 1107 1075 1136 ex
1112 1090 1200 1137 fine
1244 1108 1378 1154 quem
1413 1089 1498 1136 sibi
1543 1107 1641 1153 pro-

176 1179 418 1232 posuerunt
450 1167 675 1214 tridentini
711 1177 856 1231 patres
892 1167 937 1212 in
978 1166 1068 1213 illis
1109 1166 1354 1214 canonibus
1397 1165 1640 1213 condendis

177 1262 290 1292 sess.
329 1244 475 1290 XXIV.
515 1243 597 1290 Hic
630 1253 774 1290 autem
809 1243 911 1289 finis
947 1242 1098 1306 patefit
1131 1259 1182 1288 ex
1219 1242 1319 1306 ipsa
1354 1241 1642 1305 inscriptione

176 1320 371 1384 praefixa
394 1319 499 1366 huic
523 1318 734 1366 sessioni:
764 1319 970 1364 Doctrina
992 1318 1042 1364 cle
1065 1327 1329 1364 sacramento
1357 1319 1636 1364 matrimonii.

178 1396 332 1443 Patefit
364 1412 418 1442 ex
452 1394 747 1442 declaratione
782 1394 1031 1458 praemissa
1065 1412 1091 1440 a
1118 1394 1305 1441 concilio
1333 1394 1403 1441 his
1429 1394 1542 1458 ipsis
1569 1411 1644 1440 ca-

177 1471 367 1519 nonibus
405 1470 536 1518 editis
581 1471 794 1518 adversus
840 1481 1098 1517 novatorum
1145 1487 1349 1526 errores;
1394 1487 1449 1516 en
1484 1469 1642 1534 synodi

176 1547 335 1595 verba:
386 1564 615 1611 «quorum
656 1546 922 1610 (impiorum
963 1546 1220 1608 hominum)
1262 1546 1495 1593 temeritati
1541 1563 1645 1593 san—

179 1634 248 1671 cta
280 1634 323 1671 et
344 1623 609 1671 universalis
637 1623 838 1687 synodus
863 1623 1047 1686 cupiens
1083 1639 1340 1678 occurrere,
1378 1621 1644 1685 insigniores

181 1699 501 1764 praedictorum
527 1699 909 1746 schismaticorum
946 1700 1136 1746 haereses
1170 1709 1209 1745 et
1243 1717 1430 1753 errores,
1460 1716 1515 1745 ne
1549 1698 1646 1762 plu—

183 1792 252 1822 res
276 1775 332 1821 ad
361 1793 408 1822 se
436 1775 580 1822 trahat
614 1775 862 1839 perniciosa
896 1793 1048 1822 eorum
1083 1776 1284 1838 contagio
1309 1813 1317 1831 ,
1352 1774 1646 1821 exterminan-

183 1850 263 1897 dos
287 1849 435 1906 duxit,
465 1850 547 1898 hos
573 1850 617 1896 in
642 1850 763 1914 ipsos
796 1850 1068 1906 haereticos,
1108 1869 1350 1915 eorumque
1385 1868 1544 1897 errores
1569 1850 1646 1897 de-

180 1942 364 1973 cernens
403 1926 812 1974 anathematismos.
846 1947 867 1971 »
917 1928 960 1973 Si
1002 1928 1136 1991 igitur
1182 1927 1238 1973 ad
1288 1927 1645 1974 exterminandas

182 2001 386 2049 haereses
421 2012 464 2048 et
496 2019 667 2050 errores
702 2020 893 2050 canones
928 2004 1034 2050 editi
1070 2015 1197 2062 sunt,
1238 2003 1432 2066 profecto
1456 2021 1542 2050 non
1578 2003 1646 2049 di-

179 2076 461 2141 sciplinares‚
502 2079 580 2125 sed
614 2096 715 2126 vere
748 2079 983 2142 dogmatici
1019 2090 1123 2126 sunt
1156 2079 1380 2135 habendi;
1426 2090 1488 2126 tot
1529 2080 1646 2126 enim

179 2164 284 2200 sunt
315 2153 521 2201 veritates
557 2155 855 2218 dogmaticae,
890 2167 996 2219 quot
1025 2173 1194 2203 errores
1230 2167 1272 2203 et
1306 2156 1511 2203 haereses
1547 2173 1648 2220 pro-

181 2229 387 2294 scriptae.

278 2305 402 2360 Quae
435 2306 615 2370 quidem
651 2307 964 2354 confirmantur
991 2326 1043 2355 ex
1072 2326 1124 2356 eo
1147 2309 1265 2373 quod
1299 2309 1482 2372 contigit
1512 2309 1557 2355 in
1587 2308 1649 2356 le-

127 2408 129 2410 ·
181 2381 324 2428 ctione
363 2382 546 2428 canonis
583 2382 655 2427 IX.
694 2400 806 2429 sess.
836 2384 953 2429 XIII.
983 2384 1032 2430 de
1065 2396 1334 2431 sacrosancto
1365 2386 1647 2431 eucharistiae

180 2467 444 2503 sacramento
470 2457 541 2504 his
565 2458 713 2504 verbis
737 2476 968 2523 expresso:
994 2480 1018 2503 «
1033 2460 1076 2505 Si
1102 2460 1205 2525 quis
1225 2461 1473 2523 negaverit,
1496 2477 1648 2507 omnes

180 2543 226 2580 et
258 2533 457 2596 singulos
492 2533 656 2581 Christi
694 2534 847 2581 fideles
880 2535 1112 2601 utriusque
1148 2555 1281 2584 sexus
1305 2576 1314 2594 ,
1354 2555 1453 2584 cum
1485 2537 1540 2584 ad
1571 2555 1651 2583 an-

184 2626 264 2656 nos
288 2609 567 2657 discretionis
594 2611 893 2675 pervenerint,
923 2613 1056 2658 teneri
1086 2613 1276 2676 singulis
1311 2614 1465 2670 annis,
1495 2612 1648 2660 saltem

184 2684 228 2730 in
266 2685 502 2748 paschate,
542 2686 598 2733 ad
633 2687 1049 2735 communicandum
1085 2689 1205 2736 iuxta
1242 2701 1523 2754 praeceptum
1549 2707 1652 2737 san-

183 2769 279 2806 ctae
295 2760 448 2807 matris
466 2760 700 2818 ecclesiae;
729 2762 880 2809 anath.
913 2763 1023 2811 sit.»
1052 2764 1281 2829 Siquidem
1307 2765 1507 2812 nonnulli
1534 2765 1652 2813 theo-

184 2834 270 2899 logi
297 2836 587 2894 adnotarunt,
616 2839 733 2902 quod
763 2856 862 2885 cum
886 2857 938 2886 eo
965 2839 1007 2886 in
1033 2858 1201 2888 canone
1227 2859 1313 2887 non
1338 2842 1393 2888 de
1420 2853 1651 2906 praecepto
