1980 3260
326 248 421 297 ΞΠ
621 261 701 293 Lm.
731 261 777 292 Π.
809 260 926 292 SECT.
957 261 985 291 1.
1016 260 1068 291 DE
1104 258 1268 291 POTEST.
1302 258 1466 291 EGCLES.

324 344 499 389 mirum:
528 359 552 394 c<
574 339 814 396 Quoniam,
843 356 943 386 cum
967 338 1205 401 coniugum
1229 337 1359 395 alter,
1390 348 1484 384 tum
1508 339 1678 387 ratione
1711 340 1797 389 loci

326 420 370 465 in
394 435 481 482 quo
505 415 693 473 habitat,
723 426 816 463 tum
841 416 1009 463 ratione
1034 415 1282 472 societatis,
1312 415 1358 461 in
1382 432 1473 479 qua
1495 413 1629 471 vivit,
1651 433 1799 464 exem-

324 504 425 559 ptus
449 493 508 539 sit
530 510 555 538 a
579 492 843 539 tridentinae
861 491 1021 556 synodi
1045 491 1168 554 lege;
1197 491 1440 555 exemptio,
1463 508 1554 556 qua
1573 490 1672 555 ipse
1692 490 1802 539 frui·-

326 580 419 625 tur,
459 568 583 615 alteri
620 568 733 632 parti
769 567 1095 615 communicata
1130 577 1351 624 remanet,
1393 577 1573 631 propter
1609 566 1806 615 induitu-

327 657 407 692 tem
441 654 687 691 contractus
703 681 714 699 ,
752 643 797 691 vi
823 643 975 700 cuius,
1003 643 1249 709 exemptio,
1277 661 1394 709 quae
1415 644 1494 691 uni
1518 661 1572 691 ex
1601 643 1808 708 partibus

327 719 555 784 competit,
586 720 642 766 ad
667 719 849 767 alteram
863 757 874 777 ,
897 719 1143 767 secundum
1167 719 1302 766 etiam
1320 719 1474 767 civiles
1492 718 1637 784 leges,
1659 729 1808 767 exten-

323 796 465 853 ditur,
494 796 730 861 eidemque
763 796 1115 844 communicatur
1141 797 1290 858 (169).
1318 815 1341 840 »

422 873 478 920 Et
502 872 613 919 haec
634 872 693 919 de
717 872 950 938 principiis
975 872 1257 936 generalibus
1283 890 1399 938 quae
1422 889 1476 919 ex
1505 871 1810 937 publicatione

326 948 421 995 sive
454 947 617 995 decreti
652 947 904 1005 tridentini,
944 948 1038 996 sive
1060 947 1383 995 Declarationis
1422 948 1651 996 Benedicti
1683 948 1803 1006 XIV;

328 1034 574 1089 sequuntur
597 1044 607 1082 ;
655 1042 758 1071 nam
801 1024 921 1089 quod
968 1034 1138 1090 spectat
1182 1023 1239 1071 ad
1285 1023 1524 1072 nonnullas
1559 1024 1810 1090 peculiares

328 1101 613 1165 quaestiones
652 1101 709 1149 de
742 1101 1036 1149 matrimoniis
1080 1100 1371 1148 clandestinis
1413 1117 1531 1166 quae
1573 1117 1675 1148 cum
1716 1101 1810 1150 illis

328 1188 671 1234 connectuntur,
710 1178 766 1225 de
799 1177 873 1226 his
906 1194 1089 1241 agemus
1125 1178 1170 1224 in
1205 1176 1391 1225 articulo
1425 1177 1698 1243 insequenti.

903 1340 1179 1378 ARTICULUS
1205 1342 1249 1377 V.

342 1449 596 1496 Quaestiones
623 1449 834 1488 nonnullae
861 1448 1076 1487 enodantur
1104 1449 1221 1487 relate
1241 1448 1291 1488 ad
1313 1446 1634 1498 impedimentum
1650 1448 1806 1489 clande-

429 1513 615 1552 stinitatis
635 1513 675 1551 in
694 1512 955 1552 Matrimoniis
986 1513 1069 1552 sive
1095 1512 1373 1552 catholicorum
1393 1541 1408 1563 ,
1433 1513 1516 1552 sive
1542 1512 1702 1563 mixtis,
1721 1514 1806 1553 sive

427 1578 723 1617 haereticorum.

427 1699 574 1756 Quum
608 1699 738 1747 nobis
772 1699 1049 1764 propositum
1072 1699 1205 1747 suerit
1226 1699 1412 1747 difficile
1435 1699 1522 1747 hoc
1544 1698 1602 1747 de
1625 1698 1813 1764 impedi·

331 1785 479 1824 mento
502 1775 874 1824 clandestinitatis
898 1787 1226 1840 argumentum,
1244 1776 1392 1842 quoad
1409 1776 1508 1824 eius
1525 1776 1621 1823 fieri
1641 1779 1806 1842 potest,

332 1852 574 1910 elucidare,
611 1852 776 1901 idcirco
808 1853 894 1901 hoc
917 1853 964 1900 in
988 1852 1174 1901 articulo
1209 1853 1456 1901 incidentes
1488 1852 1637 1901 varias
1671 1869 1812 1918 quae-

333 1929 524 1987 stiones,
554 1948 670 1996 quae
693 1930 852 1994 agitari
877 1940 1067 1995 possunt
1083 1930 1219 1978 immo
1243 1940 1286 1977 et
1310 1929 1476 1987 solent,
1506 1928 1815 1978 discutiendas

333 2007 686 2070 assumpsimus,
708 2017 757 2055 ut
780 2007 900 2055 circa
923 2023 1001 2054 eas
1024 2005 1286 2070 singillatim
1309 2006 1420 2072 quid
1444 2005 1727 2054 sentiendum
1751 2005 1811 2054 sit

335 2081 601 2130 indicemus.

432 2159 578 2207 Prima
601 2161 733 2224 igitur
755 2179 872 2227 quae
897 2178 998 2209 sese
1022 2159 1152 2208 offert
1172 2160 1378 2225 quaestio
1403 2159 1613 2224 coniugia
1638 2169 1812 2225 spectat

336 2252 487 2282 eorum
503 2273 513 2292 ‚
545 2236 622 2300 qui
658 2255 682 2284 e
711 2237 807 2285 loco
841 2237 918 2285 ubi
955 2237 1246 2285 tridentinum
1283 2237 1512 2285 decretum
1547 2252 1636 2285 non
1667 2235 1810 2300 viget,

336 2310 393 2361 ad
415 2310 563 2359 locum
585 2311 662 2359 ubi
686 2312 796 2360 illud
818 2314 937 2378 viget
959 2314 1220 2362 deveniunt.
1236 2312 1563 2362 Constituimus
1580 2311 1700 2360 enim
1718 2312 1815 2360 sive

336 2386 681 2445 haereticorum,
732 2390 826 2437 sive
868 2391 1187 2439 catholicorum
1220 2401 1264 2438 et
1296 2388 1645 2438 acatholicorum
1678 2389 1814 2436 mixta

337 2464 544 2528 coniugia
576 2464 811 2522 celebrata,
839 2466 916 2512 ubi
940 2467 1267 2531 promulgatum
1292 2482 1344 2513 ac
1372 2482 1461 2512 usu
1492 2475 1716 2530 receptum
1745 2473 1814 2511 est

338 2539 625 2588 tridentinum
659 2541 903 2598 decretum,
932 2542 1161 2606 illegitima
1195 2560 1248 2591 ac
1281 2541 1478 2590 invalida
1511 2558 1629 2598 esse,
1666 2540 1706 2588 si
1738 2556 1810 2588 co·

339 2631 432 2662 ram
467 2615 554 2664 alio
575 2615 720 2682 'quam
744 2617 924 2683 proprio
948 2618 1143 2682 parocho
1167 2636 1220 2667 ac
1248 2617 1426 2666 duobus
1448 2616 1636 2664 testibus
1660 2616 1814 2664 inean-

435 2783 522 2824 (169)
543 2785 591 2816 De
612 2783 740 2826 synodo
764 2783 906 2817 dioeces.
926 2783 983 2816 lib.
1000 2786 1058 2817 vl.
1075 2793 1146 2827 cap.
1162 2786 1220 2818 Vl.
1239 2793 1274 2816 n.
1294 2788 1344 2817 12.
1363 2783 1405 2815 Et
1419 2789 1531 2814 revera
1555 2780 1637 2813 haec
1659 2779 1744 2813 ratio
1765 2780 1816 2812 est

344 2843 443 2876 quam
462 2836 582 2877 passim
603 2836 743 2878 allegant
771 2844 837 2869 sac.
851 2836 1113 2877 congregationes
1144 2845 1316 2877 romanae,
1337 2835 1415 2868 dum
1437 2834 1614 2867 decernunt
1630 2832 1739 2866 valida
1752 2841 1819 2865 ma-

339 2887 494 2921 trimonia
522 2889 623 2922 mixta
652 2889 718 2921 illis
732 2888 765 2921 in
782 2888 964 2931 regionibus
980 2888 1022 2921 ad
1039 2898 1121 2930 quas
1142 2889 1330 2924 Declaratio
1356 2887 1560 2922 benedictina
1586 2888 1719 2919 extensa
1748 2887 1810 2918 eet.
1846 2896 1849 2898 >
