1980 3260
298 247 388 277 cmv.
406 247 480 278 vn.
499 247 550 278 m:
571 248 695 279 nnn.
714 247 842 279 mm).
856 246 941 279 cun
960 246 1094 278 rium..
1113 246 1191 278 vm,
1210 247 1294 279 mr.
1314 247 1378 279 sn.
1396 246 1489 278 Aur.
1507 246 1553 279 11.
1618 230 1711 278 317

233 339 390 371 versus
423 341 560 372 novas
588 325 770 390 nuptias
801 324 919 372 ineat
945 325 1088 389 prima
1116 341 1226 372 uxor
1248 323 1306 372 ad
1331 323 1464 372 fidem
1487 333 1714 374 converta-

235 409 332 457 tur,
377 400 474 465 ipse
509 412 710 448 teneatur
740 401 864 449 illam
894 418 994 449 cum
1024 418 1114 466 qua
1147 401 1401 465 coniugium
1435 400 1482 447 in
1520 399 1714 448 infideli-

234 486 322 523 tate
362 486 640 524 contraxerat
675 477 888 534 retinere,
933 476 1040 541 quia
1073 476 1221 524 adhuc
1256 486 1536 541 perseverat,
1582 486 1714 541 prout

235 569 446 617 expresse
478 552 721 601 declaravit
758 553 1043 601 Innocentius
1071 553 1149 599 111.
1172 553 1219 599 in
1247 569 1346 617 cap.
1372 551 1616 600 Gaudeamus
1644 552 1715 599 in-

234 627 421 693 quiens:
449 647 471 673 «
491 627 618 683 Quod
644 618 974 676 si-eonversum
1004 629 1061 676 ad
1086 628 1219 677 fidem
1243 638 1286 676 et
1308 627 1385 676 illa
1411 645 1625 677 conversa
1647 645 1716 678 se-

236 714 401 768 quatur
430 713 668 769 antequam
694 722 774 769 per
798 722 960 753 causas
988 705 1239 769 praedictas
1267 704 1510 769 legitimam
1534 704 1609 754 ille
1631 705 1714 754 du-

233 790 305 826 cat
331 795 536 835 uxorem,
572 797 669 826 eam
699 781 894 846 recipere
922 781 1260 845 compellatur.»

330 853 460 910 Quod
501 853 540 901 si
574 853 770 902 infidelis
815 872 1058 903 conversus
1095 855 1173 920 qui
1208 872 1346 903 novas
1380 855 1572 904 intendit
1609 871 1713 903 eum

234 929 355 978 fideli
389 930 571 995 nuptias
605 930 744 988 inire,
783 941 976 995 nequeat
1008 941 1138 996 prout
1171 949 1199 979 a
1231 931 1327 979 iure
1364 931 1713 996 praescribitur,

237 1005 524 1072 interpellare
557 1006 791 1070 coniugem
822 1006 1050 1054 infidelem
1084 1017 1231 1054 utrum
1263 1006 1369 1055 velit
1403 1024 1554 1055 secum
1588 1006 1717 1055 habi-

237 1094 358 1141 tare,
387 1094 430 1131 et
456 1083 639 1148 quidem
670 1084 768 1131 sine
796 1083 1016 1131 Creatoris
1045 1083 1314 1135 contumelia
1336 1101 1388 1132 ac
1409 1083 1491 1132 Dei
1520 1083 1712 1143 offensa,

234 1178 288 1209 eo
311 1160 432 1226 quod
456 1160 621 1208 absens
651 1161 895 1226 reperiatur
929 1177 1213 1226 quacumque
1240 1177 1481 1218 excausa,
1510 1171 1588 1209 aut
1610 1161 1717 1227 quia

235 1236 394 1285 ductus
425 1236 508 1284 fuit
541 1237 588 1283 in
621 1237 952 1302 captivitatem,
991 1248 1068 1285 aut
1100 1237 1207 1303 quia
1234 1236 1417 1301 longum
1449 1237 1534 1285 iter
1562 1254 1716 1286 susce-

236 1313 327 1379 pit,
368 1313 687 1379 ignoraturque
719 1313 797 1360 ubi
831 1313 965 1377 degat
988 1323 1064 1361 aut
1085 1312 1247 1371 lateat,
1275 1313 1381 1361 huic
1405 1313 1711 1372 incommodo,

234 1388 356 1454 quod
391 1406 479 1436 non
515 1406 615 1437 raro
649 1388 813 1437 accidit
845 1389 978 1437 etiam
1003 1388 1060 1437 ab
1083 1388 1328 1453 apostolica
1351 1389 1458 1437 sede
1487 1389 1715 1455 provisum

234 1476 317 1513 est.
351 1466 463 1513 Nam
495 1465 731 1529 Gregorius
761 1465 880 1512 XIII.
910 1465 1005 1514 suis
1032 1465 1192 1513 litteris
1225 1465 1442 1523 occurrit,
1481 1465 1711 1514 scribens:

239 1563 262 1588 «
291 1542 513 1599 Quoniam
550 1560 686 1608 saepe
728 1543 945 1607 contingit
977 1542 1141 1590 multos
1175 1542 1410 1608 utriusque
1447 1560 1580 1591 sexus
1614 1542 1718 1590 infi-
1758 1540 1771 1597 <s

236 1618 360 1666 deles
395 1629 495 1684 post
527 1629 753 1666 contracta
786 1618 940 1683 gentili
980 1618 1067 1666 ritu
1100 1618 1383 1666 matrimonia
1417 1636 1471 1666 ex
1504 1617 1675 1682 Angola
1702 1657 1712 1675 ,
1768 1619 1786 1676 Ἄ,

235 1694 498 1761 Aethiopia,
527 1695 744 1753 Brasilia,
782 1706 826 1743 et
859 1695 962 1743 aliis
996 1694 1160 1743 indicis
1190 1694 1449 1759 regionibus
1483 1694 1541 1742 ab
1575 1694 1718 1743 hosti·
1795 1744 1800 1759 ,⁴

237 1770 322 1818 bus
357 1782 510 1836 captos
545 1788 571 1818 a
604 1771 799 1836 propriis
832 1771 999 1819 finibus
1022 1810 1032 1829 ,
1071 1782 1114 1819 et
1147 1771 1341 1836 propriis
1374 1770 1641 1836 coniugibus
1670 1770 1718 1818 in

237 1848 563 1896 remotissimas
591 1848 796 1912 regiones
831 1848 1142 1905 exterminari,
1179 1848 1292 1896 adeo
1320 1859 1370 1896 ut
1403 1848 1492 1913 ipsi
1522 1847 1713 1914 captivi,
1781 1845 1783 1847 ’

236 1935 280 1972 et
307 1925 384 1990 qui
416 1924 463 1971 in
498 1925 641 1990 patria
676 1935 929 1982 remanent,
969 1925 1008 1973 si
1041 1935 1197 1990 postea
1219 1925 1277 1972 ad
1302 1924 1436 1972 fidem
1462 1933 1718 1973 convertan-

237 2011 336 2058 tur,
376 2001 589 2065 coniuges
624 2001 829 2049 infideles
866 2011 956 2048 tam
996 2000 1129 2064 longo
1168 2000 1400 2049 intervallo
1439 2000 1713 2057 disiunctos,

236 2096 293 2126 an
319 2078 417 2127 sine
441 2078 711 2126 contumelia
736 2078 957 2126 Creatoris
982 2095 1133 2126 secum
1158 2077 1363 2125 habitare
1378 2076 1537 2134 velint,
1564 2086 1613 2124 ut
1636 2093 1719 2141 par

237 2166 329 2213 est,
369 2172 549 2203 monere
583 2165 832 2220 nequeant,
862 2154 933 2203 vel
960 2154 1067 2220 quia
1105 2153 1327 2201 interdum
1356 2153 1413 2201 ad
1443 2151 1630 2200 hostiles
1664 2169 1717 2200 ac

237 2231 452 2279 barbaras
489 2231 741 2296 provincias
783 2248 840 2278 ne
886 2231 1054 2279 nuntiis
1086 2230 1267 2296 quidem
1296 2247 1505 2278 accessus
1540 2240 1713 2295 pateat,

236 2307 307 2355 vel
326 2308 434 2374 quia
451 2307 657 2372 ignorant
675 2324 861 2372 prorsus
881 2307 927 2354 in
946 2325 1059 2373 quas
1078 2308 1282 2371 regiones
1301 2307 1466 2356 fuerint
1484 2306 1713 2364 transacti,

237 2383 308 2432 vel
342 2385 451 2449 quia
485 2384 655 2431 itineris
690 2383 920 2448 longitudo
954 2401 1162 2447 magnam
1196 2383 1352 2431 afferat
1383 2383 1712 2439 difficultatem;

240 2461 407 2509 idcirco
431 2478 513 2509 nos
538 2460 818 2509 attendentes
846 2460 1104 2508 huiusmodi
1129 2460 1353 2509 connubia
1375 2460 1489 2508 inter
1511 2458 1716 2506 infideles

239 2548 485 2594 contracta,
524 2555 630 2585 vera
665 2538 875 2602 quidem,
915 2554 1002 2585 non
1037 2547 1184 2585 tamen
1228 2537 1342 2586 adeo
1384 2547 1479 2584 rata
1518 2534 1713 2591 censeri,

239 2625 289 2662 ut
323 2614 588 2662 necessitate
631 2614 846 2662 suadente
868 2652 878 2670 ,
925 2612 1111 2662 dissolvi
1146 2630 1235 2661 non
1270 2612 1480 2679 possint,
1525 2609 1717 2675 singulis

240 2689 458 2738 dictorum
488 2690 687 2738 locorum
717 2689 958 2738 ordinariis
981 2700 1024 2738 et
1047 2689 1255 2756 parochis
1283 2699 1326 2737 et
1349 2686 1621 2753 presbyteris
1646 2703 1719 2734 so-

239 2765 412 2815 cietatis
440 2768 542 2815 lesu
570 2767 627 2814 ad
662 2766 967 2815 confessiones
993 2766 1244 2814 audiendas
1268 2766 1325 2813 ab
1349 2764 1550 2812 eiusdem
1575 2762 1718 2811 socie-

242 2842 346 2891 tatis
386 2843 693 2908 superioribus
729 2843 1014 2910 approbatis,
1053 2853 1096 2891 et
1129 2843 1185 2891 ad
1220 2842 1363 2889 dictas
1399 2839 1603 2904 regiones
1639 2856 1719 2904 pro
