1980 3260
285 225 376 257 CAP.
395 225 452 257 v1.
472 227 521 257 DE
541 226 665 258 MATR.
686 224 864 257 flAEnET.
884 224 967 255 lNT.
985 224 1032 255 SE
1052 223 1129 254 VEL
1142 222 1225 254 CUM
1244 222 1367 254 GAm.
1386 222 1479 253 ΛΒΤ.
1495 222 1537 252 V.
1602 206 1694 253 279

219 302 448 350 validitate
463 304 612 366 (176).
631 302 759 358 Quod
783 319 887 349 vero
910 300 1068 348 attinet
1088 300 1146 347 ad
1164 298 1440 348 domicilium
1463 315 1697 363 acquiren-

218 378 329 426 dum
369 389 536 427 certum
577 378 941 443 exploratumque
980 386 1069 434 est,
1114 376 1235 424 haud
1280 376 1444 441 requiri
1485 375 1696 440 temporis

218 454 560 502 determinatam
594 454 895 511 durationem,
929 470 1029 501 cum
1069 452 1181 500 satis
1224 452 1286 499 sit
1327 452 1502 499 animus
1542 451 1697 499 firmus

221 530 387 580 alicubi
422 530 746 588 commorandi,
774 547 855 578 seu
879 530 943 577 uti
967 538 1164 577 statuunt
1196 528 1440 593 iurisperiti
1463 528 1520 576 ad
1545 527 1697 592 acqui-

224 607 412 656 rendum
445 606 724 655 domicilium
759 607 848 655 duo
883 607 1195 671 requiruntur;
1234 606 1405 653 animus
1433 615 1474 652 et
1502 606 1692 669 sactum,

220 699 275 731 ac
297 690 428 746 prout
449 681 612 729 dicitur
635 683 666 729 l.
685 684 729 729 7.
754 682 845 730 cod.
864 683 915 729 de
932 683 1100 730 incolis.
1122 682 1215 730 «Et
1237 683 1282 729 in
1307 682 1462 730 eodem
1486 681 1583 729 loco
1607 681 1699 729 sin-

219 757 350 820 gulos
376 756 542 804 habere
563 757 839 806 domicilium
864 775 952 806 non
975 758 1229 822 ambigitur,
1251 758 1329 805 ubi
1354 758 1457 822 quis
1476 757 1613 805 larem
1631 773 1701 803 re-

220 847 434 898 rumque,
464 849 517 881 ac
539 833 815 881 fortunarum
840 851 1022 882 suarum
1047 851 1266 881 summam
1298 833 1553 890 constituit,
1582 833 1700 880 unde

221 920 379 958 rursus
405 921 494 958 n‘on
519 910 577 958 sit
599 909 884 958 discessurus
909 911 947 958 si
974 909 1086 956 nihil
1111 920 1316 966 avocet,»
1334 920 1467 974 atque
1490 910 1520 955 l.
1547 911 1623 955 20.
1646 910 1693 955 ff.

219 985 288 1037 Ad
321 987 629 1051 municipalem
655 1005 668 1032 .·
709 987 766 1033 ad
811 985 1066 1034 habendum
1109 985 1385 1034 domicilium
1430 985 1671 1050 requiritur
1687 1024 1697 1041 ,

214 1082 250 1110 .«·
269 1062 389 1128 quod
412 1063 521 1128 quis
542 1062 647 1111 velit
680 1062 950 1110 constituere
974 1062 1019 1108 in
1043 1061 1121 1109 tali
1145 1061 1239 1110 loco
1264 1061 1587 1109 habitationem
1610 1071 1702 1108 sta·

222 1138 359 1189 bilem
382 1150 426 1188 et
450 1149 757 1204 perpetuam.»
772 1139 887 1187 Sane
910 1156 1003 1187 sac.
1032 1139 1315 1203 congregatio
1348 1138 1526 1187 concilii
1562 1138 1703 1202 quod-

219 1216 328 1265 dam
351 1217 682 1266 matrimonium
705 1216 905 1265 validum
928 1217 1155 1283 probavit,
1177 1217 1298 1282 quod
1316 1217 1405 1264 duo
1424 1215 1622 1263 Cesenae
1640 1216 1703 1262 in—

224 1292 350 1341 colae
373 1292 653 1341 celebrarunt
676 1292 908 1350 Forolivii,
936 1310 989 1340 eo
1011 1291 1132 1358 quod
1156 1291 1306 1357 puella
1328 1302 1430 1339 ante
1452 1291 1703 1339 discessum

225 1368 372 1433 palam
411 1369 618 1426 fecisset,
656 1387 706 1417 se
745 1369 1020 1417 domicilium
1055 1370 1101 1416 in
1142 1369 1228 1417 hac
1266 1369 1446 1418 civitate
1485 1368 1698 1431 deligere,

222 1444 300 1494 ubi
332 1455 534 1494 materna
567 1446 667 1494 avia
699 1445 837 1493 vitam
871 1445 1061 1493 ducebat
1088 1448 1238 1509 (177).

321 1521 366 1568 Si
401 1521 479 1587 qui
515 1521 704 1586 proinde
738 1521 826 1570 alio
851 1540 900 1569 se
924 1522 1154 1570 conferant
1177 1523 1224 1569 in
1248 1539 1350 1570 eum
1374 1522 1519 1571 solum
1544 1522 1698 1579 finem,

225 1608 274 1645 ut
307 1597 370 1644 ibi
405 1598 586 1662 nuptias
613 1597 779 1655 ineant,
811 1598 1127 1662 praetermissa
1152 1598 1378 1646 tridentini
1403 1599 1569 1655 forma,
1598 1598 1705 1663 quia

224 1673 287 1722 ibi
310 1674 535 1721 decretum
567 1675 757 1721 Tametsi
789 1691 877 1722 non
901 1685 969 1722 est
992 1674 1319 1738 promulgatum
1343 1684 1420 1721 aut
1448 1684 1701 1737 acceptum,

224 1750 335 1815 quin
352 1751 551 1798 animum
572 1749 767 1797 habeant
785 1750 1045 1814 acquirendi
1061 1751 1154 1798 sive
1170 1750 1448 1799 domicilium
1463 1751 1557 1798 sive
1573 1749 1705 1814 quasi

227 1826 532 1883 domicilium,
567 1826 739 1891 absque
773 1826 909 1875 dubio
943 1845 1095 1875 eorum
1130 1827 1400 1874 connubium
1426 1827 1493 1874 sic
1516 1826 1705 1874 celebra-

228 1913 321 1950 tum
356 1902 529 1950 nullum
559 1913 628 1950 est
656 1913 790 1966 atque
822 1903 1012 1950 irritum.
1045 1903 1275 1968 Siquidem
1314 1903 1416 1952 dolo
1457 1920 1510 1950 ac
1549 1902 1705 1949 fraude

229 1978 292 2026 ita
326 1995 376 2026 se
405 1996 556 2042 gerere
585 1978 933 2035 convincuntur,
973 1979 1103 2026 dolus
1134 1990 1279 2026 autem
1309 1991 1354 2026 et
1382 1979 1502 2026 fraus
1537 1978 1703 2025 nemini

226 2055 392 2103 debent
426 2055 712 2120 patrocinari.
742 2055 822 2103 Ast
853 2058 892 2103 si
923 2066 1096 2119 praeter
1136 2055 1253 2103 hanc
1285 2055 1556 2103 voluntatem
1590 2054 1706 2102 cele-

227 2132 388 2180 brandi
414 2132 670 2195 coniugium
694 2131 771 2179 ubi
795 2149 884 2179 non
908 2143 975 2180 est
999 2142 1224 2197 receptum
1247 2132 1531 2180 tridentinum
1556 2131 1709 2179 decre-

230 2220 322 2257 tum
338 2247 348 2266 ,
386 2209 585 2257 animum
616 2209 926 2258 contrahentes
962 2210 1265 2273 praeseferant
1288 2208 1379 2256 illic
1402 2209 1705 2257 commorandi

230 2302 453 2350 suumque
492 2284 755 2350 acquirendi
799 2286 1072 2334 domicilium
1090 2324 1100 2344 ,
1147 2286 1301 2334 fraude
1349 2304 1438 2335 non
1477 2286 1701 2342 obstante,

230 2360 406 2409 illorum
441 2361 696 2424 coniugium
728 2361 926 2410 validum
955 2363 1039 2411 erit
1066 2362 1354 2411 censendum.

325 2438 382 2485 Et
414 2442 564 2502 reipsa
593 2437 798 2486 Urbanus
832 2439 944 2486 Vlll.
974 2440 1069 2488 suis
1104 2439 1362 2505 apostolicis
1395 2439 1552 2487 litteris
1588 2440 1708 2487 inse-

228 2524 419 2579 quentes
443 2531 538 2562 sac.
562 2514 741 2562 concilii
767 2515 1120 2579 congregationis
1151 2516 1396 2563 sententias
1421 2516 1494 2562 die
1518 2516 1595 2561 14.
1619 2514 1709 2561 Au-

227 2590 349 2655 gusti
370 2591 516 2637 1622.
541 2590 846 2639 confirmavit:
874 2612 896 2637 «
912 2591 1087 2640 Primo:
1111 2609 1168 2640 an
1187 2592 1359 2641 incolae
1382 2603 1469 2639 tam
1495 2590 1703 2647 masculi,

329 2738 416 2780 (176)
438 2738 489 2772 cs.
506 2739 693 2781 Fagnanum
714 2739 748 2771 in
767 2748 839 2772 can.
858 2739 1072 2782 siqnificavit
1097 2750 1130 2773 n.
1155 2745 1205 2774 39.
1231 2740 1263 2772 in
1286 2744 1312 2773 1.
1327 2739 1408 2781 part.
1435 2737 1524 2771 tertii
1554 2737 1707 2770 decretal.

299 2816 304 2822 .
325 2796 400 2825 386.

230 2799 295 2832 pag
330 2843 418 2886 (177)
440 2846 479 2878 ln
502 2853 602 2879 causa
623 2846 782 2880 Macrim.
797 2847 913 2880 Cesen.
934 2846 986 2880 die
1001 2851 1053 2882 22.
1070 2846 1269 2890 Febrss.„1J—23.
