1980 3260
292 252 384 285 cn.
400 252 445 285 u.
464 252 516 284 nn
534 252 675 285 rores.
693 250 830 286 rmnc.
848 253 929 286 rm.
949 252 1031 286 cm.
1049 252 1174 286 iura.
1193 251 1352 285 eumer.
1366 252 1458 285 Αιιι.
1475 252 1533 285 ιν.
1591 238 1678 283 439

216 330 418 379 definivit
449 331 686 380 concilium
711 331 796 380 sub
819 331 1113 380 anathematis
1139 331 1493 379 interminatione
1521 333 1682 379 causas

218 392 562 456 matrimoniales
595 408 653 456 ad
686 408 856 456 iudices
892 408 1214 456 ecclesiasticos
1249 417 1471 473 spectare,
1501 408 1539 455 si
1564 408 1685 473 prin-

215 483 340 547 cipes
365 483 623 531 huiusmodi
650 484 895 532 revocando
919 485 1273 541 concessionem,
1301 484 1448 549 ipsum
1472 500 1683 532 canonem

217 558 380 606 falsum
414 559 600 608 reddere
635 559 918 625 potuissent?

312 633 508 682 Tandem
527 652 642 699 quae
658 636 714 683 de
732 636 1021 701 sponsalibus
1055 636 1201 692 addit,
1239 652 1430 683 errorem
1464 635 1687 683 continent

217 709 273 756 in'
295 708 444 766 Bulla,
476 720 525 757 ut
556 711 774 768 diximus,
807 711 873 758 Pii
899 712 969 758 Vl.
998 711 1169 758 iamdiu
1203 711 1448 766 confixum,
1475 710 1581 774 quia
1602 711 1685 757 etsi

215 784 453 849 sponsalia
479 796 803 834 sacramentum
838 792 927 835 'non
962 787 1076 843 sint,
1103 787 1160 835 ad
1186 795 1510 834 sacramentum
1541 795 1687 832 tamen

216 859 466 909 referuntur
497 861 628 926 eique
661 862 916 919 subiacent,
952 874 1003 910 ut
1033 880 1116 911 suo
1148 864 1246 910 loco
1278 862 1582 926 exposuimus.

313 936 494 983 Interim
518 954 571 984 ex
596 937 810 986 hactenus
846 938 1064 986 discussis
1098 943 1218 1002 patet
1252 954 1387 1002 quam
1418 943 1572 984 'verum
1606 936 1689 992 sit,

215 1028 293 1060 eos
310 1049 322 1068 ,
348 1012 427 1076 qui
454 1030 542 1060 non
570 1014 762 1061 contenti
798 1013 1014 1061 limitibus
1044 1013 1140 1061 'illis
1176 1013 1341 1078 quibus
1373 1012 1515 1062 civilis
1541 1021 1692 1059 aucto-

218 1088 326 1138 ritas
353 1087 601 1136 continetur
624 1089 743 1137 circa
764 1096 926 1137 causas
955 1088 1304 1137 matrimoniales
1320 1126 1330 1145 ,
1356 1088 1521 1136 vellent
1547 1087 1692 1136 eidem

216 1163 438 1221 tribuere,
466 1164 585 1229 quod
611 1165 836 1230 proprium
865 1164 1082 1212 ecclesiae
1113 1175 1181 1213 est
1198 1202 1208 1220 ,
1241 1164 1298 1212 ad
1332 1171 1522 1228 eamque
1544 1163 1693 1212 exclu÷

216 1241 313 1289 sive
345 1241 590 1306 pertinent,
629 1241 760 1288 inniti
795 1241 1118 1289 assertionibus
1149 1242 1380 1305 gratuitis,
1409 1240 1554 1305 falsis,
1583 1256 1694 1286 erro-

219 1318 337 1372 miss,
384 1317 711 1365 haereticalibus
736 1353 748 1372 ,
794 1317 1040 1382 iamdiuque
1084 1317 1139 1364 ab
1175 1317 1356 1364 'ecclesia
1388 1317 1646 1381 proscriptis
1678 1336 1691 1370 ;

220 1392 405 1458 fierique
433 1393 556 1440 nulla
589 1394 758 1441 ratione
792 1401 936 1458 poteSt
964 1404 1014 1441 ut
1036 1394 1083 1440 in
1111 1411 1189 1442 eas
1223 1410 1310 1441 non
1340 1392 1560 1457 impingat
1594 1393 1693 1456 qui-.

218 1477 411 1535 cumque
445 1469 563 1518 idem
597 1469 872 1535 propositum
907 1470 1114 1535 persequi
1148 1469 1274 1518 velit.

780 1602 997 1640 cin-ln·
1027 1603 1135 1638 111.

417 1727 419 1740 ³
450 1721 504 1752 BE
537 1720 663 1754 cwlu
696 1720 930 1753 Po'rsssu'rss
963 1719 1186 1753 mmmmm
1221 1721 1463 1754 mvlnnnuu

684 1797 840 1829 Ratun
865 1798 917 1829 Al)
941 1797 1249 1831 uA‘rRIMONmu

763 1875 1062 1966 ARTICULUS
1091 1901 1119 1935 1.

223 1994 420 2045 Principes
449 1994 624 2033 infideles
655 1996 715 2033 ius
744 2005 820 2033 non
848 1994 994 2034 habent
1026 1995 1284 2049 constituendi
1309 1995 1584 2045 impedimenta
1610 2005 1690 2033 ma-

319 2059 544 2106 trimonium
569 2057 781 2097 infidelium
804 2059 1023 2098 dirimentia
1041 2060 1196 2111 suisque
1215 2059 1362 2125 legibus
1378 2060 1594 2127 nullatenus
1610 2061 1691 2097 vin·

319 2121 448 2160 culum
474 2122 660 2172 attingere
689 2127 861 2172 possunt.

319 2243 534 2300 Quamvis
569 2244 758 2291 instituti
784 2245 922 2292 nostri
939 2246 1060 2308 ratio
1083 2245 1297 2312 postulet,
1323 2255 1374 2292 ut
1396 2244 1452 2290 de
1475 2244 1592 2292 civili
1619 2262 1698 2307 po-

222 2330 379 2368 testate
402 2318 638 2384 loquamur
661 2319 796 2367 relate
819 2320 876 2368 ad
900 2313 1229 2374 matrimonium
1258 2320 1541 2382 Christianum
1556 2358 1568 2375 ,
1599 2337 1698 2367 sae—

223 2395 325 2459 pius
360 2404 507 2443 tamen
531 2393 588 2441 ob
611 2411 756 2442 rerum
783 2413 945 2443 nexum
969 2396 1026 2444 de
1048 2396 1260 2459 coniugio
1290 2395 1424 2443 etiam
1451 2395 1697 2442 infidelium

222 2469 369 2542 deque
402 2468 650 2517 infidelium
685 2470 956 2543 principum
962 2471 1007 2518 in
1033 2471 1143 2518 illud
1168 2466 1382 2547 potestate
1406 2471 1587 2517 innuere
1617 2469 1699 2517 ali—

222 2544 334 2611 quid
356 2543 609 2594 debuimus.
635 2543 806 2596 Revera
825 2547 891 2598 de
904 2535 1185 2596 matrimonio
1197 2539 1454 2595 christiano
1477 2547 1550 2609 agi
1578 2563 1698 2593 com—

223 2621 341 2687 plete
374 2639 463 2670 non
498 2632 667 2687 potest,
696 2623 783 2671 nisi
808 2624 941 2672 etiam
972 2621 1175 2690 seposita
1210 2622 1476 2671 sacramenti
1510 2622 1693 2679 ratione,

225 2688 473 2746 infidelium
509 2697 839 2748 matrimonium
876 2700 922 2747 in
948 2718 1031 2748 sua
1054 2699 1268 2748 relatione
1293 2697 1349 2744 ad
1382 2697 1556 2745 civilem
1582 2709 1699 2761 pote-

224 2783 383 2822 statem
408 2785 644 2848 spectetur.
674 2777 763 2824 Nos
786 2792 891 2824 vero
916 2780 1011 2824 tum
1033 2777 1082 2823 in
1103 2776 1209 2831 hoc,
1239 2783 1330 2820 tum
1356 2774 1399 2833 in
1422 2773 1568 2838 priore
1585 2774 1698 2822 libro

226 2849 374 2913 palam
403 2851 597 2916 prosessi
635 2870 793 2906 sumus
814 2848 977 2917 ipsum
1014 2838 1259 2901 infidelium
1306 2849 1637 2908 matrimonium
1671 2868 1697 2896 a
