1980 3260
279 228 370 262 CAP.
390 229 447 262 Vl.
467 230 518 261 DE
536 229 658 261 MATR.
677 229 854 262 HAERET.
872 230 956 262 INT.
973 230 1020 262 SE
1038 230 1117 262 VEL
1135 230 1219 263 CUM
1234 230 1355 263 cam.
1375 232 1467 264 ART-
1485 231 1530 264 11.
1595 214 1682 262 241

214 316 360 354 catum
379 317 448 355 est
467 317 511 355 et
528 307 774 354 executioni
794 306 1065 354 mandatum.
1083 307 1198 370 Ergo
1213 325 1293 356 nec
1303 306 1682 356 BenedictusXIV

213 382 352 430 ullum
388 382 569 448 praebet
603 382 710 431 huic
743 382 986 430 sententiae
1020 383 1371 431 fundamentum

319 458 448 514 Quod
485 468 634 505 autem
669 469 791 505 sexto
816 469 999 505 numero
1023 459 1200 523 ponitur
1222 470 1550 522 argumentum,
1579 423 1689 506 iilud

217 545 286 582 est
318 535 438 599 quod
473 534 614 581 solam
648 551 798 582 veram
832 534 1138 581 difficultatem
1174 546 1305 582 creet.
1336 535 1549 591 Quamvis
1583 551 1688 583 vero

217 627 271 658 ea
301 627 389 658 non
422 608 559 656 semel
592 608 638 655 in
678 609 792 673 ipsis
834 609 1253 672 congregationibus
1303 610 1498 658 romanis
1528 627 1691 675 propo-

218 686 306 734 sita
335 684 487 741 suerit,
527 701 789 748 numquam,
813 685 933 748 quod
961 685 1124 742 sciam,
1149 703 1360 750 expresse
1383 685 1575 734 resoluta
1601 697 1684 734 est.
1733 710 1743 716 .

218 763 317 810 Duo
339 776 471 824 porro
493 768 614 806 certa
637 768 742 806 sunt
757 796 767 816 ,
796 759 1006 806 nimirum
1028 761 1231 824 1.legem
1256 762 1540 810 tridentinam
1565 762 1689 827 ipsos

216 835 486 886 acatholicos
521 834 718 898 obligare
752 835 829 882 ubi
864 836 1003 883 semel
1037 836 1169 885 suerit
1202 837 1286 884 rite
1325 838 1608 901 promulgata
1645 849 1689 886 et

214 915 261 962 in
294 930 425 961 usum
459 911 671 968 deducta;
702 912 857 961 2.,nec
892 922 1038 959 tamen
1072 910 1209 976 posSe
1242 913 1462 977 parochos
1497 907 1686 961 catholi-

215 1006 292 1038 cos
311 987 656 1036 acatholicorum
681 987 852 1051 nuptiis
871 988 1170 1051 praesentiam
1190 1006 1317 1036 suam
1335 988 1543 1036 exhibere
1566 991 1611 1051 (6
1619 991 1682 1051 3).

217 1064 336 1122 Quid
376 1064 511 1127 igitur
544 1063 662 1110 factu
695 1080 809 1127 opus
844 1062 945 1110 est?
969 1063 1080 1110 Sunt
1112 1064 1191 1128 qui
1226 1064 1525 1129 respondeant
1547 1065 1620 1113 his
1645 1065 1690 1111 in

215 1141 397 1190 casibus
431 1139 744 1188 recurrendum
769 1139 824 1186 ad
843 1139 1047 1202 generale
1081 1139 1191 1187 illud
1226 1141 1518 1205 principium,
1548 1141 1689 1205 legem

217 1218 459 1265 humanam
493 1232 581 1263 non
615 1214 813 1278 obligare
838 1214 914 1261 ubi
939 1215 1129 1281 physica
1161 1226 1237 1263 aut
1267 1215 1450 1264 moralis
1484 1234 1581 1264 eam
1616 1215 1690 1264 ob-

218 1292 426 1341 serVandi
458 1290 799 1355 impossibilitas
835 1290 1123 1348 interveniat3
1156 1302 1290 1357 atque
1326 1292 1492 1340 idcirco
1527 1293 1573 1339 in
1613 1310 1689 1341 su-

217 1368 362 1415 biecta
385 1367 591 1424 materia,
620 1365 805 1432 perinde
834 1384 886 1414 ac
909 1367 948 1414 si
973 1367 1194 1432 parochus
1227 1369 1390 1416 absens
1424 1368 1579 1426 suerit,
1613 1379 1690 1416 aut

216 1460 297 1492 nec
329 1443 560 1509 possibilis
604 1460 687 1490 nec
732 1453 855 1490 tutus
889 1443 946 1491 ad
981 1461 1082 1491 eum
1129 1454 1299 1508 pateret
1337 1443 1485 1492 aditus
1517 1483 1527 1502 ,
1578 1445 1690 1493 satis

214 1537 336 1578 esse,
376 1530 425 1567 ut
458 1519 679 1567 interdum
713 1536 740 1566 a
774 1519 1005 1568 catholicis
1051 1520 1164 1584 ipsis
1209 1520 1279 1577 fit,
1324 1520 1569 1585 adimplere
1613 1520 1690 1568 de-

215 1606 383 1644 cretum
407 1595 696 1643 tridentinum
719 1613 773 1643 ex
796 1613 850 1643 ea
873 1595 1030 1644 saltem
1050 1607 1173 1661 parte
1192 1614 1282 1661 qua
1299 1608 1467 1661 potest,
1506 1597 1690 1662 nuptias

215 1673 480 1721 celebrando
498 1672 808 1738 praesentibus
827 1672 1002 1720 duobus
1023 1684 1098 1720 aut
1115 1673 1257 1721 tribus
1277 1673 1465 1721 testibus
1495 1677 1539 1736 (6
1548 1675 1612 1736 4).

310 1749 469 1796 Verum
493 1749 567 1795 alii
594 1759 811 1813 reponunt
843 1759 1064 1796 assertum
1088 1749 1356 1814 principium
1385 1760 1568 1798 eatenus
1600 1760 1692 1798 tan-

216 1836 308 1873 tum
324 1825 487 1883 valere,
504 1835 723 1890 quatenus
742 1825 1106 1889 impedimentum
1125 1826 1330 1873 servandi
1348 1826 1487 1889 legem
1507 1826 1691 1875 aliunde

217 1903 483 1969 proveniat,
528 1920 662 1967 quam
702 1920 755 1950 ex
794 1902 927 1967 culpa
964 1902 1061 1950 eius
1090 1940 1100 1959 ‚
1144 1903 1222 1967 qui
1269 1902 1382 1966 legis
1423 1902 1692 1967 obligatione

311 2046 377 2088 (63)
396 2048 436 2080 Et
449 2055 526 2080 vero
542 2047 699 2088 Congreg.
717 2046 896 2079 concil.die
912 2051 962 2078 22.
978 2047 1049 2078 Iun.
1068 2045 1342 2087 1624.rescripsit:
1358 2045 1456 2078 «Sive
1471 2045 1552 2078 alter
1566 2045 1692 2078 tantum

216 2109 255 2132 ex
274 2099 467 2141 coniugibus
480 2099 523 2131 sit
538 2099 737 2141 haereticus,
752 2100 821 2132 sive
834 2099 929 2131 ambo
941 2124 950 2140 ,
971 2099 1156 2131 nullatenus
1177 2098 1293 2132 dehere
1317 2099 1492 2140 parochum
1518 2098 1692 2131 haeretico-

216 2162 287 2186 rum
311 2152 519 2185 matrimonio
537 2153 718 2185 assistere.»
732 2154 772 2185 Et
787 2153 820 2184 in
834 2152 942 2184 dubiis
958 2151 1191 2184 iurisdictionis
1205 2151 1444 2193 capellanorum
1459 2151 1620 2183 exercitus
1640 2151 1693 2183 die

217 2209 248 2238 6.
263 2206 360 2238 Mart.
371 2208 460 2238 1694.
477 2213 552 2237 cum
564 2205 767 2246 propositum
782 2205 879 2237 suerit
893 2206 981 2236 vul.
998 2205 1085 2236 loco:
1101 2207 1174 2237 «An
1185 2204 1364 2245 cappellani
1377 2203 1530 2236 catholici
1545 2204 1694 2237 assistere

213 2258 340 2299 possint
353 2257 569 2290 matrimoniis
584 2257 837 2289 acatholicorum
856 2265 930 2289 cum
949 2257 1154 2298 acatholicis,
1168 2257 1201 2290 et
1218 2256 1396 2298 respective
1408 2256 1577 2289 catholicis
1594 2256 1693 2289 etiam

217 2310 304 2342 intra
318 2309 398 2342 lines
412 2309 567 2342 ltaliae?»
579 2310 674 2350 Resp.
686 2310 867 2349 Neqative.
888 2309 984 2346 Quod
1006 2309 1139 2350 quidem
1154 2308 1196 2341 ad
1216 2308 1295 2341 haec
1317 2316 1419 2350 usque
1442 2310 1589 2350 tempora
1608 2318 1689 2341 rom.

217 2362 384 2404 pontifices
406 2363 659 2401 confirmarunt,
685 2363 722 2394 ut
742 2364 856 2394 notum
874 2363 935 2394 est.

312 2416 379 2457 (64)
401 2417 451 2448 Ita
467 2414 632 2448 censuisse
644 2415 733 2447 card.
751 2415 982 2447 Bellarminum
998 2415 1096 2448 refert
1107 2415 1229 2457 Sgobar'
1243 2416 1277 2448 in
1296 2415 1408 2449 Theol.
1423 2415 1571 2449 mdical.
1587 2416 1691 2447 tract.

219 2473 289 2502 116.
314 2477 386 2511 cap.
413 2472 443 2501 4.
463 2469 514 2501 De
531 2470 686 2501 matrim.
711 2468 879 2501 clandest.
902 2477 974 2510 pag.
999 2473 1070 2502 528.
1098 2469 1234 2511 eiusque
1253 2469 1439 2502 meminisse
1460 2470 1583 2502 Rotam
1603 2475 1690 2500 rom.

214 2523 326 2556 Decis.
341 2526 411 2555 308.
426 2530 459 2554 n.
472 2523 636 2563 25.Atque
649 2522 779 2563 insuper
794 2522 841 2554 ita
854 2522 952 2554 etiam
967 2522 1170 2563 respondisse
1184 2531 1333 2564 congreg.
1341 2522 1469 2555 concilii
1483 2521 1535 2554 die
1545 2522 1690 2562 26.Sept.

220 2579 310 2609 1602.
331 2576 364 2608 et
382 2576 415 2608 in
433 2583 508 2608 una
526 2575 638 2616 Belqii
661 2579 711 2608 27.
732 2576 826 2608 Mart.
857 2580 945 2608 1632.
968 2576 1060 2608 iuxta
1080 2577 1246 2609 decretum
1274 2576 1362 2617 quod
1389 2576 1486 2608 refert
1505 2576 1537 2607 et
1557 2575 1693 2607 exornat

214 2627 304 2661 card.
318 2628 413 2661 vinc.
427 2629 521 2661 Petra
533 2629 637 2661 maior
650 2629 914 2670 poenitentiarius
927 2630 1006 2661 tom.
1027 2631 1082 2662 lv.
1102 2630 1290 2662 comment.
1305 2628 1352 2661 ad
1375 2629 1517 2660 constit.
1532 2628 1566 2659 X
1569 2629 1590 2658 1
1594 2628 1623 2658 1.
1640 2628 1689 2659 ιο-

216 2682 309 2714 annis
322 2683 423 2715 XXII.
438 2691 472 2715 n.
490 2687 540 2716 3ο.
558 2684 590 2715 et
606 2685 778 2724 Fugnanus
795 2683 829 2715 in
842 2692 912 2724 cap.
929 2685 965 2715 Si
981 2682 1128 2716 clericus
1140 2692 1172 2715 n.
1191 2688 1240 2715 58.
1259 2685 1309 2715 De
1320 2681 1404 2722 soro
1420 2681 1619 2722 competent.
1633 2682 1692 2713 Ast

220 2743 406 2777 perperam;
424 2744 500 2768 nam
526 2735 567 2768 de
588 2735 651 2767 alia
676 2736 809 2768 omnino
838 2745 871 2768 re
899 2735 1061 2768 dissemnt
1086 2735 1244 2768 eiusmodi
1271 2736 1435 2773 auctores,
1457 2733 1514 2765 sed
1542 2732 1582 2765 de
1609 2741 1686 2765 casu

218 2787 251 2819 in
269 2796 334 2829 quo
350 2789 511 2829 parochus
535 2788 639 2829 reipse
658 2788 701 2820 sit
721 2788 854 2829 absens,
879 2797 939 2821 nec
965 2789 1056 2821 tutus
1086 2790 1193 2830 pateat
1212 2788 1251 2820 ad
1276 2795 1352 2819 cum
1379 2786 1502 2826 aditus,
1521 2786 1559 2817 ut
1580 2784 1690 2818 videre

217 2841 266 2873 est
294 2841 380 2883 apud
406 2843 494 2876 card.
516 2844 610 2876 Petra
624 2843 656 2875 et
670 2844 856 2884 Fagnanum
870 2843 931 2876 loc.
952 2842 1022 2875 citt.

314 2895 347 2930 11
1550 2896 1594 2929 16
