1980 3260
289 245 380 290 244
612 256 691 287 ms.
721 254 765 287 11.
796 254 908 286 sscr.
938 255 967 285 1.
991 252 1043 284 ns
1070 252 1236 284 rorssr.
1268 251 1432 285 secans.

287 337 491 383 discussa
526 348 705 397 prorsus
741 346 1018 378 evanescere.
1049 328 1233 376 Constat
1265 328 1489 392 siquidem
1522 345 1757 393 quaecum-

286 426 372 474 que
406 407 686 472 proferuntur
715 405 772 453 ab
805 405 962 452 horum
999 403 1381 450 matrimoniorum
1411 402 1656 452 fautoribus
1680 417 1757 453 aut

286 484 418 531 meris
453 482 582 529 inniti
618 480 883 529 coniecturis
908 518 918 536 ,
958 489 1032 526 aut
1068 478 1195 525 falsis
1229 478 1558 543 hypothesibus
1587 517 1598 536 ‚
1641 497 1773 544 quae.

286 558 406 606 nullo
441 557 616 620 negotio
644 556 946 603 disiiciuntur.

379 633 458 680 Ast
491 631 609 678 idem
638 648 694 677 ne
727 629 958 677 ferendum
995 641 1062 677 est
1095 629 1311 677 iudicium
1348 629 1405 676 de
1441 631 1716 693 argumentis
1738 668 1750 688 ,

285 725 397 773 quae
420 725 447 754 a
470 706 713 754 contrariae
743 705 988 753 sententiae
1022 705 1240 768 theologis
1264 715 1309 752 et
1330 705 1575 753 canonistis
1599 722 1758 769 urgen-

284 794 355 831 tur
377 783 434 830 ad
461 781 682 830 eiusmodi
707 781 1013 844 coniugiorum
1040 781 1235 829 valorem
1269 780 1662 845 impugnandum?
1682 781 1754 828 Nil

283 859 446 906 minus.
476 858 650 905 Etenim
679 874 816 922 quum
846 857 957 904 haec
988 857 1233 904 innitantur
1261 857 1503 905 universim
1537 867 1632 904 tum
1666 856 1754 921 legi

283 936 371 1000 ipsi
407 952 433 982 a
467 933 654 982 concilio
694 933 933 981 tridentino
975 933 1172 980 sancitae
1192 971 1203 990 ‚
1240 950 1330 998 qua
1363 932 1754 982 indiscriminatim

283 1011 407 1059 nulla
441 1028 494 1059 ac
528 1011 652 1058 irrita
686 1011 798 1058 fiunt
830 1009 1052 1058 connubia
1078 1010 1227 1058 omnia
1245 1047 1255 1066 ‚
1283 1026 1399 1074 quae
1421 1010 1543 1057 iuxta
1567 1010 1753 1058 sormam

283 1105 310 1135 a
326 1105 376 1136 se
391 1088 700 1143 constitutam,
721 1086 798 1133 ubi
818 1086 950 1133 fuerit
976 1086 1193 1133 sancitum
1211 1085 1436 1132 decretum
1461 1085 1542 1133 rite
1565 1085 1758 1150 promul-

282 1175 459 1227 gatum;
483 1174 575 1210 tum
594 1162 837 1209 innumeris
857 1178 993 1227 prope
1010 1161 1255 1208 innitantur
1278 1161 1410 1208 trium
1434 1161 1755 1209 continentium

282 1239 532 1288 seculorum
576 1238 947 1286 declarationibus
978 1275 987 1294 ,
1039 1237 1269 1301 responsis
1313 1253 1367 1284 ac
1412 1236 1756 1286 resolutionibus

283 1332 394 1362 rom.
426 1314 685 1378 pontificum
718 1324 762 1360 et
792 1330 884 1360 sac.
907 1312 1295 1375 congregationum
1315 1349 1325 1369 ,
1352 1312 1525 1377 quoties
1553 1311 1758 1377 quaestio

282 1390 472 1437 excitata
496 1400 591 1446 est,
621 1400 697 1436 aut
719 1388 905 1435 dubium
929 1388 1232 1453 propositum;
1271 1399 1363 1435 tum
1400 1387 1526 1454 praxi
1562 1388 1756 1437 innitan-

282 1477 350 1513 tur
370 1465 589 1512 constanti
609 1463 825 1511 ecclesiae
844 1474 887 1511 et
904 1463 1175 1528 apostolicae
1198 1463 1321 1512 sedis
1352 1464 1606 1512 facultatem
1631 1482 1755 1530 prae-

280 1541 429 1589 bentis
455 1540 580 1588 hisce
596 1540 642 1586 in
661 1539 841 1587 casibus
866 1540 980 1604 parti
1006 1557 1246 1588 conversae
1271 1541 1533 1589 transeundi
1558 1540 1616 1589 ad
1640 1558 1754 1590 nova

278 1627 407 1674 vota⁷
446 1627 522 1664 aut
556 1615 737 1681 quando
770 1615 901 1664 ambo
935 1617 996 1663 ita
1031 1615 1138 1664 dicti
1170 1617 1382 1681 coniuges
1416 1617 1474 1665 ad
1509 1617 1754 1666 catholicae

281 1692 494 1741 ecclesiae
531 1692 745 1739 unitatem
780 1709 830 1739 se
864 1692 1082 1757 recipiunt
1110 1730 1120 1749 ,
1158 1692 1473 1757 praecipientis
1514 1693 1770 1741 renovatio--

281 1786 382 1816 nem
418 1785 664 1816 consensus
702 1768 824 1814 iuxta
855 1767 1040 1815 formam
1087 1767 1395 1825 tridentinam;
1423 1779 1500 1816 aut
1532 1769 1572 1816 si
1607 1785 1754 1817 rerum

281 1844 487 1891 adiuncta
527 1843 574 1890 id
616 1860 703 1891 non
749 1843 1004 1908 patiuntur,
1049 1843 1269 1890 eiusmodi
1309 1844 1516 1908 coniugia
1553 1844 1755 1893 sanantis

280 1920 327 1964 in
366 1918 538 1973 radice,
579 1928 654 1965 aut
688 1917 978 1983 relinquentis
1012 1935 1088 1966 eos
1119 1919 1165 1965 in
1199 1918 1317 1966 bona
1352 1918 1467 1976 fide,
1505 1929 1555 1966 ut
1587 1920 1746 1978 aiunt,

282 2005 326 2041 et
356 1994 681 2043 dissimulantis
721 1997 839 2058 (67),
877 1994 1168 2052 concludunt,
1211 1995 1299 2043 nisi
1333 1995 1597 2044 documenta
1642 1996 1754 2044 haec

281 2070 430 2118 omnia
463 2082 768 2134 expungantur
799 2087 852 2118 ac
884 2071 1169 2119 destruantur
1196 2089 1287 2119 una
1321 2089 1421 2119 cum
1453 2072 1552 2137 lege
1585 2072 1755 2120 triden-

280 2146 399 2203 tina,
427 2156 471 2192 et
497 2146 707 2194 ecclesiae
742 2148 895 2212 praxi,
934 2163 1117 2195 necesse
1150 2147 1492 2196 ineluctabiliter
1523 2149 1582 2196 sit
1611 2160 1661 2196 ut
1689 2149 1753 2196 in·
1802 2195 1805 2197 .

280 2222 445 2270 seratur
477 2222 598 2269 nulla
631 2240 682 2270 ac
712 2224 833 2271 irrita
858 2241 959 2272 esse
993 2241 1175 2289 prorsus
1208 2224 1427 2272 eiusmodi
1458 2225 1553 2273 sive
1587 2226 1746 2283 mixta,

281 2298 376 2346 sive
409 2297 729 2345 haereticorum
765 2299 876 2346 inter
909 2317 958 2347 se
993 2300 1102 2348 inita
1137 2300 1360 2364 coniugia.

377 2374 520 2421 Huius
554 2373 764 2422 illationis
795 2375 1122 2424 ineluctabilem
1148 2377 1238 2426 vim
1267 2377 1593 2442 perpendentes
1627 2377 1749 2425 haud

280 2451 410 2514 pauci
448 2449 665 2513 theologi,
700 2450 775 2514 qui
813 2450 964 2499 leviter
998 2453 1154 2510 nimis,
1193 2453 1344 2518 specie
1376 2453 1494 2517 capti
1529 2454 1746 2502 rationum

376 2587 442 2628 (67)
460 2589 529 2620 Hac
554 2587 677 2620 ratione
700 2587 796 2619 facile
822 2588 1000 2628 explicatur
1025 2590 1113 2630 quod
1140 2591 1263 2623 dictum
1281 2590 1331 2623 est
1347 2590 1388 2622 de
1408 2588 1524 2621 incolis
1549 2588 1750 2621 Palatimtus

280 2640 486 2681 neoburgici‚
509 2640 567 2682 qui
589 2649 665 2673 cum
685 2640 727 2672 ad
752 2641 906 2673 unitatem
931 2642 1124 2675 catholicam
1155 2643 1325 2683 redierint,
1353 2641 1394 2674 ad
1418 2640 1604 2673 renovanda
1618 2641 1748 2682 propria

279 2691 430 2732 coniugia
456 2691 588 2724 minime
609 2692 769 2734 compulsi
795 2692 931 2732 suerint,
954 2695 1104 2733 quamvis
1119 2694 1151 2726 in
1164 2693 1404 2735 provincianis
1420 2692 1587 2725 decretum
1600 2691 1747 2725 tridenti·

278 2753 357 2776 num
376 2744 472 2776 fuerit
486 2744 695 2786 publicatum.
710 2746 791 2776 Nam
804 2746 860 2776 aut
876 2753 930 2776 cos
948 2746 1123 2785 apostolica
1137 2745 1229 2778 sedes
1245 2745 1280 2778 in
1296 2745 1380 2777 bona
1400 2744 1464 2777 fide
1483 2743 1615 2784 reliquit
1629 2752 1667 2776 ac
1682 2743 1745 2776 dis·

278 2797 459 2837 simulavit,
474 2799 529 2830 aut
544 2807 599 2831 eos
614 2797 654 2831 ab
669 2798 826 2831 servanda
843 2798 903 2830 hac
919 2798 985 2837 lege
995 2798 1204 2840 dispensavit,
1220 2798 1364 2832 sanando
1380 2797 1539 2831 eiusmodi
1552 2797 1747 2838 coniugium

281 2848 407 2881 radice.
