1980 3260
405 244 461 287 82
706 253 784 283 Lm.
815 252 858 282 11.
887 251 997 282 secr.
1028 252 1055 281 1.
1086 250 1135 281 m:
1171 249 1332 280 roresr.
1364 249 1525 281 nectus.

404 334 634 385 affirmare,
663 329 734 375 his
759 328 882 375 falsis
910 326 1199 374 decretalibus
1220 326 1394 372 innixos
1414 325 1674 372 tridentinos
1693 337 1840 390 patres

403 423 587 454 canones
614 405 668 451 de
701 405 862 469 quibus
899 403 1067 466 agimus
1101 402 1295 448 edidisse
1334 402 1480 463 (103).
1515 401 1652 455 Quasi
1689 419 1845 466 nempe

403 485 445 527 1.
480 481 676 528 Ecclesia
716 480 903 544 potuerit
935 478 1203 540 dogmaticas
1247 477 1351 523 dare
1391 477 1696 534 definitiones,
1733 495 1847 542 quae

402 575 487 604 non
522 556 804 603 inniterentur
841 555 1014 601 divinae
1056 552 1306 600 revelationi
1335 572 1343 608 ;
1384 554 1427 598 2.
1459 561 1727 617 compertum
1761 570 1847 601 non

403 631 529 677 fuerit
552 630 665 694 apud
691 630 884 676 eruditos
908 629 974 676 vel
1001 639 1100 675 ante
1125 627 1266 691 ipsius
1291 626 1466 674 concilii
1491 627 1845 683 celebrationem,

403 705 519 751 illam
567 704 864 751 collectionem
905 704 1041 750 fuisse
1087 702 1413 766 supposititiam
1463 703 1630 764 (104);
1680 704 1724 748 3.
1762 719 1850 750 non

403 780 645 826 constiterit
677 779 806 842 longe
838 789 936 826 ante
970 795 1100 842 quam
1135 778 1210 824 illa
1242 777 1437 825 collectio
1463 777 1678 834 ederetur,
1712 777 1851 826 eccle-

403 855 513 902 siam
549 854 830 901 constituisse
859 853 1170 917 impedimenta
1206 853 1531 900 matrimonium
1564 853 1845 909 dirimentia;

406 932 447 975 4.
482 940 631 977 notum
667 947 754 977 non
789 930 846 983 sit
882 929 1000 993 apud
1034 929 1228 976 eruditos
1263 929 1360 975 illas
1395 929 1604 992 epistolas
1639 929 1751 975 nihil
1784 929 1853 976 in-

403 1023 589 1053 novasse
607 1005 721 1052 circa
745 1005 892 1061 fidem,
911 1005 1042 1051 immo
1060 1022 1201 1068 neque
1219 1005 1334 1051 circa
1352 1004 1647 1067 disciplinam,
1672 1004 1750 1052 sed
1769 1004 1853 1052 suh

404 1081 526 1128 falsis
550 1081 802 1145 epigraphis
826 1091 1013 1128 veterem
1029 1119 1038 1136 ,
1067 1091 1141 1127 aut
1165 1080 1317 1126 saltem
1348 1079 1425 1125 illa
1448 1089 1607 1136 aetate,
1635 1088 1729 1144 qua
1744 1097 1853 1129 rcon-

405 1156 513 1202 secta
540 1156 724 1213 ‚illarum
759 1155 956 1202 collectio
995 1166 1061 1202 est
1083 1193 1092 1210 ‚
1134 1165 1348 1219 receptam
1393 1153 1662 1217 praeseferre
1700 1156 1848 1216 (lomz

404 1242 451 1277 ut
484 1231 570 1277 alia
603 1231 823 1287 omittam,
851 1248 965 1295 quae
989 1230 1224 1277 absurdam
1260 1230 1419 1286 Nestii,
1450 1229 1724 1278 Tamburinii
1748 1229 1855 1287 alio-

405 1323 589 1369 rumque
611 1306 826 1352 eiusmodi
853 1315 1075 1352 auctorum
1105 1305 1387 1370 hypothesim
1417 1304 1668 1352 excludunt.
1696 1305 1853 1354 Verum

406 1379 532 1426 nohis
577 1368 650 1426 hic'
685 1381 793 1427 satis
827 1381 884 1426 sit
916 1380 1165 1427 ostendisse
1201 1381 1318 1445 quod
1363 1380 1675 1444 proposuimus
1719 1381 1775 1428 de
1806 1382 1850 1429 vi

404 1455 615 1502 formulae
639 1473 862 1519 eoepressae
883 1466 958 1502 aut
987 1457 1137 1504 tacitae
1155 1458 1401 1520 principum
1425 1457 1707 1503 consensionis
1738 1457 1854 1503 circa

405 1530 614 1578 ecclesiae
643 1541 920 1594 potestatem.

498 1722 584 1763 (103)
603 1724 664 1756 Th.
681 1725 780 1756 Nestii
798 1725 996 1765 pistoriensis
1011 1728 1060 1758 De
1074 1725 1315 1758 dirimentibus
1334 1727 1532 1757 matrimon.
1545 1724 1795 1766 impedimentis
1819 1723 1857 1756 la·-

405 1775 461 1806 ber
477 1775 677 1816 sinqulari's.
692 1777 823 1817 Neapoli
844 1780 930 1810 1786.
945 1786 1015 1818 cap.
1033 1779 1087 1809 IX.
1103 1786 1175 1817 pag.
1192 1780 1241 1809 77.
1258 1778 1363 1809 «Cum
1377 1778 1486 1810 tamen
1498 1777 1593 1816 illud,
1609 1776 1716 1817 inquit
1728 1776 1857 1817 (supre-

405 1835 494 1858 mum
523 1827 573 1859 ius
587 1827 599 1867 )
626 1835 664 1859 ex
688 1827 876 1860 adulterinis
900 1829 1036 1860 Evaristi
1053 1853 1063 1868 ,
1091 1829 1224 1860 Fabiani
1238 1853 1248 1869 ‚
1279 1837 1316 1860 ac
1340 1829 1466 1861 Callisti
1493 1828 1628 1861 decretis
1639 1851 1649 1867 ,
1670 1836 1753 1869 quae
1774 1830 1858 1873 tunc

408 1880 566 1919 temporis
581 1879 732 1920 (concilii
748 1880 930 1921 tridentini)
942 1889 1024 1913 vera
1033 1883 1234 1922 sinceraque
1248 1881 1467 1913 habebantur
1480 1880 1706 1921 profluxerit...
1722 1875 1858 1922 perspici

408 1930 569 1969 aptissime
581 1932 700 1971 potest,
712 1931 918 1963 tridentinam
932 1932 1021 1964 illam
1036 1932 1266 1972 definitionem,
1277 1933 1396 1973 quippe
1413 1941 1496 1974 quae
1512 1932 1741 1964 commentitiis
1758 1931 1859 1964 falsis-

407 1990 470 2021 que
489 1982 652 2023 principiis
670 1992 707 2015 ac
719 1984 934 2016 fundamentis
947 1985 1130 2016 continetur
1145 1986 1227 2017 etc.»

504 2034 589 2075 (104)
610 2037 714 2076 Longe
726 2038 798 2068 ante
813 2037 1057 2069 celebrationem
1072 2037 1201 2069 concilii
1215 2037 1292 2069 trid.
1306 2037 1457 2070 falsitatis
1470 2038 1698 2069 accusaverant
1710 2032 1861 2078 epistolas

412 2086 598 2118 isidorianas
618 2088 704 2119 card.
727 2091 889 2130 cusanus,
913 2092 1010 2121 Henr.
1034 2090 1286 2131 Kaltheisenius,
1303 2090 1391 2122 card.
1408 2090 1672 2131 Turrecreniata‚
1688 2091 1860 2130 Erasmus,

408 2139 454 2169 Io.
463 2138 577 2178 medo,
593 2140 707 2171 claud.
721 2142 932 2182 Espencaeus,
944 2142 1084 2174 Didacus
1097 2143 1306 2183 covaruvias,
1320 2144 1394 2174 Ant.
1409 2143 1559 2182 Contius,
1569 2143 1615 2174 Io.
1625 2141 1863 2178 carot-Bovius

410 2192 591 2222 ostunensis
604 2192 773 2233 episcopus
784 2218 793 2233 ‚
809 2194 927 2234 aliique
943 2195 1074 2235 passim.

504 2243 588 2283 (105)
610 2244 659 2275 Cf.
675 2246 756 2276 Petr.
775 2247 819 2276 De
832 2248 937 2278 Marca
953 2247 985 2278 in
1002 2246 1192 2279 Concordia
1203 2243 1330 2279 liam.
1341 2255 1370 2279 c.
1381 2252 1451 2280 5.n.
1467 2252 1492 2279 1.
1504 2247 1576 2279 Nat-
1586 2245 1858 2278 Alex.mss.xx1.

412 2294 443 2325 in
454 2303 516 2327 sec.
528 2297 554 2327 Ι.
566 2296 647 2328 Hist.
655 2297 746 2336 eccl„
756 2297 842 2330 viros
853 2306 915 2330 non
925 2301 1098 2340 suspectos.
1108 2299 1170 2332 Sed
1179 2300 1349 2341 praecipue
1358 2300 1546 2332 Ballerinios
1558 2298 1591 2331 in
1602 2298 1860 2340 op.s.1.eo'nisn.
