1980 3260
1548 233 1635 277 357

738 332 953 370 CAPUT
982 331 1055 368 11.

197 441 254 473 bn>
274 441 397 474 civim
427 441 654 474 POTESTATE
689 414 912 474 PnlNcn’Uu
947 441 1142 474 FIDELIUM
1168 441 1286 474 (ΗΒΕΑ
1311 440 1602 474 mrnmomuu

755 506 1049 538 cumsrlANuu.

731 613 1005 650 ARTlCULUS
1032 614 1061 650 1.

170 702 363 751 Principes
389 702 590 741 christiani
620 703 839 742 nullatenus
872 703 1015 742 habent
1044 705 1290 754 ortgtnariam
1317 708 1432 753 atque
1461 702 1628 742 exclusi-

259 777 349 805 vam
376 771 603 816 potestatem
634 767 890 806 constituendi
917 767 1191 817 impedimenta
1222 768 1510 806 Matrimonium
1532 767 1634 806 chri-

259 830 426 868 stianum
458 829 689 868 dirimentia.

234 933 365 981 Cum
399 951 544 982 sermo
578 934 637 981 sit
669 934 725 982 de
749 934 1053 999 principibus,
1084 944 1215 998 prout
1237 934 1472 982 christiani
1497 943 1629 991 sunt,

161 1020 294 1075 atque
326 1010 587 1058 christianis
621 1010 860 1075 imperant,
898 1020 948 1057 ut
970 1011 1026 1057 iis
1053 1011 1124 1058 ius
1148 1010 1346 1059 nativum
1378 1026 1650 1075 supremum*
1709 1045 1713 1051 .

160 1085 467 1150 independens
507 1096 640 1150 atque
678 1085 950 1133 exclusivum
992 1085 1293 1133 adstrueretur
1335 1085 1634 1133 constituendi

160 1162 498 1227 impedimenta,
536 1179 652 1226 quae
684 1161 808 1208 nulla
841 1161 1030 1225 reddant
1062 1178 1114 1208 ac
1150 1161 1273 1209 irrita
1296 1161 1496 1209 fidelium
1529 1179 1635 1209 con-

159 1238 321 1295 nubia,
358 1238 533 1285 ostendi
568 1238 614 1284 id
647 1238 827 1286 deberet
860 1247 935 1285 aut
968 1256 1021 1285 ex
1053 1238 1282 1302 Scriptura
1315 1249 1391 1285 aut
1420 1256 1474 1285 ex
1498 1237 1636 1286 tradi-

164 1315 284 1363 tione
317 1324 513 1379 patrum,
552 1325 629 1361 aut
662 1332 714 1361 ex
748 1314 994 1362 canonibus
1030 1314 1349 1371 conciliorum,
1388 1314 1466 1379 qui
1498 1332 1547 1362 se
1580 1314 1638 1362 ci-

157 1390 323 1438 vilibus
358 1390 415 1437 de
440 1391 720 1438 matrimonio
745 1390 921 1453 legibus
946 1400 1307 1454 attemperarent,
1336 1402 1412 1437 aut
1435 1408 1487 1437 ex
1524 1390 1636 1455 ipsis

157 1465 500 1514 connubialibus
526 1466 700 1530 legibus
716 1505 726 1523 ,
749 1484 864 1531 quae
881 1484 908 1513 a
925 1466 1182 1514 christianis
1202 1466 1482 1531 principibus
1502 1466 1636 1513 datae

159 1542 449 1607 perhibentur
473 1554 603 1606 prout
626 1560 708 1590 nos
733 1560 786 1589 ex
811 1543 909 1589 istis
935 1543 1130 1590 sontibus
1155 1543 1431 1590 ostendimus
1457 1542 1526 1590 ius
1547 1542 1640 1589 ori·

162 1619 383 1683 ginarium
408 1619 708 1667 constituendi
734 1619 1054 1683 impedimenta
1077 1619 1408 1666 matrimonium
1428 1619 1638 1666 dirimen-

162 1694 225 1741 tia
258 1693 474 1742 ecclesiae
508 1706 777 1759 competere,
817 1713 896 1742 seu
931 1695 1182 1742 convenire.
1224 1696 1357 1742 Porro
1380 1712 1433 1741 ex
1462 1693 1591 1741 nullo
1613 1711 1638 1741 e

160 1770 390 1818 recensitis
425 1770 646 1835 capitibus
682 1770 940 1818 huiusmodi
976 1771 1045 1817 ius
1080 1771 1252 1818 ostendi
1289 1781 1449 1835 potest.

258 1847 356 1893 Non
391 1863 444 1892 ex
476 1845 612 1893 verbo
635 1846 715 1892 Dei
751 1847 916 1911 scripto
951 1847 997 1892 in
1032 1864 1121 1910 quo
1155 1847 1211 1893 de
1246 1847 1341 1893 iure
1376 1847 1460 1894 hoc
1495 1846 1631 1900 altum

156 1933 225 1970 est
258 1922 483 1970 silentium
502 1961 511 1979 ‚
551 1923 639 1970 imo
672 1933 723 1969 ut
744 1922 964 1978 vidimus,
993 1923 1322 1987 aequivalenter
1352 1922 1627 1979 excluditur,

157 1999 265 2046 dum
300 2010 343 2047 et
376 1998 581 2046 Christus
616 2009 659 2046 et
691 1999 889 2064 Apostoli
925 1999 1094 2064 absque
1118 1999 1210 2046 ulla
1233 2017 1258 2046 a
1285 1999 1499 2047 saeculari
1525 2016 1631 2064 qua-

157 2076 226 2123 vis
260 2085 478 2140 potestate
512 2075 811 2139 dependentia
845 2075 915 2123 ius
951 2076 995 2122 in
1030 2075 1360 2123 matrimonium
1384 2074 1471 2123 sibi
1497 2074 1633 2122 tribu-

158 2162 284 2200 erunt
318 2162 450 2216 atque
485 2162 793 2199 exercuerunt.

254 2228 339 2275 Sed
374 2244 519 2292 neque
553 2245 606 2274 ex
641 2228 893 2275 traditione.
923 2229 957 2275 E
994 2228 1134 2275 tribus
1159 2227 1382 2292 prioribus
1406 2226 1622 2274 ecclesiae

156 2304 348 2361 seculis,
389 2321 477 2351 non
513 2314 580 2351 est
613 2304 732 2368 quod
768 2304 1033 2352 documenta
1066 2321 1356 2370 quaeramus,
1386 2320 1485 2350 cum
1518 2302 1628 2350 nulli

155 2391 305 2428 essent
327 2390 431 2427 tunc
456 2381 668 2444 temporis
693 2380 924 2427 christiani
951 2380 1200 2445 principes,
1225 2380 1389 2444 quibus
1414 2379 1483 2425 ius
1508 2376 1627 2424 istud

155 2458 285 2504 tribui
323 2468 488 2522 posset.
529 2457 766 2522 Reliquum
802 2458 936 2520 igitur
968 2468 1060 2514 est,
1111 2467 1160 2504 ut
1199 2457 1334 2503 huius
1378 2453 1627 2502 traditionis

154 2534 419 2582 documenta
453 2552 478 2580 a
513 2551 601 2581 sec.
633 2533 701 2580 IV.
742 2545 785 2581 et
818 2534 1028 2598 deinceps
1064 2533 1347 2597 colligantur,
1377 2531 1494 2577 unde
1522 2546 1628 2576 con-

157 2610 329 2658 ficiatur
362 2620 536 2674 patres,
578 2610 788 2667 concilia,
828 2622 872 2658 et
911 2610 1178 2658 christianos
1222 2608 1445 2674 principes
1490 2622 1628 2668 agno-

152 2686 272 2733 visse
298 2685 367 2732 ius
392 2686 689 2733 constituendi
727 2685 1042 2750 impedimenta
1076 2685 1367 2733 christianum
1402 2680 1629 2727 matrimo-

156 2763 277 2810 nium
323 2763 576 2810 dirimentia
611 2763 670 2810 ad
716 2763 890 2811 civilem
924 2773 1185 2829 potestatem
1226 2758 1488 2822 oliginarie,
1538 2757 1627 2805 imo

152 2839 284 2886 etiam
320 2839 543 2887 exclusive
578 2858 655 2904 por
691 2856 739 2888 sc
774 2840 1010 2905 pertinere,
1050 2839 1242 2886 adeo'ut
1285 2844 1479 2899 potestas
1527 2833 1626 2897 ipsa
