1980 3260
395 283 448 328 40
706 292 784 322 mn.
813 290 858 321 ιι.
889 288 999 320 secr.
1031 287 1059 318 1.
1088 286 1139 317 nn
1165 281 1328 316 rorssr.
1359 279 1523 314 seems:

388 375 593 436 gistratus
614 369 765 416 civiles
789 376 996 429 urgerent
1017 364 1125 426 legis
1150 361 1467 414 executionem,
1497 377 1549 405 ex
1573 359 1710 406 altera
1733 376 1839 408 vero

389 459 509 511 parte
542 443 738 508 episcopi
773 452 815 488 et
848 440 1057 505 parochi,
1097 438 1230 483 immo
1253 446 1297 482 et
1319 434 1573 497 religiosae,
1604 444 1652 480 ut
1684 435 1830 491 aiunt,

386 520 679 569 conscientiae
722 517 821 564 laici
865 516 1102 563 canonicas
1147 512 1398 559 sanctiones
1432 521 1719 574 opponerent.
1767 511 1839 558 Ob

386 599 665 660 frequentes,
704 610 817 657 quae
851 589 1138 652 insurgebant
1172 588 1455 634 difficultates
1481 587 1644 633 factum
1679 597 1768 643 est,
1789 597 1841 634 ut

385 673 609 736 politicum
638 669 830 731 regimen
853 667 1215 728 dispensationum
1237 663 1619 710 matrimonialium
1642 673 1838 727 systema

384 745 705 810 quinquaginta
739 759 952 789 annorum
989 741 1132 804 spatio
1168 740 1335 804 pluries
1376 740 1607 785 immutare
1639 749 1836 786 coactum

384 822 511 867 suerit
549 822 663 882 (21).
705 820 927 865 Postremo
959 817 1136 863 demum
1161 816 1394 880 piissimus
1417 815 1620 862 Austriae
1647 815 1853 879 imperaa‘

382 908 448 943 tor
482 896 742 943 Franciscus
779 893 995 957 Iosephus
1029 909 1202 939 omnem
1235 891 1320 938 hac
1357 891 1413 938 de
1451 909 1498 938 re
1530 891 1834 938 difficultatem

382 972 512 1035 plane
545 971 725 1018 sustulit
766 969 811 1015 in
845 968 1132 1016 conventione
1173 967 1290 1014 facta
1320 984 1420 1013 cum
1453 967 1696 1030 apostolica
1729 967 1837 1014 sede

379 1065 451 1093 an.
483 1049 621 1102 1855,
661 1055 998 1107 revocatumque
1031 1044 1113 1090 fuit
1146 1043 1473 1090 matrimonium
1507 1043 1564 1089 ad
1599 1044 1834 1090 canonicas

379 1122 627 1169 sanctiones
651 1138 741 1167 una
763 1137 863 1167 cum
888 1119 1036 1166 causis
1060 1118 1265 1165 omnibus
1290 1118 1345 1164 ad
1374 1118 1483 1164 illud
1509 1118 1828 1181 spectantibus,

378 1197 531 1261 sicque
566 1197 725 1243 factum
755 1205 823 1241 est
845 1205 893 1241 ut
915 1193 1151 1258 iosephina
1174 1193 1511 1240 matrimonialis
1535 1192 1755 1255 legislatio
1779 1192 1836 1240 de

377 1273 522 1320 medio
555 1273 731 1336 penitus
760 1270 982 1317 tolleretur
1019 1271 1133 1331 (22).
1164 1269 1213 1314 In
1239 1268 1390 1316 Galliis
1415 1269 1580 1333 pariter
1601 1307 1610 1324 ,
1639 1285 1727 1316 non
1757 1268 1833 1316 ob—

377 1359 520 1395 stante
566 1348 710 1410 legum
751 1346 902 1393 codice
935 1346 1029 1392 sive
1072 1344 1342 1408 reipublicae
1385 1345 1477 1391 sive
1515 1345 1829 1410 napoleonico,

376 1433 533 1485 agente
574 1422 691 1469 clero
735 1422 941 1468 universo
964 1459 973 1476 ,
1020 1420 1173 1467 fideles
1213 1420 1418 1483 coniugia
1457 1438 1539 1467 sua
1575 1418 1836 1468 contrahere

374 1507 695 1545 consueverunt
738 1497 793 1543 ad
839 1496 1151 1543 canonicarum
1194 1496 1469 1542 sanctionum
1511 1513 1743 1553 normam;
1789 1507 1835 1544 et

374 1574 523 1636 plures
548 1590 601 1619 ex
619 1572 674 1618 iis
693 1608 703 1627 ,
741 1571 817 1636 qui
837 1588 965 1618 secus
985 1588 1033 1618 se
1055 1570 1321 1633 gessissent,
1346 1570 1674 1618 defervescente
1689 1572 1834 1636 primo

374 1659 521 1705 aestu,
561 1666 587 1695 a
631 1665 739 1694 rom.
781 1647 979 1710 pontific.
1016 1648 1306 1700 sanationem,
1345 1664 1478 1710 quam
1516 1657 1699 1703 vocant,
1737 1647 1834 1694 ille-

372 1724 624 1786 gitimorum
661 1722 965 1785 coniugiorum
1007 1733 1153 1786 petere
1195 1721 1338 1768 enixis
1380 1722 1586 1785 precibus
1630 1739 1718 1769 non
1753 1723 1836 1770 ab-

374 1810 575 1846 nuerunt.

407 1883 410 1885 ’
467 1875 538 1921 Sic
572 1892 654 1922 nec
687 1892 883 1939 unquam
909 1875 1142 1922 defuerunt
1175 1874 1291 1922 docti
1321 1874 1527 1922 catholici
1557 1876 1795 1939 scriptores
1817 1914 1827 1929 ,

370 1950 446 2013 qui
471 1950 688 1997 vindicias
719 1961 943 1997 sumerent
970 1949 1247 2013 proculcatae
1275 1950 1476 2014 undique
1503 1949 1832 1998 ecclesiasticae

372 2026 614 2089 potestatis.
652 2026 822 2072 Etenim
854 2037 1026 2090 praeter
1060 2043 1135 2073 eos
1158 2063 1168 2082 ‚
1197 2043 1309 2090 quos
1342 2025 1474 2090 paulo
1508 2036 1609 2072 ante
1637 2043 1829 2073 comme-

457 2148 521 2189 (21)
545 2149 718 2181 Historiam
731 2150 1003 2190 dispensationum
1025 2150 1115 2181 iuxta
1137 2149 1242 2180 varias
1263 2150 1402 2190 epochas
1415 2150 1519 2181 texuit
1531 2149 1672 2182 Thomas
1686 2149 1830 2181 Dolliner

365 2202 399 2232 in
419 2210 472 2242 op.
495 2210 594 2241 germ.
623 2202 866 2242 compendium
892 2202 934 2234 de
964 2202 1178 2243 leytstattone
1203 2202 1455 2234 matrimoniali
1480 2203 1662 2234 austriaca
1686 2203 1726 2234 11.
1741 2210 1825 2243 pars.

368 2253 510 2285 Viennae
537 2255 625 2285 1814.
647 2262 720 2294 pag.
745 2256 846 2286 12-34.

455 2306 521 2344 (22)
544 2305 651 2337 Placet
665 2305 763 2337 verba
780 2306 849 2337 heic
863 2306 1040 2339 describere
1052 2317 1136 2348 quae
1149 2317 1294 2340 summus
1314 2308 1457 2348 pontifex
1478 2308 1555 2340 Pius
1573 2310 1627 2340 ΙΧ.
1643 2308 1777 2349 protulit
1792 2310 1825 2340 in

365 2357 559 2388 allocutione
573 2357 682 2389 habita
698 2357 729 2388 in
746 2357 934 2389 consistorio
949 2361 1070 2391 secreto
1087 2360 1139 2392 die
1155 2366 1183 2392 3.
1202 2360 1357 2392 Novemb.
1380 2365 1466 2393 1855.
1482 2369 1565 2402 quae
1580 2361 1644 2392 huc
1657 2362 1803 2401 spectant
1817 2374 1824 2392 t

366 2422 382 2436 κ
394 2411 462 2440 Iam
476 2417 555 2440 vero
565 2433 574 2447 ,
591 2408 717 2449 inquit,
735 2418 846 2441 omnes
860 2410 1093 2442 ecclesiasticae
1108 2420 1224 2444 causae
1235 2437 1244 2452 ,
1261 2413 1293 2444 et
1305 2412 1380 2444 illae
1395 2412 1601 2453 praesertim,
1616 2421 1699 2452 quae
1711 2407 1828 2453 fidem',

364 2462 583 2500 sacramenta,
605 2462 637 2493 et
656 2461 739 2492 sacri
762 2461 933 2493 ministerii
957 2462 1025 2494 iura
1048 2464 1240 2504 respiciunt,
1257 2467 1355 2506 atque
1376 2464 1416 2496 ad
1436 2464 1591 2496 ecclesiae
1614 2464 1720 2496 rorum
1734 2464 1827 2498 unice

361 2514 523 2553 spectant,
537 2513 578 2544 ab
601 2512 825 2545 ecclesiasticis
841 2513 1002 2546 iudicibus
1020 2517 1115 2547 erunt
1136 2517 1390 2557 cognoscendae;
1406 2516 1463 2557 qui
1484 2515 1526 2547 ad
1546 2524 1710 2548 sacrorum
1729 2525 1823 2549 eano—

363 2573 440 2596 num
463 2573 610 2596 normam
634 2567 665 2597 et
678 2565 806 2597 concilii
820 2566 988 2598 tridentini
1005 2570 1197 2609 praescripta
1219 2569 1259 2601 de
1282 2568 1574 2601 matrimonialibus
1598 2568 1695 2600 etiam
1716 2569 1824 2601 causis

364 2617 553 2648 sententiam
568 2617 685 2657 ferent,
705 2618 845 2650 remissis
857 2619 982 2650 tantum
996 2618 1037 2650 ad
1062 2620 1161 2652 laicos
1182 2622 1304 2654 iudices
1320 2621 1361 2653 iis
1374 2620 1487 2660 rebus,
1502 2630 1585 2661 quae
1604 2621 1716 2653 civiles
1730 2621 1822 2654 dum-

363 2670 453 2700 taxat
471 2669 670 2701 matrimonii
688 2669 821 2702 eft'ectus
837 2671 1008 2711 attingunt.
1024 2674 1128 2713 Atque
1147 2674 1187 2705 ab
1207 2674 1319 2706 eadem
1335 2673 1551 2706 ecclesiastica
1563 2674 1754 2706 auctoritate
1773 2674 1822 2705 iu·

363 2721 481 2753 dicium
502 2731 632 2762 quoque
652 2723 713 2754 erit
727 2723 950 2764 proferendum
977 2724 1016 2756 de
1037 2726 1234 2766 sponsalium
1255 2726 1440 2767 existentia,
1468 2726 1573 2766 deque
1589 2726 1756 2758 effectitnis
1779 2726 1821 2758 ad

361 2773 600 2805 matrimonium
622 2774 878 2815 impediendum,
902 2775 941 2808 iis
962 2779 1067 2808 tamen
1088 2778 1200 2810 sedulo
1221 2778 1376 2817 servatis,
1399 2787 1483 2818 quae
1503 2776 1590 2810 idem
1610 2777 1820 2811 tridentinum

360 2825 550 2865 concilium,
565 2828 598 2858 et
617 2827 811 2868 apostolicae
830 2828 932 2861 felicis
954 2830 1182 2863 recordationis
1205 2832 1253 2865 Pii
1273 2833 1328 2864 VI.
1350 2831 1526 2864 decessoris
1546 2832 1649 2863 nostri
1675 2832 1819 2872 litterae,

358 2886 498 2920 quarum
519 2878 665 2919 initium,
686 2881 868 2913 Auctorem
882 2880 969 2922 fidei
983 2905 993 2921 ,
1016 2882 1148 2922 provide
1167 2884 1388 2925 sapienterque
1408 2884 1618 2916 constituunt.
1631 2897 1646 2911 ι
