1980 3260
253 216 342 248 cii».
357 218 398 247 v.
414 217 465 247 ni:
485 216 599 248 sect.
617 216 707 247 ror.
723 216 765 248 IN
784 214 1171 248 caus.iiArn.Ac1N
1195 212 1335 246 sroNs.
1352 213 1444 245 Ani.
1464 214 1492 245 1.
1566 199 1651 244 191

189 294 500 341 consistorium
533 294 665 341 etiam
703 311 864 341 causae
898 292 1256 358 sponsaliorum,
1295 292 1335 340 si
1369 292 1437 340 vel
1472 292 1661 340 maxime

188 370 278 418 sint
301 371 356 418 de
389 371 563 427 suturo;
602 382 644 418 et
667 370 870 435 quamvis
895 369 1004 417 haec
1033 370 1246 416 rationem
1276 369 1540 416 sacramenti
1566 386 1654 416 non

188 446 382 494 habeant
407 447 462 494 de
486 448 580 494 iure
604 447 859 512 pontificio,
894 446 980 494 hoc
1004 446 1151 510 ipsum
1177 456 1321 493 tamen
1348 463 1424 492 eas
1460 463 1542 493 suo
1566 445 1661 493 foro

185 523 455 580 vindicavit,
495 534 537 571 et
571 523 627 570 ad
652 523 748 571 eius
785 523 1034 588 exemplum
1065 523 1215 587 praxis
1250 523 1656 587 protestantiumm

187 601 280 647 Imo
311 600 422 647 adeo
446 599 502 646 ad
527 599 839 646 consistorium
866 599 949 645 hae
973 616 1135 646 causae
1166 608 1392 663 spectant,
1431 608 1478 644 ut
1510 597 1662 662 nequi-

186 677 287 724 dem
311 677 596 739 magistratus
620 676 835 723 secularis
861 694 940 740 per
963 676 1142 723 modum
1167 675 1494 740 praeventionis
1524 675 1579 722 de
1603 675 1659 722 iis

187 769 453 816 cognoscere
476 761 610 814 queat
639 788 646 796 .
672 788 680 795 .
706 789 713 796 .
739 750 855 805 Quid
886 752 1063 815 quaeris
1082 751 1105 796 ⁶?
1140 752 1214 798 lus
1250 751 1511 799 canonicum
1548 752 1660 798 adeo

186 846 346 876 causas
370 826 720 874 matrimoniales
747 826 840 874 foro
864 827 1165 874 ecclesiastico
1189 827 1407 883 vindicat,
1430 838 1478 873 ut
1501 828 1660 892 nequi-

185 904 286 951 dem
321 903 568 950 incidenter
601 903 644 948 in
675 902 768 949 foro
804 903 995 950 seculari
1022 903 1197 949 tractari
1223 914 1414 967 queant,
1450 904 1586 950 veluti
1620 904 1659 951 si

186 978 524 1029 matrimonialis
549 979 752 1043 quaestio
776 996 855 1043 per
870 979 1058 1027 'modum
1084 979 1355 1043 exceptionis
1379 1017 1389 1036 ‚
1428 997 1454 1025 a
1479 997 1553 1027 reo
1578 997 1658 1044 op-

188 1065 391 1121 ponatur,
420 1066 462 1102 et
481 1054 584 1101 inde
603 1054 692 1102 litis
719 1054 978 1119 principalis
1004 1055 1173 1102 decisio
1198 1055 1404 1119 pendeat.
1429 1055 1500 1102 Sic
1525 1073 1661 1103 causa

187 1131 489 1180 successionis
514 1149 648 1196 saepe
671 1131 892 1196 dependet
914 1150 966 1179 ex
984 1131 1244 1197 quaestione
1268 1131 1565 1195 legitimorum
1583 1149 1658 1179 na-

190 1208 368 1266 talium,
408 1226 523 1273 quae
547 1226 700 1255 rursus
728 1208 773 1254 in
800 1226 957 1255 novam
982 1208 1167 1256 solvitur
1193 1208 1316 1255 litem
1333 1246 1342 1264 ,
1374 1219 1522 1255 utrum
1547 1208 1657 1272 legi-

190 1285 346 1333 timum
366 1288 479 1332 inter
506 1285 602 1332 eius
627 1295 832 1350 parentes
861 1285 932 1332 cui
957 1285 1256 1333 controversia
1274 1294 1414 1332 status
1439 1297 1653 1341 movetur,

186 1360 516 1408 matrimonium
550 1370 821 1408 contractum
855 1359 1016 1407 fuerit?
1050 1360 1238 1408 Proinde
1267 1361 1470 1425 quaestio
1495 1360 1659 1425 princi-

186 1436 304 1502 palis
340 1437 508 1484 tamdiu
543 1436 887 1501 suspendenda,
926 1437 1066 1485 donec
1099 1437 1155 1484 de
1188 1454 1326 1484 causa
1362 1437 1576 1484 natalium
1612 1437 1658 1483 in

187 1513 280 1562 foro
314 1513 617 1562 ecclesiastico
641 1514 772 1561 fuerit
805 1514 1029 1577 cognitum
1063 1515 1180 1576 (21).
1209 1533 1231 1558 »

282 1591 534 1638 Kemnitius
564 1590 745 1638 admisit
777 1590 958 1656 quidem
992 1590 1211 1638 eiusmodi
1236 1607 1395 1638 causas
1429 1590 1486 1637 ad
1522 1591 1660 1654 magi-

187 1675 373 1713 stratum
398 1665 628 1730 politicum
653 1667 896 1730 pertinere,
935 1666 1148 1714 ecclesiae
1182 1677 1328 1714 tamen
1354 1683 1454 1714 esse
1478 1676 1660 1714 conten-

186 1741 252 1789 dit
283 1741 340 1789 de
373 1741 553 1789 casibus
583 1743 880 1789 conscientiae
914 1743 1182 1807 respondere
1204 1781 1214 1799 ,
1253 1743 1330 1807 qui
1361 1743 1478 1790 circa
1511 1742 1658 1789 matri-

187 1817 384 1864 monium
409 1835 462 1864 ex
489 1817 624 1865 verbo
653 1818 732 1865 Dei
758 1818 951 1882 pendent
978 1819 1094 1881 (22).
1118 1818 1270 1866 Plures
1295 1818 1490 1883 denique
1513 1828 1660 1882 prote-

187 1904 356 1941 stantes
376 1894 523 1958 ipsum
541 1894 859 1942 catholicorum
879 1895 1229 1943 iuscanonicum
1249 1895 1514 1959 adoptarunt
1535 1895 1653 1957 (23),

186 1979 319 2034 atque
351 1970 408 2017 ad
443 1970 585 2018 forum
621 1970 969 2018 ecclesiasticum
1003 1988 1163 2019 causas
1207 1970 1553 2019 matrimoniales
1590 1986 1660 2016 re-

184 2056 412 2095 vocarunt.
435 2046 683 2096 Auctoritas
709 2047 857 2112 itaque
881 2047 1037 2095 saltem
1066 2048 1403 2112 protestantium
1423 2047 1479 2094 iis
1504 2046 1660 2110 regali-

188 2123 269 2171 stis
310 2123 534 2171 silentium
568 2125 795 2188 imponat,
835 2125 998 2190 quibus
1041 2125 1291 2173 traditionis
1330 2123 1572 2173 catholicae
1615 2134 1659 2170 et

188 2198 404 2247 ecclesiae
428 2216 514 2246 non
551 2200 714 2247 sufficit
748 2201 1004 2248 auctoritas.

276 2351 342 2393 (21)
363 2351 448 2383 lbid.
465 2350 516 2392 §§.
532 2355 584 2384 25.
603 2356 653 2384 26.
675 2355 724 2385 27.
743 2361 814 2394 pag.
830 2356 997 2386 997·1oot.
1012 2354 1132 2386 Eadem
1152 2354 1248 2387 habet
1261 2354 1479 2387 Bockelmann
1492 2355 1541 2386 De
1554 2351 1658 2392 disfe-

187 2406 309 2437 reneiis
335 2406 424 2437 iuris
451 2404 565 2437 civilis
589 2406 623 2437 et
647 2407 827 2445 canonici,
844 2405 901 2447 qui
921 2406 1058 2440 summis
1078 2406 1228 2440 laudibus
1249 2407 1300 2440 ius
1319 2407 1510 2440 canonicum
1531 2405 1656 2447 pontiti·

189 2457 276 2489 cium
302 2457 406 2490 effert.

277 2510 343 2552 (22)
364 2512 401 2543 ln
424 2516 454 2544 2.
472 2511 555 2552 part.
572 2513 739 2545 Examin.
768 2520 861 2545 conc.
889 2512 971 2546 trid.
991 2521 1064 2555 pag.
1081 2516 1153 2547 272.

278 2564 343 2605 (23)
365 2564 403 2596 Id
425 2564 546 2597 factum
569 2565 704 2606 legimus
725 2565 759 2597 in
783 2565 908 2599 ordine
931 2566 1092 2600 ecclesiae
1110 2569 1375 2600 Brunsvicensis
1390 2574 1442 2598 an.
1467 2569 1554 2597 1669.
1578 2564 1659 2596 Item

187 2616 221 2648 in
247 2617 495 2659 Requlamento
520 2617 764 2658 confessionali
791 2618 1066 2662 Brandeburgensi
1088 2629 1140 2654 an.
1159 2623 1250 2654 1573.
1270 2620 1336 2652 vol.
1355 2622 1380 2651 Ι.
1403 2627 1474 2660 pag.
1495 2621 1566 2649 658.

892 2765 956 2773 —-
