1980 3260
338 190 427 235 192
655 201 735 232 Lm.
763 199 809 232 11.
839 198 952 233 sacr.
982 201 1011 232 1.
1041 200 1093 232 m:
1120 197 1284 234 roresr.
1315 199 1480 235 uectus⁴

888 343 1163 381 ARTICULUS
1187 343 1236 379 ΙΙ.

537 467 736 519 Sponsalia
761 472 950 518 quatenus
979 467 1030 506 ad
1056 471 1339 506 sacramentum
1367 463 1606 506 Matrimonii

683 533 891 582 disponunt
917 531 1115 571 subiacent
1141 532 1216 571 iuri
1242 531 1449 570 Ecclesiae.

432 660 498 706 Ad
527 676 687 707 causas
720 658 1070 706 matrimoniales
1095 658 1227 706 etiam
1252 675 1415 705 causae
1438 658 1495 705 de
1522 658 1811 723 sponsalibus

340 737 530 786 revocari
553 736 711 785 solent.
734 736 943 801 Superest
961 735 1096 798 igitur
1112 745 1160 782 ut
1178 734 1391 783 nonnulla
1409 735 1676 783 adiiciamus
1693 736 1813 784 circa

339 814 492 861 eadem
522 813 776 878 sponsalia,
805 829 922 877 quae
949 812 1223 860 constituunt
1255 822 1427 876 partem
1463 812 1723 873 integralem
1758 829 1812 860 ac

337 890 712 956 praeparatoriam
735 890 1040 954 coniugiorum
1065 889 1409 936 christianorum
1440 888 1496 936 de
1529 889 1695 954 quibus
1720 889 1814 937 dis-

339 968 545 1015 serimus.
575 957 731 1014 Paucis
774 966 830 1013 ab
863 966 950 1013 hac
988 966 1173 1013 materia
1207 982 1288 1013 nos
1324 965 1665 1023 extricabimus⁷
1710 982 1811 1013 cum

341 1043 470 1091 nobis
496 1043 541 1090 in
566 1043 714 1090 animo
739 1059 828 1090 non
861 1043 920 1090 sit
944 1042 1153 1107 persequi
1187 1058 1301 1106 quae
1320 1040 1376 1088 ad
1404 1040 1652 1105 theologiae
1677 1059 1812 1107 quam

339 1119 551 1168 moralem
582 1129 743 1167 vocant
763 1156 773 1177 ‚
796 1129 872 1167 aut
895 1119 952 1166 ad
977 1119 1088 1165 iuris
1118 1116 1317 1166 canonici
1351 1117 1636 1182 quaestiones
1654 1117 1812 1182 practi-

339 1212 415 1244 cas
448 1195 709 1242 reseruntur.

434 1271 670 1336 Sponsalia
702 1272 879 1318 definiri
926 1280 1248 1319 consueverunt
1273 1287 1282 1316 z
1327 1269 1609 1334 «promissio
1656 1278 1814 1316 mutua

340 1358 383 1394 et
414 1347 659 1394 deliberata
692 1348 827 1394 futuri
860 1358 903 1394 et
934 1346 1175 1411 aliquando
1215 1346 1507 1394 contrahendi
1541 1346 1813 1394 matrimonii

338 1422 660 1470 sufficientibus
689 1422 838 1470 verbis
863 1433 940 1470 aut
958 1422 1100 1486 signis
1124 1422 1348 1470 declarata
1371 1422 1485 1470 inter
1507 1439 1724 1487 personas
1753 1421 1812 1469 ad

340 1498 689 1547 contrahendum
717 1498 813 1546 iure
843 1498 1017 1547 habiles
1035 1509 1080 1546 et
1101 1498 1302 1547 idoneas.
1330 1518 1354 1544 »
1380 1499 1418 1545 A
1434 1498 1616 1547 Nicolao
1636 1499 1671 1546 Ι.
1694 1515 1804 1546 rom.

339 1574 548 1640 pontifice
576 1574 783 1623 dicuntur
816 1574 1044 1640 sponsalia
1081 1595 1104 1621 «
1126 1575 1374 1624 futurarum
1413 1575 1670 1640 nuptiarum
1710 1591 1814 1640 pro-

344 1652 485 1699 missa
519 1651 699 1699 foedera
726 1653 842 1715 (24).
869 1672 892 1698 »

438 1728 557 1776 Haec
588 1745 693 1777 vero
720 1729 949 1794 sponsalia
978 1746 1066 1777 non
1102 1729 1290 1777 subesse
1320 1728 1536 1777 ecclesiae
1569 1724 1812 1794 potestati,

347 1806 425 1853 sed
448 1805 579 1853 unice
602 1807 807 1870 potestati
833 1806 954 1854 civili
981 1823 1034 1854 ac
1061 1806 1269 1871 politicae
1302 1806 1501 1872 synodus
1533 1805 1818 1872 pistoriensis

347 1881 612 1938 autumavit,
659 1882 787 1929 cuius
830 1882 1018 1946 proinde
1061 1883 1333 1947 propositio,
1373 1900 1489 1947 quae
1520 1892 1589 1929 est
1621 1881 1705 1930 sub
1739 1898 1823 1928 nu·

345 1974 474 2005 mero.
490 1958 634 2004 LVIII.
659 1976 685 2005 a
710 1959 786 2006 Pio
809 1958 880 2005 vl.
910 1959 956 2006 in
981 1959 1234 2023 dogmatica
1260 1958 1573 2006 constitutione
1594 1957 1818 2005 Auctorem

344 2031 448 2096 fidei
474 2050 661 2080 censura
687 2045 834 2082 notata
858 2045 950 2092 est,
980 2044 1112 2100 prout
1136 2034 1342 2099 superius
1371 2034 1566 2082 vidimus
1582 2066 1605 2091 ‚-
1620 2049 1702 2080 nec
1725 2050 1814 2081 non

343 2108 500 2156 iterum
526 2108 665 2157 fuisse
692 2110 986 2176 proscriptam
1013 2111 1060 2158 in
1084 2112 1394 2176 Nepomuceno
1412 2111 1556 2175 Nuytz
1582 2127 1611 2157 a
1636 2109 1713 2158 Pio
1736 2110 1812 2157 IX.

346 2183 652 2248 patefecimus.

439 2261 531 2308 Iam
563 2279 664 2309 vero
699 2262 794 2309 iure
833 2281 884 2311 ac
927 2264 1083 2312 merito
1124 2264 1378 2311 damnatam
1418 2262 1560 2311 fuisse
1598 2260 1823 2310 eiusmodi

349 2336 593 2384 doctrinam
628 2337 796 2385 nullius
822 2341 984 2403 negotii
1009 2350 1077 2389 est
1099 2340 1358 2397 ostendere,
1386 2340 1426 2387 si
1456 2338 1591 2404 paulo
1624 2339 1823 2387 animum

347 2413 630 2462 intendamus
663 2415 720 2462 ad
756 2416 1024 2480 principium
1058 2418 1178 2465 unde
1214 2418 1436 2473 dimanat,
1466 2417 1523 2463 ad
1548 2414 1611 2464 rei
1645 2433 1735 2481 qua
1765 2411 1823 2461 de

351 2490 496 2554 agitur
528 2501 731 2538 naturam
750 2530 760 2549 ,
789 2491 846 2539 ad
881 2503 1055 2557 patrum
1087 2493 1334 2542 doctrinam
1349 2531 1360 2551 ‚
1388 2492 1445 2541 ad
1473 2510 1606 2540 usum
1629 2490 1823 2555 denique

350 2576 396 2613 et
429 2567 600 2632 praxim
637 2567 852 2616 ecclesiae
884 2567 1134 2617 universae.

432 2713 499 2755 (24)
518 2715 557 2747 111
570 2723 655 2757 resp.
671 2715 715 2748 ad
730 2715 898 2749 consulta
911 2716 1151 2758 Bulqarorum
1162 2725 1234 2759 cap.
1254 2718 1314 2749 ΙΙΙ.
1329 2715 1386 2748 ubi
1399 2714 1528 2748 subdit:
1544 2714 1720 2755 «Quaeque
1744 2722 1819 2746 con-

337 2774 599 2852 Ιεειζῐιειιῐεοτυιιι,
625 2767 683 2809 qui
708 2768 788 2802 haec
809 2769 1027 2811 contrahunt,
1051 2771 1084 2803 et
1109 2779 1221 2804 eorum
1246 2769 1282 2802 in
1303 2776 1443 2810 quorum
1466 2767 1624 2809 potestate
1646 2767 1723 2800 sunt
1736 2791 1747 2808 ,
1775 2775 1824 2800 ce·

350 2828 368 2851 e
391 2827 447 2851 ran
464 2829 513 2852 ur.
539 2833 555 2847 n
