1980 3260
229 214 320 248 cir.
336 214 410 247 vn.
429 215 481 248 nn
496 215 621 249 mira.
637 214 766 249 mm.
778 214 862 250 cun
880 215 1016 250 rimu„
1034 215 1116 250 vm.
1129 215 1214 250 mr.
1226 216 1291 251 sn.
1312 217 1465 253 max.
1538 202 1631 252 337

164 293 379 343 habeatur
395 332 406 352 ,
454 295 674 359 patefacta
715 304 862 343 tamen
884 333 894 353 ,
940 293 1091 361 quoad
1127 295 1223 344 fieri
1264 296 1425 362 poterit
1443 333 1456 355 ‚
1500 296 1634 346 etiam

163 371 276 437 parti
301 370 470 418 infideli
494 371 656 436 prioris
679 371 947 419 matrimonii
975 371 1204 428 nullitate3
1230 373 1274 419 6.
1296 382 1346 420 ut
1371 372 1456 420 hac
1477 373 1634 422 eadem

159 447 246 495 sibi
266 446 439 495 indulta
457 447 665 495 facultate
683 447 966 497 missionario
985 458 1107 496 extra
1130 464 1239 497 suae
1261 448 1491 498 missionis
1517 449 1630 498 fines

158 524 223 572 uti
257 524 441 571 minime
474 516 619 571 liceat.

257 601 302 647 3.
331 599 378 646 Si
410 616 513 647 vero
546 599 827 647 matrimonia
861 600 1163 650 contrahenda
1197 601 1314 659 sint,
1356 600 1634 666 distinguen-

157 676 265 724 dum
287 685 357 723 est
379 691 484 721 num
512 674 891 740 dispensationem
926 678 1110 742 praefati
1144 677 1452 742 impedimenti
1482 687 1635 743 petant

155 751 234 816 qui
269 750 410 798 adulti
443 760 571 808 sunt,
599 760 642 798 et
664 751 710 797 in
738 751 822 799 hoc
846 770 956 800 casu
985 753 1298 800 missionarius
1322 770 1372 800 se
1393 771 1444 801 se
1466 754 1635 802 confor-

155 837 246 875 met
278 826 458 875 omnino
491 826 615 874 iuxta
646 826 984 876 instructionem
1018 845 1171 877 sacrae
1198 829 1553 892 congregationis
1577 830 1634 878 de

155 902 446 970 propaganda
477 900 581 950 fide.
618 902 666 948 Si
698 918 804 950 vero
832 903 1210 968 dispensationem
1243 914 1394 969 petant
1425 914 1633 969 parentes

155 997 237 1045 pro
269 979 377 1027 filiis
406 978 477 1026 vel
511 977 688 1026 filiabus
715 977 1023 1044 impuberibus
1046 989 1096 1026 ut
1116 996 1216 1027 eam
1240 979 1503 1044 dispensent
1526 980 1634 1029 filiis

154 1054 403 1102 infidelium
427 1054 549 1101 iuxta
570 1070 738 1102 morem
758 1053 951 1117 regionis
967 1092 978 1112 ,
1006 1053 1229 1103 abstineat
1251 1055 1433 1103 omnino
1455 1055 1635 1105 missio-

157 1131 310 1179 narius
334 1148 361 1178 a
383 1129 668 1178 concedenda
690 1129 1052 1194 dispensatione;
1084 1140 1175 1178 tum
1212 1130 1357 1178 solum
1391 1130 1513 1179 illam
1546 1131 1635 1180 lar-

155 1207 328 1271 giatur‚
366 1223 468 1254 cum
502 1206 633 1254 ambo
666 1206 822 1271 sponsi
856 1206 914 1253 ad
948 1223 1089 1255 annos
1134 1206 1379 1272 pubertatis
1423 1224 1635 1272 pervene-

156 1283 265 1341 rint,
287 1292 331 1331 et
346 1293 549 1330 mutuum
583 1299 849 1330 consensum
883 1282 1209 1347 praestiterint,
1238 1282 1426 1331 servatis
1457 1300 1634 1349 semper

155 1358 488 1406 conditionibus
511 1358 558 1403 in
582 1358 807 1422 praesenti
841 1357 1129 1405 instructione
1153 1371 1307 1406 sacrae
1328 1360 1632 1423 congregatioa

154 1434 225 1482 nis
256 1435 312 1482 de
346 1434 636 1499 propaganda
671 1433 760 1481 fide
792 1434 1059 1482 contentis.»

250 1510 481 1558 Praeterea
506 1510 580 1557 die
605 1511 681 1556 30.
711 1510 888 1557 Ianuar.
911 1511 1055 1557 1807.
1077 1527 1206 1558 sacra
1222 1511 1502 1575 congregatio
1527 1528 1630 1578 pro—

154 1588 387 1653 pagandae
430 1586 535 1634 fidei
572 1586 629 1634 ad
663 1586 849 1634 dubium
897 1586 1098 1651 episcopi
1132 1586 1442 1636 antidonensis
1474 1588 1630 1636 vicarii

154 1663 387 1728 apostolici
420 1663 559 1710 Xensi
592 1673 636 1710 et
666 1662 839 1710 Xansi:
867 1682 889 1707 (ι
912 1662 979 1709 An
1009 1672 1175 1727 queant
1208 1662 1461 1727 dispensari
1496 1680 1632 1728 super

151 1740 407 1788 diversitate
431 1739 575 1786 cultus
603 1738 810 1785 mulieres
834 1737 936 1785 illae
959 1737 1228 1785 christianae
1251 1738 1308 1785 ab
1328 1738 1512 1804 antiquo
1530 1756 1634 1803 gen-

153 1815 333 1874 tilibus,
372 1815 543 1880 absque
575 1814 757 1880 praevia
788 1814 1122 1879 dispensatione
1157 1814 1366 1873 traditae,
1405 1815 1571 1880 quibus
1605 1833 1632 1864 a

153 1892 325 1940 maritis
357 1892 540 1940 libertas
576 1891 758 1957 quidem
790 1890 1047 1938 conceditur
1069 1906 1118 1938 se
1136 1907 1186 1938 se
1202 1891 1249 1937 in
1268 1907 1395 1939 sacra
1417 1891 1632 1956 religione

153 1969 385 2017 exercendi
405 2007 414 2027 ‚
444 1969 523 2016 sed
547 1985 636 2016 non
660 1978 728 2015 est
757 1962 803 2013 in
827 1976 921 2014 tuto
950 1966 1096 2031 posita
1119 1966 1267 2031 proles
1285 2005 1295 2024 ‚
1328 1977 1405 2016 aut
1429 1978 1533 2016 nata
1556 1978 1632 2018 aut

154 2047 381 2095 nascitura
399 2084 409 2104 ‚
445 2055 494 2093 ut
527 2045 672 2110 possit
703 2043 948 2110 baptizari,
986 2053 1030 2091 et
1063 2043 1108 2090 in
1143 2043 1386 2101 christiano
1411 2044 1498 2092 ritu
1522 2045 1631 2093 edu-

152 2122 276 2180 cari,
313 2122 383 2171 vel
417 2122 567 2186 potius
602 2120 823 2169 eiusmodi
857 2119 1008 2185 praxis
1044 2129 1146 2183 agat
1178 2129 1330 2168 contra
1363 2120 1539 2184 regulas
1572 2121 1630 2169 ab

154 2199 240 2247 ista
283 2198 622 2261 congregatione
666 2213 747 2261 pro
791 2214 878 2244 usu
922 2195 1085 2243 similis
1131 2196 1478 2261 dispensationis
1528 2215 1630 2246 cum

154 2292 193 2322 s.
216 2274 386 2322 Thoma
408 2271 573 2321 datas?
594 2291 616 2317 »
638 2271 772 2337 Resp.
802 2291 824 2315 «
840 2271 1119 2336 Sequendam
1142 2287 1242 2320 esse
1264 2272 1599 2321 instructionem
1615 2311 1625 2329 ‚

154 2367 271 2415 quae
296 2350 342 2396 in
368 2367 475 2398 casu
504 2349 698 2414 perfecte
730 2347 941 2395 uniformi
973 2347 1252 2397 matrimonia
1285 2347 1374 2401 iam
1407 2359 1629 2397 contracta

146 2426 418 2492 respiciente
449 2425 615 2474 vicario
650 2424 893 2490 apostolico
915 2424 1140 2473 Sutchuen
1175 2425 1316 2474 missa
1348 2425 1433 2474 fuit
1465 2442 1518 2473 ex
1550 2425 1629 2473 de-

154 2512 274 2551 creto
303 2502 440 2550 feriae
471 2501 521 2549 V.
545 2502 619 2550 die
639 2502 716 2549 12.
738 2501 833 2548 Ian.
857 2500 1032 2548 1769.»

250 2579 332 2626 Die
366 2595 469 2626 vero
505 2579 582 2625 13.
616 2578 733 2643 Sept.
775 2577 916 2624 1760.
950 2576 1116 2625 Eadem
1153 2577 1431 2641 congregatio
1466 2591 1627 2640 propa-

155 2655 330 2719 gandae
364 2655 467 2703 fidei
503 2654 549 2701 in
584 2672 666 2702 sua
699 2653 887 2719 epistola
920 2654 975 2701 ad
1013 2653 1068 2701 D.
1104 2654 1245 2702 Sallas
1277 2652 1489 2701 vicarium
1522 2668 1628 2716 apo-

156 2732 360 2780 stolicum
394 2731 562 2780 Fukien
598 2732 644 2778 in
678 2731 798 2779 Sinis
834 2730 1012 2779 scribit:
1050 2751 1073 2777 «
1100 2731 1287 2796 Sapiens
1321 2728 1480 2792 agendi
1515 2727 1626 2775 ratio

156 2825 246 2872 qua
279 2808 531 2858 Dominatio
555 2819 630 2858 tua
653 2809 792 2858 utitur
814 2808 859 2855 in
883 2808 1180 2858 concedendis
1216 2803 1626 2871 dispensationibus

239 2902 272 2937 Π
1497 2901 1541 2934 22
