1980 3260
353 239 443 284 154
646 248 727 279 Lm.
756 246 802 277 ιι.
833 245 946 277 sncr.
977 244 1006 276 1.
1036 243 1089 281 nn
1124 243 1291 277 rornsr.
1322 246 1486 280 necrus.

448 324 562 373 Illud
595 342 733 372 unum
769 324 933 372 adnoto
962 322 1124 368 Iulium
1155 322 1213 367 ΙΙ.
1243 331 1326 371 n'ec
1354 324 1550 387 primum
1575 345 1656 376 nec
1683 329 1830 383 solum

349 404 491 451 fuisse
525 400 602 465 qui
642 399 864 448 eiusmodi
906 397 1221 445 relaxationem
1263 398 1540 447 concederet.
1576 402 1830 452 vIam‘enim

349 478 564 526 Martinus
581 477 630 522 V.
644 476 822 524 veniam
842 475 1003 522 fecerat
1022 472 1178 520 Ioanni
1202 473 1355 521 comiti
1375 474 1626 524 fuxensi'ut
1649 496 1830 529 uxorem

348 555 510 602 ducere
544 563 697 617 posset
730 552 938 599 Blancam
974 550 1172 598 relictam
1208 550 1387 608 fratris,
1428 551 1567 599 filiam
1592 553 1831 605 Caralim-

350 633 419 696 gis
462 632 682 678 Navarrae
722 631 872 691 (138).
912 627 1082 675 Deinde
1120 645 1225 675 vero
1267 645 1551 677 successores
1596 631 1832 695 pontifices

349 708 530 756 easdem
565 707 924 771 dispensationes
955 705 1196 753 concedere
1220 717 1549 755 consueverunt
1572 707 1707 755 etiam
1731 720 1834 774 post

349 783 588 832 concilium
612 783 903 830 tridentinum
926 783 1076 845 (139).
1097 781 1254 838 Quoad
1274 793 1443 830 ceteros
1469 783 1637 846 gradus
1662 783 1833 849 disqui-

350 861 513 909 sitione
538 859 662 907 nulla
687 877 799 925 opus
830 868 925 916 est;
958 876 1060 907 nam
1087 876 1241 906 omnes
1277 858 1515 907 admittunt
1541 877 1595 906 ex
1617 859 1714 908 solo
1737 860 1834 908 iure

351 936 656 985 ecclesiastico
678 936 806 983 irrita
825 935 920 983 fieri
940 934 1149 998 coniugia
1172 934 1229 982 ob
1254 934 1540 993 affinitatem,
1569 954 1657 984 non
1682 946 1832 984 autem

351 1031 406 1060 ex
433 1023 617 1060 naturae
641 1013 756 1069 iure,
785 1029 837 1059 ac
861 1021 1095 1076 propterea
1119 1028 1230 1058 rom.
1255 1011 1510 1074 pontificem
1541 1012 1588 1059 in
1621 1012 1832 1061 omnibus

351 1106 487 1154 posse
522 1089 838 1136 relaxationem
871 1087 1128 1136 concedere.
1158 1087 1222 1134 Eo
1247 1097 1393 1134 tamen
1418 1087 1585 1144 maior,
1613 1089 1833 1152 sive-gra-

352 1166 450 1214 vior
484 1184 620 1214 causa
655 1166 922 1231 requiritur,
968 1182 1056 1230 quo
1091 1163 1256 1227 gradus
1296 1173 1365 1211 est
1402 1163 1699 1228 propinquior
1726 1201 1737 1221 ‚
1778 1182 1833 1212 ac

352 1244 534 1292 omnino
557 1243 777 1291 eiusmodi
797 1242 855 1290 sit
872 1251 1055 1308 oportet,
1078 1250 1127 1288 ut
1143 1240 1325 1288 maioris
1346 1250 1577 1289 censeatur
1599 1240 1829 1305 ponderis,

351 1337 487 1384 quam
521 1319 624 1367 talis
657 1319 855 1382 coniugii
881 1317 1109 1382 turpitudo
1139 1318 1288 1380 (140).
1313 1318 1502 1383 Insuper
1525 1335 1576 1366 eo
1600 1317 1743 1366 maior
1765 1334 1835 1365 re-

354 1396 548 1460 quiritur
565 1406 609 1443 et
626 1395 818 1458 exigitur
850 1394 1041 1451 cautela,
1064 1394 1183 1459 quod
1211 1394 1338 1458 ipsae
1372 1393 1494 1457 leges
1528 1394 1685 1442 civiles
1721 1394 1836 1441 inter

351 1472 669 1536 impedimenta
692 1471 841 1519 civilia
865 1471 1097 1523 affinitatis
1122 1471 1287 1534 gradus
1317 1471 1432 1518 inter
1461 1469 1755 1521 ascendentes
1780 1488 1832 1519 ac

351 1548 672 1598 descendentes
707 1548 1016 1602 constituerint
1040 1549 1188 1610 (141).
1213 1549 1308 1595 Non
1338 1556 1486 1596 autem
1520 1547 1607 1596 hoc
1640 1547 1834 1595 dicimus

350 1625 483 1690 quasi
527 1642 711 1672 erronea
751 1624 1068 1676 nonnullorum
1107 1625 1311 1674 doctrina
1345 1643 1371 1671 a
1404 1624 1533 1672 nobis
1577 1624 1798 1689 probetur
1818 1662 1828 1681 ‚

351 1702 472 1788 quod
511 1702 594 1749 «si
631 1711 788 1765 agatur
822 1702 878 1749 de
912 1701 1244 1767 impedimentis
1279 1701 1487 1750 civilibus
1523 1701 1658 1750 simul
1687 1711 1732 1749 et
1759 1717 1833 1749 ca-

352 1778 553 1835 nonicis‚
581 1796 634 1825 ex
659 1778 722 1828 rei
748 1789 906 1828 natura
931 1796 1019 1827 non
1039 1778 1243 1826 sufficiat
1276 1778 1556 1843 dispensatio
1584 1777 1829 1834 ecclesiae,

452 1908 537 1950 (138)
557 1910 627 1941 Hoc
651 1908 787 1941 fortasse
807 1908 949 1949 primum
965 1909 1031 1948 est,
1047 1907 1088 1940 de
1102 1917 1168 1948 quo
1184 1908 1322 1948 constet,
1337 1885 1523 1948 exemplum
1539 1897 1812 1948 dispensationis
1803 1892 1837 1939 in

355 1960 461 2002 primo
471 1961 571 2002 gradu
587 1961 691 1994 lineae
700 1962 902 1994 transversae
913 1961 981 1994 sive
993 1960 1201 2000 collateralis,
1211 1960 1252 1993 de
1266 1969 1331 2001 qua
1345 1956 1610 2001 cstRaynalduiu'
1618 1955 1661 1992 'ad
1674 1969 1727 1992 an.
1743 1953 1834 1994 rixis.

353 2015 399 2046 n‘.'
418 2018 467 2047 35.
490 2015 595 2047 Natal.
618 2015 708 2047 Alex.
730 2017 823 2048 Hist.
842 2015 926 2048 eccl.
948 2015 1012 2047 sec.
1035 2016 1105 2056 XV.
1123 2015 1156 2046 et
1175 2016 1262 2048 XVI.
1279 2014 1314 2046 in
1329 2013 1567 2046 Martinum-V.
1584 2010 1836 2053 'thomassinum

352 2067 434 2099 tom.
446 2068 488 2098 ΙΙ.
500 2067 555 2099 lib.
568 2069 624 2099 ΙΙΙ.
640 2077 711 2109 cap.
730 2071 780 2101 37.
795 2077 829 2100 n.
845 2073 892 2101 10.
906 2067 1041 2108 Pagium
1057 2068 1090 2099 in
1106 2068 1174 2100 vita
1185 2066 1317 2100 Martini
1334 2069 1373 2099 V.
1387 2075 1419 2099 n.
1429 2071 1479 2099 88.
1496 2066 1561 2107 Qui
1574 2075 1689 2098 omnes
1701 2065 1837 2107 quidem

352 2121 513 2152 testantur
526 2121 700 2153 Mai-tinum
709 2123 749 2153 V.
758 2122 887 2154 nonnisi
898 2123 972 2162 post
981 2121 1110 2162 longam
1120 2120 1372 2162 disputationem
1382 2119 1597 2153 celebriorum
1609 2119 1836 2160 theologorum

353 2182 394 2206 ex
419 2173 569 2206 omnibus
593 2183 671 2215 pene
693 2176 879 2209 nationibus
901 2175 1054 2208 catholici
1074 2170 1189 2215 orbis,
1208 2173 1492 2215 dispensationem
1488 2173 1584 2206 hanc
1605 2172 1734 2206 dedisse
1748 2172 1836 2206 etad

353 2234 465 2267 preces
476 2227 664 2268 praesulum
677 2227 710 2259 et
724 2228 937 2267 cardinalium
952 2227 1009 2269 qui
1023 2199 1241 2267 convener'ant
1255 2226 1296 2259 ad
1311 2225 1488 2259 concilium
1509 2226 1758 2263 constantiense
1797 2255 1820 2282 ,

453 2278 538 2319 (139)
561 2280 628 2310 Hos
652 2281 794 2311 recenset
813 2281 982 2321 Rigantius
1002 2289 1055 2321 op.
1073 2280 1182 2312 etloc.
1198 2280 1255 2312 cit.
1274 2289 1307 2312 n.
1325 2283 1363 2312 33
1389 2286 1485 2320 seqq.
1496 2279 1573 2311 etn.
1587 2281 1638 2312 45.
1654 2277 1738 2311 Sane
1753 2265 1835 2311 P'au-

352 2332 407 2365 lus
428 2333 469 2363 V..
483 2331 618 2364 alteram
644 2331 799 2372 indulsit;
818 2333 970 2366 Urbanus
994 2335 1086 2366 V.lll
1100 2332 1273 2373 tredecim
1297 2332 1505 2364 Innocentius
1527 2334 1569 2365 x
1585 2331 1684 2373 dnas;
1702 2331 1837 2364 Alexan-

355 2384 413 2416 ‹ler
429 2385 499 2416 Vll.
517 2385 608 2424 octo;
626 2384 775 2416 Clemens
791 2386 845 2416 lx.
861 2385 960 2426 duas;
978 2387 1128 2418 Clemens
1143 2389 1183 2418 X.
1199 2386 1272 2419 octo
1283 2397 1293 2426 ;
1309 2382 1518 2418 Innoceufius
1545 2386 1618 2418 ΧΠ.
1641 2384 1754 2433 duas5'
1768 2384 1836 2434 §le-

354 2445 446 2469 mens
463 2438 520 2468 XI.
537 2437 693 2477 quamplu
701 2437 814 2477 rimas;
835 2438 868 2469 et
884 2437 931 2469 ita
945 2447 1051 2478 porro.

451 2489 537 2530 (140)
559 2489 633 2521 Rite
656 2489 886 2521 animadvertit
898 2490 1066 2531 Rigantius
1081 2492 1261 2524 cavendum
1280 2500 1299 2523 a
1316 2490 1422 2532 primo
1443 2491 1612 2532 exemplo,
1629 2499 1703 2523 nam
1718 2489 1836 2522 «Rima

356 2543 453 2584 iacta,
468 2542 548 2574 haec
562 2541 656 2574 facile
671 2542 845 2584 dilatatur,
867 2543 1063 2584 tandemque
1080 2546 1195 2578 crescit
1218 2545 1252 2577 in
1275 2544 1397 2586 grande
1417 2543 1582 2584 foramen,
1596 2543 1676 2575 etin
1689 2543 1835 2583 apertam

357 2596 502 2635 portam,
524 2593 601 2626 hinc
614 2595 647 2627 et
659 2603 864 2627 successores
882 2595 1050 2637 pontifices
1067 2597 1109 2628 ad
1128 2597 1252 2630 similes
1275 2595 1530 2638 dispensationes
1553 2593 1769 2638 indulgendas
1795 2603 1833 2627 ex

354 2648 449 2689 longe
461 2639 640 2680 levioribus
654 2648 760 2680 causis
774 2650 1030 2689 processerunt.»

454 2700 541 2742 (141)
563 2702 601 2732 In
625 2701 790 2733 nonnullis
817 2701 1001 2743 regionibus
1024 2704 1210 2745 coniugium
1236 2703 1319 2736 inter
1339 2702 1595 2744 consanguineos
1617 2702 1651 2734 et
1671 2701 1784 2734 affines
1803 2700 1837 2734 in

357 2753 462 2794 primo
478 2753 580 2794 gradu
599 2752 659 2785 sub
678 2747 794 2795 capitis
812 2762 916 2795 poena
937 2753 1146 2788 interdictum
1162 2755 1242 2796 fuit,
1261 2763 1426 2798 quamque
1439 2755 1477 2787 ut
1489 2754 1669 2796 effugerent
1679 2753 1712 2786 et
1725 2753 1837 2786 coniu-

351 2805 444 2846 ,gium
472 2806 721 2839 cohonestarent
740 2806 888 2839 nonnulli
909 2806 949 2839 ab
968 2808 1146 2849 apostolica
1172 2808 1249 2842 sede
1279 2807 1552 2849 dispensationem
1579 2805 1765 2849 petierunt,
1790 2805 1841 2839 ast

354 2866 535 2900 numquam
554 2859 734 2892 obtinuere.
