1980 3260
340 236 431 283 282
670 248 750 279 Lm.
780 246 827 278 11.
856 246 970 278 sacr.
992 246 1022 277 1.
1045 246 1098 277 ni:
1123 245 1288 277 rorsssr.
1313 245 1478 278 nectus.

335 327 405 376 vir
438 336 481 373 et
513 323 671 372 mulier
704 324 750 370 in
786 323 883 371 loco
918 339 1027 371 suae
1058 322 1348 370 habitationis
1383 322 1556 388 absque
1587 327 1734 377 animo
1761 328 1809 376 il.

335 403 424 450 lam
457 399 737 465 relinquendi
770 399 1074 457 discedentes,
1112 410 1157 447 et
1188 399 1244 446 ad
1281 398 1426 447 locum
1460 399 1644 449 alterius
1677 394 1805 468 paro-

336 478 463 526 chiae
486 476 580 525 solo
603 477 753 524 animo
778 476 870 523 illic
893 476 1222 524 matrimonium
1247 475 1525 533 celebrandi,
1549 494 1639 524 non
1662 490 1807 530 auoem

332 554 610 602 domicilium
653 553 946 601 contrahendi
981 570 1031 600 se
1066 552 1408 611 transferentes,
1447 553 1511 600 ibi
1544 564 1694 603 coram
1734 573 1812 621 po.-

335 630 471 679 rocho
500 629 620 677 illius
645 629 729 677 loci
753 629 867 677 inter
898 647 948 677 se
977 639 1304 677 contraxerunt.
1334 630 1620 695 Supplicatur
1643 640 1815 697 persa-

333 716 455 755 cram
479 706 865 770 congregationem
889 705 1107 754 declarari
1125 724 1183 754 an
1202 706 1462 756 huiusmodi
1480 708 1814 774 matrimonium

333 784 393 832 sit
427 783 599 831 nullum
630 783 702 832 vel
736 783 961 832 validum:
998 784 1072 831 die
1112 785 1189 831 22.
1225 784 1351 833 Febr.
1383 787 1525 833 16313.
1554 786 1690 835 Sacra
1724 797 1809 835 etc.

333 860 579 910 secundum
593 878 663 919 ea,
680 878 798 926 quae
816 872 1123 927 proponuntur
1139 862 1314 911 censuit
1322 879 1427 911 esse
1440 863 1612 910 nullum
1625 864 1755 926 (184)
1766 901 1776 910 .
1786 882 1810 910 n

430 939 555 986 Nunc
587 937 678 985 alia
711 937 914 1002 quaestio
948 955 997 986 se
1030 955 1080 986 se
1114 938 1244 986 offert
1278 938 1335 986 de
1370 939 1811 1003 eorumconiugii's,

331 1014 412 1081 qui
451 1014 721 1063 contrahunt
755 1014 870 1062 inter
904 1013 1110 1063 infideles
1133 1053 1144 1071 ,
1182 1014 1254 1063 vel
1287 1015 1404 1062 inter
1435 1015 1683 1064 haereticos
1723 1015 1815 1064 illis

332 1091 380 1138 in
413 1090 524 1140 locis
558 1090 637 1139 ubi
669 1091 960 1139 tridentinum
999 1091 1328 1157 promulgatum
1367 1101 1437 1139 est
1476 1091 1660 1156 quidem
1682 1129 1701 1149 ,
1733 1092 1816 1140 sed

334 1173 470 1215 nemo'
508 1167 727 1232 reperitur
769 1166 865 1215 sive
908 1166 1132 1232 parochus
1167 1166 1264 1214 sive
1295 1165 1505 1214 sacerdos
1543 1182 1694 1215 coram
1725 1174 1816 1232 quo

337 1243 495 1292 fideles
515 1248 794 1292 'consensum
819 1243 1075 1308 praebeant.
1099 1244 1234 1291 Porro
1267 1242 1544 1307 exploratum
1567 1254 1636 1291 est
1653 1243 1815 1292 fideles

336 1320 451 1368 inter
474 1319 677 1367 infideles
701 1329 1025 1367 commorantes
1050 1318 1127 1365 ubi
1151 1318 1443 1367 tridentinum
1466 1319 1693 1368 decretum
1717 1338 1817 1385 pro·

336 1395 583 1459 mulgatum
616 1412 704 1443 non
735 1394 842 1451 fuit,
882 1411 1015 1459 posse
1051 1411 1138 1442 non
1174 1394 1319 1443 solum
1353 1394 1502 1443 valide
1522 1432 1533 1452 ,
1579 1395 1659 1443 sed
1700 1396 1816 1454 licite

332 1470 450 1518 inter
484 1488 533 1518 se
566 1471 823 1534 coniugium
858 1470 972 1519 inire
1004 1487 1152 1519 coram
1193 1471 1370 1520 duobus
1405 1481 1482 1519 aut
1514 1471 1656 1521 tribus
1692 1472 1816 1521 testi-

331 1546 445 1605 bus',
485 1547 662 1595 etiamsi
703 1546 853 1596 nullus
890 1547 950 1595 sit
984 1564 1198 1611 praesens
1241 1547 1467 1596 sacerdos.
1511 1547 1640 1604 Quod
1680 1565 1816 1615 saepe

329 1624 549 1688 contingit
580 1625 628 1671 in
668 1624 857 1689 imperio
891 1624 1087 1681 sinensi,
1127 1625 1173 1671 in
1210 1625 1350 1674 Indiis
1380 1635 1425 1673 et
1457 1625 1582 1673 alibi.
1613 1625 1815 1690 ldipsum

332 1701 570 1748 dicendum
604 1701 643 1749 si
679 1701 826 1750 facilis
859 1719 949 1749 non
982 1701 1040 1750 sit
1079 1701 1135 1748 ad
1170 1701 1444 1749 sacerdotem
1481 1701 1816 1750 missionarium

332 1795 569 1836 accessus,
597 1778 706 1844 quia
740 1789 845 1826 tunc
878 1778 1061 1826 moralis
1086 1778 1372 1843 impotentia,
1403 1796 1547 1843 eaque
1578 1778 1728 1842 gravis
1751 1778 1817 1827 in'-

339 1854 555 1902 tervenire
583 1865 816 1912 censetur,
854 1854 939 1902 sub
973 1872 1064 1919 qua
1095 1854 1285 1903 ecclesia
1317 1855 1516 1917 obligare
1549 1872 1637 1903 non
1672 1855 1818 1904 inten-

335 1930 426 1986 dit,
456 1941 586 1995 prout
624 1941 777 1995 aperte
805 1930 1028 1979 indicatur
1059 1931 1105 1978 in
1134 1931 1363 1980 nonnullis
1390 1947 1482 1979 sac.
1507 1948 1715 1996 congreg.
1745 1948 1817 1981 re-

337 2007 679 2070 sponsionibus,
718 2025 832 2073 quas
868 2007 1054 2056 inferius
1088 2007 1414 2056 exhibebimus.

434 2082 563 2138 Quod
595 2100 698 2132 vero
735 2094 907 2149 spectat
929 2084 987 2132 ad
1012 2083 1114 2132 illos
1130 2122 1140 2142 ‚
1173 2084 1251 2149 qui
1275 2083 1323 2130 in
1346 2082 1604 2146 regionibus
1634 2099 1817 2132 versan-

334 2169 406 2207 tur
439 2158 496 2206 ab
529 2159 764 2209 haereticis
806 2161 1037 2226 occupatis
1060 2199 1070 2218 ‚
1109 2160 1155 2208 in
1189 2159 1355 2226 quibus
1395 2170 1544 2207 tamen
1589 2159 1816 2213 decretum

334 2233 622 2282 tridentinum
654 2247 732 2284 aut
766 2237 1042 2302 publicatum
1066 2248 1144 2285 aut
1167 2237 1212 2284 in
1236 2254 1324 2284 usu
1347 2245 1436 2294 est,
1466 2235 1548 2285 sed
1570 2251 1660 2284 non
1689 2252 1818 2300 repe·-

336 2310 446 2358 ritur
478 2309 685 2358 sacerdos
719 2328 867 2360 coram
902 2331 992 2379 quo
1024 2312 1203 2361 valeant
1234 2329 1365 2360 suum
1400 2310 1596 2377 proferre
1628 2327 1818 2366 consen-

335 2402 435 2433 sum
458 2424 469 2443 ,
510 2396 615 2434 tunc
649 2396 692 2433 et
727 2387 824 2435 istis
861 2389 971 2436 satis
1012 2389 1096 2437 erit
1135 2388 1391 2451 coniugium
1427 2404 1559 2434 suum
1593 2386 1817 2434 celebrare

333 2479 481 2510 coram
506 2462 682 2510 duobus
701 2473 777 2510 aut
794 2464 935 2512 tribus
956 2466 1160 2513 testibus.
1176 2465 1249 2514 Sic
1266 2464 1385 2513 enim
1409 2463 1565 2511 scribit
1587 2462 1810 2511 Maschat:

337 2559 359 2584 «
381 2539 555 2587 Fideles
579 2550 901 2588 commorantes
925 2559 968 2588 v.
985 2559 1028 2605 g.
1045 2542 1092 2588 in
1110 2541 1350 2591 Hollandia
1372 2550 1416 2588 et
1439 2539 1541 2587 aliis
1571 2538 1814 2604 provinciis

331 2616 682 2674 confoederatis,
715 2616 792 2663 ubi
828 2617 1117 2665 tridentinum
1154 2618 1428 2683 publicatum
1451 2625 1547 2673 est,
1576 2615 1615 2663 si
1641 2613 1815 2662 nullum

334 2692 499 2741 habere
533 2703 724 2758 possunt
757 2693 1032 2742 sacerdotem
1067 2695 1336 2744 catholicum
1365 2731 1375 2751 ,
1417 2691 1628 2740 videntur
1665 2690 1816 2739 valide

335 2785 484 2817 coram
517 2769 693 2818 duobus
715 2769 785 2817 vel
813 2769 955 2817 tribus
986 2770 1175 2820 testibus
1210 2768 1471 2819 contrahere
1506 2767 1811 2825 matrimonia;

433 2870 521 2913 (184)
542 2870 638 2917 Apud
657 2869 775 2903 Bened.
790 2871 875 2903 x1v.
887 2869 952 2903 loc.
964 2870 1020 2904 cit.
