1980 3260
398 272 487 303 mr.
518 270 546 302 1.
577 270 674 302 cun.
705 269 799 301 mm
835 268 999 301 rorzsr.
1033 269 1196 302 nectes.
1230 270 1321 302 Aur.
1352 270 1396 302 11.
1579 256 1634 301 19

168 348 251 397 tali
288 349 410 397 iuxta
445 350 802 415 supputationem
837 347 1128 402 canonicam,
1169 364 1303 411 quam
1335 348 1484 413 'aliqui
1529 350 1643 396 effu-

170 426 340 474 tiebant
372 426 552 474 vetitam
587 422 708 471 haud
742 439 843 470 esse
878 423 924 468 in
959 423 1179 479 Levitico,
1210 441 1264 471 eo
1293 425 1412 489 quod
1441 424 1646 489 ageretur

165 503 225 550 de
248 503 455 564 coniugio
481 499 676 547 ineundo
701 515 803 546 cum¹
827 516 977 546 sorore
1006 499 1158 545 uxoris
1187 494 1444 558 defunctae,
1473 511 1550 549 eos
1576 519 1644 549 re-

166 578 347 642 darguit
371 575 553 622 innixus
583 573 896 622 consuetudini
924 573 1164 631 ecclesiae,
1187 583 1226 621 et
1242 577 1446 638 antiquae
1464 569 1649 639 patrum-

170 649 397 702 tradt'tioni
417 661 546 716 atque
568 652 744 698 statutis
768 660 1015 697 sanctorum
1046 651 1253 698 virorum.
1287 652 1360 699 Sic
1384 652 1503 699 enim
1532 654 1645 700 scri-

168 727 270 777 bit:
312 747 335 772 α
364 727 560 774 Primum
596 726 718 791 quod
752 726 798 772 in
833 727 1051 773 eiusmodi
1091 727 1223 775 rebus
1256 729 1499 775 maximum
1538 739 1639 784 est,

167 800 326 852 morem
362 812 555 850 nostrum
588 802 769 848 obiicere
804 819 1078 866 possumus,
1117 814 1166 850 ut
1198 804 1287 850 vim
1323 805 1437 867 legis
1474 795 1644 852 haben-

170 889 281 937 tem,
315 895 368 927 eo
391 879 512 944 quod
547 877 675 926 nobis
705 895 733 924 a
762 879 872 924 viris
905 880 1067 925 sanctis
1104 878 1289 925 traditae
1322 889 1422 925 sunt
1448 882 1640 944 requlaa.

173 957 267 1004 Mos
299 966 448 1003 autem
485 955 562 1002 ille
590 966 659 1002 est
691 954 938 1012 eiusmodi,
966 965 1015 1001 ut
1039 955 1076 1001 si
1101 955 1204 1019 quis
1239 956 1509 1020 impuritatis
1539 958 1646 1004 vitio

171 1032 417 1098 aliquando
439 1032 584 1079 victus
609 1032 655 1078 in
680 1031 882 1078 illicitam
917 1031 1106 1078 duarum
1142 1043 1344 1079 sororum
1378 1033 1647 1080 coniunctio-

168 1125 270 1156 nem
304 1108 533 1165 inciderit,
566 1124 710 1172 neque
734 1107 779 1153 id
804 1108 1133 1155 matrimonium
1164 1107 1462 1166 existimetur,
1502 1126 1646 1174 neque

166 1184 348 1232 omnino
384 1185 430 1231 in
465 1184 680 1232 ecclesiae
715 1194 887 1231 coetum
921 1183 1205 1241 admittatur,
1244 1185 1506 1249 priusquam
1542 1203 1568 1232 a
1598 1202 1647 1232 se

172 1260 362 1308 invicem
385 1259 667 1306 dirimantur.
692 1259 839 1315 Quare
863 1259 1039 1307 etiamsi
1070 1259 1182 1305 nihil
1210 1260 1330 1306 aliud
1358 1260 1447 1306 dici
1474 1272 1640 1325 posset,

167 1335 279 1383 satis
303 1346 424 1382 esset
446 1335 547 1400 ipsa
570 1334 842 1383 consuetudo
867 1334 923 1381 ad
946 1334 1050 1382 boni
1074 1334 1323 1383 custodiam
1351 1338 1502 1398 (13).»
1526 1336 1647 1383 Haec

164 1411 458 1468 consuetudo,
481 1411 591 1459 haec
610 1411 784 1475 regula,
816 1429 912 1458 mos
938 1411 1011 1458 hic
1039 1412 1128 1459 vim
1157 1411 1268 1474 legis
1293 1412 1500 1460 obtinens
1525 1430 1647 1477 repe-

168 1487 273 1535 titur
294 1505 321 1535 a
345 1505 383 1535 s.
407 1487 573 1536 Basilio
596 1506 648 1535 ex
683 1489 868 1553 antiqua
898 1489 1159 1544 traditione,
1188 1506 1268 1536 seu
1294 1489 1350 1535 ab
1374 1499 1516 1536 aetate
1541 1489 1640 1545 illa,

169 1563 215 1609 in
245 1580 335 1628 qua
367 1563 516 1611 adhuc
549 1563 740 1611 ecclesia
769 1564 854 1611 sub
889 1564 1167 1629 principibus
1204 1564 1392 1612 ethnicis
1428 1565 1641 1628 degebat,

168 1638 367 1704 alioquin
403 1656 557 1687 recens
592 1640 750 1688 fuisset
785 1640 986 1688 eiusdem
1016 1641 1235 1689 institutio
1262 1658 1314 1689 ac
1340 1641 1526 1706 proinde
1561 1660 1647 1689 me-

168 1715 325 1764 moria.
374 1715 467 1782 Hac
500 1716 556 1764 de
589 1734 726 1765 causa
749 1718 1062 1765 documentum
1094 1718 1213 1765 istud
1247 1717 1479 1765 retulimus
1512 1717 1646 1765 veluti

168 1802 376 1856 spectans
394 1793 451 1840 ad
469 1793 703 1858 epocham,
720 1811 836 1858 quae
858 1794 1101 1859 praecessit
1125 1794 1374 1859 principum
1395 1794 1646 1841 conversio-

170 1884 286 1916 nem.
308 1870 444 1918 Porro
468 1870 514 1916 in
536 1887 589 1918 eo
607 1888 663 1918 ne
679 1870 862 1918 verbum
880 1870 1062 1935 quidem
1087 1871 1143 1917 de
1171 1871 1423 1935 principum
1447 1869 1639 1933 legibus.

264 1945 399 1993 Aliud
433 1946 569 1994 huius
603 1947 666 1995 rei
701 1946 1014 1994 documentum
1058 1947 1186 1995 nobis
1233 1946 1412 1994 exhibet
1445 1963 1526 2011 pro
1569 1946 1645 1993 illa

168 2031 314 2070 aetate
355 2023 594 2070 concilium
640 2023 959 2071 illiberitanum
983 2062 992 2080 ‚
1037 2023 1155 2088 quod
1192 2022 1322 2087 longe
1354 2022 1645 2071 verisimilius

166 2116 241 2146 an.
263 2099 417 2147 GCCV.
442 2100 711 2148 celebratum
746 2111 841 2157 est,
870 2118 948 2148 seu
975 2100 1228 2164 vigentibus
1262 2099 1409 2147 adhuc
1443 2116 1645 2164 persecu-

170 2175 367 2224 tionibus
407 2179 525 2239 (14).
557 2178 651 2226 Hoc
681 2178 799 2225 enim
834 2177 1071 2225 concilium
1107 2193 1205 2223 can.
1238 2177 1344 2222 LXI.
1379 2176 1640 2224 constituit:

172 2253 255 2299 «2Si
279 2252 383 2317 quis
414 2263 516 2317 post
550 2254 719 2301 obitum
755 2254 907 2300 uxoris
941 2270 1049 2300 suae
1083 2269 1278 2300 sororem
1306 2252 1404 2300 eius
1439 2246 1640 2307 duXerit,

169 2338 213 2376 et
235 2329 338 2393 ipsa
368 2328 501 2376 fuerit
535 2328 703 2387 fidelis,
742 2329 1096 2394 quinquennium
1131 2328 1299 2394 placuit
1331 2329 1643 2376 communione

169 2402 393 2452 abstinere
416 2405 567 2467 (15).»
591 2405 646 2451 Et
669 2405 715 2451 in
738 2422 837 2452 can.
861 2405 1000 2451 LXVI.
1025 2405 1225 2452 severius
1244 2404 1393 2451 adhuc
1411 2403 1468 2451 ab
1485 2402 1643 2450 eodem

169 2479 358 2529 concilio
395 2482 557 2529 vetitae
591 2482 767 2530 suerunt
799 2483 981 2547 nuptiae
1016 2482 1130 2528 inter
1164 2481 1455 2529 ascendentes
1491 2490 1534 2527 et
1566 2480 1644 2526 de-

170 2557 434 2606 scendentes
470 2559 516 2605 in
551 2559 694 2624 primo
741 2559 971 2607 affinitatis
1001 2559 1154 2623 -gradu
1184 2598 1193 2616 ‚
1244 2557 1467 2623 siquidem
1516 2556 1638 2610 illis,

170 2634 248 2698 qui
290 2643 367 2683 eas
402 2645 717 2692 attentassent,
763 2627 978 2685 ecclesiae
1014 2636 1266 2684 communio
1302 2629 1347 2681 in
1382 2643 1641 2699 perpetuum

268 2783 334 2824 (13)
356 2783 457 2825 Epist.
475 2785 567 2816 eLx.
590 2784 630 2816 ad
647 2783 826 2815 Diodorum
839 2792 871 2815 n.
887 2789 916 2816 2.
932 2784 983 2815 ed.
997 2785 1101 2815 Maur.
1119 2784 1198 2815 tom.
1220 2783 1273 2814 111.
1291 2791 1362 2823 pag.
1378 2785 1449 2814 249.

271 2837 337 2877 (14)
355 2837 405 2869 cf.
419 2836 508 2869 card.
525 2839 573 2869 De
587 2837 721 2878 Aguirre
735 2836 865 2868 concil.
884 2838 1027 2878 Hispan.
1044 2838 1123 2868 tom.
1142 2838 1182 2868 ll.
1199 2835 1275 2867 dtss.
1294 2837 1320 2867 1.
1335 2845 1367 2867 n.
1390 2840 1436 2867 ts.

267 2891 334 2929 (15)
357 2890 442 2922 Acta
465 2899 558 2923 conc.
576 2889 734 2922 llarduin.
753 2891 832 2921 tom.
850 2890 874 2921 1.
891 2888 952 2921 col.
970 2894 1041 2921 256.
