1980 3260
365 210 454 257 1⁰⁶
681 222 762 254 m.
791 219 838 253 n.
865 219 980 253 secr.
1007 219 1040 252 1.
1068 218 1120 251 ns
1144 217 1310 251 rorrsr.
1339 220 1506 254 eccm.

460 304 509 349 In
542 299 892 347 institutionibus
927 297 1186 360 theologicis
1226 297 1358 344 editis
1392 298 1519 346 iussu
1553 301 1615 347 10.
1653 300 1825 350 Claudii

362 380 427 426 De
449 379 491 425 la
514 379 662 441 Poype
685 375 741 422 de
762 375 958 423 Vertrieu
983 374 1182 439 episcopi
1206 374 1492 438 pictaviensis
1517 375 1678 439 legitur
1697 397 1708 424 ε
1739 380 1826 426 «In

363 452 687 518 impedimentis
713 452 807 498 iure
833 450 1134 498 ecclesiastico
1159 449 1489 497 matrimonium
1518 451 1827 502 dirimentibus

361 531 475 576 solus
495 529 620 592 Papa
637 528 879 575 universim
907 538 951 574 et
979 527 1204 574 ordinarie
1228 537 1370 591 potest
1393 527 1655 592 dispensare
1675 529 1824 591 (45).·.·»

458 604 702 651 Ludovicus
738 603 924 650 Habert:
970 623 991 648 «
1014 604 1079 649 Ex
1113 602 1362 658 communi,
1401 603 1572 667 inquit,
1610 604 1828 654 ecclesiae}

364 698 459 728 rum
504 679 852 736 consuetudine,
904 697 1020 744 quae
1065 679 1153 727 vim
1201 678 1313 742 legis
1359 679 1551 736 obtinet,
1589 682 1724 728 solius
1767 692 1828 729 est

360 758 518 804 summi
551 758 767 821 pontificis
814 756 1079 821 dispensare
1125 757 1169 803 in
1213 756 1540 821 impedimentis
1583 757 1829 806 dirimenti-

360 832 446 879 bus
481 832 576 879 iure
610 832 804 879 humano
838 832 1057 889 inductis,
1085 832 1163 879 ubi
1198 833 1457 897 praesertim
1480 833 1626 896 agitur
1646 833 1703 881 de
1734 852 1829 881 ma-

362 908 568 956 trimonio
601 908 921 956 contrahendo.
963 907 1234 955 Universalis
1275 908 1392 954 enim
1423 926 1534 956 usus
1574 910 1827 957 'recurrendi

360 985 417 1031 ad
443 985 594 1032 sedem
619 985 907 1050 apostolicam
930 985 1278 1049 dispensationis
1302 988 1438 1032 causa
1461 985 1519 1031 ab
1541 985 1829 1049 impedimen-

361 1061 419 1108 tis
459 1061 769 1109 dirimentibus
810 1061 979 1108 indicat
1005 1079 1101 1108 eam
1141 1060 1457 1108 catholicorum
1486 1072 1676 1109 mentem
1708 1062 1826 1110 eiu-

360 1138 478 1185 modi
514 1138 765 1185 facultatem
799 1156 898 1186 esse
929 1138 1017 1202 ipsi
1046 1149 1310 1185 reservatam
1349 1139 1465 1199 (46).
1486 1157 1510 1182 ι)

455 1215 711 1262 luveninius
746 1225 789 1262 et
821 1215 919 1279 ipse
954 1213 1135 1261 scribit:
1178 1213 1370 1261 «Solum
1396 1214 1562 1278 Papam
1601 1231 1655 1260 ex
1689 1213 1829 1278 pleni-

360 1290 513 1338 tudine
560 1290 790 1355 potestatis
841 1300 883 1337 et
927 1289 1247 1337 consuetudine
1296 1288 1533 1336 multorum
1578 1289 1826 1337 seculorum
1860 1299 1866 1303 '

359 1383 445 1413 usu
478 1365 790 1430 comprobata,
829 1365 1090 1430 dispensare
1122 1364 1242 1412 circa
1270 1365 1589 1448 impedimenta
1619 1364 1828 1412 dirimen-

359 1443 420 1488 tia
453 1443 570 1503 (47).
592 1461 624 1486 »
1737 1483 1739 1485 ,

453 1519 525 1565 Sic
558 1518 691 1565 etiam
721 1517 997 1584 Tournelyus
1033 1518 1267 1583 inquirens
1297 1518 1580 1583 quaestum.
1609 1518 1742 1566 cuius
1765 1517 1826 1565 sit

358 1594 544 1642 facultas
568 1594 857 1660 dispensandi
882 1595 939 1642 ab
968 1594 1300 1660 impedimentis
1323 1594 1592 1642 matrimonii
1610 1594 1634 1652 ‚'
1649 1596 1828 1660 respon,-

358 1671 456 1718 det:
498 1691 519 1716 «
541 1671 892 1718 Controversiam
916 1671 1034 1718 hanc
1058 1671 1106 1717 in
1130 1671 1320 1719 concilio
1348 1671 1587 1719 tridentino
1615 1670 1825 1734 agitatam

358 1747 498 1794 fuisse
519 1764 602 1794 nec
623 1747 852 1794 definitam
877 1749 998 1810 (48>;
1020 1747 1144 1794 nulla
1168 1747 1286 1795 enim
1311 1747 1408 1810 lege
1429 1747 1734 1794 ecclesiastica
1757 1764 1828 1810 ge-

357 1824 520 1880 nerali,
558 1841 638 1871 seu
671 1841 839 1872 canone
873 1822 1086 1872 statutum
1124 1823 1342 1872 habemus
1380 1825 1438 1871 ad
1472 1821 1615 1872 solnm
1649 1824 1828 1889 pontifi⁶

358 1916 452 1947 cem
469 1938 479 1956 ‚
512 1900 703 1949 exclusis
726 1902 976 1966 episcopis,
1007 1902 1228 1966 pertinere
1259 1898 1510 1949 facultatem
1533 1900 1827 1966 dispensandi

359 1975 417 2023 ab
434 1976 760 2041 impedimentis
784 1978 1073 2026 matrimonii.
1095 1978 1202 2026 Sola
1225 1977 1501 2026 consuetudo
1513 1987 1557 2026 et
1578 1977 1826 2025 communis

358 2052 573 2100 ecclesiae
603 2072 713 2101 usus
749 2055 872 2103 hoc
861 2055 949 2120 1psi
986 2056 1057 2103 ius
1091 2055 1256 2104 asserit
1280 2057 1399 2118 (49).
1421 2075 1446 2100 »

382 2147 384 2151 ·
455 2129 664 2176 Billuart:
697 2131 852 2178 «Haec
875 2142 1099 2196 potestas,
1125 2132 1296 2197 inquit,
1323 2129 1755 2206 (dispensandiab
1740 2143 1827 2176 nn-

360 2205 628 2270 pedimentis
657 2206 968 2256 dirimentibus
1002 2208 1115 2257 iuris
1151 2207 1364 2271 humani)
1392 2207 1596 2256 residet
1583 2224 1630 2256 m
1653 2221 1827 2264 summo

448 2355 514 2395 (45)
533 2357 584 2387 De
613 2356 767 2387 matrim.
794 2364 827 2395 q.
844 2356 900 2387 lv.
916 2357 1020 2388 concl.
1038 2358 1093 2389 lv.
1120 2357 1123 2358 ⁷

447 2408 514 2448 (46)
537 2409 585 2439 De
610 2409 714 2439 malr.
741 2416 811 2448 cap.
833 2409 871 2439 X.
893 2418 926 2449 q.
947 2414 976 2441 ι.

447 2462 513 2501 (47)
534 2462 584 2493 De
609 2463 763 2493 matrim.
791 2470 863 2502 cap,
887 2462 945 2493 IV
963 2464 1024 2495 art.
1045 2464 1086 2495 ΙΙ.

447 2515 514 2556 (48)
535 2516 658 2547 Censeo
681 2515 898 2556 Tournelyum
913 2515 965 2548 his
989 2517 1094 2549 verbis
1108 2517 1252 2550 alludere
1277 2517 1418 2550 voluisse
1437 2515 1479 2549 ad
1499 2515 1583 2548 illud
1603 2515 1691 2556 quod
1703 2523 1761 2547 ex.
1766 2515 1826 2547 Pa·

356 2568 464 2601 laeoto
483 2568 582 2610 paulo
607 2570 682 2600 ante
708 2568 899 2610 retulimus;
926 2571 960 2601 at
983 2578 1021 2602 ex
1045 2571 1195 2603 Palaeoto
1215 2580 1282 2604 non
1308 2570 1399 2603 aliud
1427 2569 1587 2610 hahetur,
1613 2577 1726 2609 quam
1736 2566 1825 2609 qnod

357 2620 615 2654 existimantibus
641 2621 806 2654 nonnullis
827 2621 972 2662 patribus
996 2631 1090 2663 posse
1115 2624 1271 2665 episcopis
1290 2623 1390 2656 tribui
1413 2592 1599 2656 facultatem
1622 2619 1828 2662 dispensandi

356 2675 392 2708 in
411 2677 528 2716 quarto
561 2674 680 2716 gradu,
704 2674 880 2708 obsistente
907 2676 1057 2717 episcopo
1083 2679 1244 2718 Augustae
1263 2676 1448 2710 Praetoriae
1469 2675 1617 2709 Antonio·
1633 2673 1827 2714 Bobbawav·

358 2726 463 2760 nodus
483 2728 635 2760 universa
658 2727 692 2759 in
716 2727 787 2760 eius
809 2729 943 2760 cesserit
965 2729 1167 2762 sententiam.
1194 2731 1281 2764 Nihil
1305 2731 1470 2772 praetem
1493 2728 1556 2762 hac
1580 2728 1623 2761 de
1656 2736 1694 2760 re
1715 2728 1829 2764 actum

358 2781 407 2812 est
432 2779 466 2811 in
484 2780 657 2813 tridentina
675 2780 810 2822 synodo.
1645 2806 1648 2810 .
1683 2798 1706 2811 .·
1727 2807 1729 2811 .
1775 2795 1822 2818 ω,

448 2832 515 2873 (49)
535 2835 585 2866 De
604 2834 709 2866 matr.
731 2835 856 2874 quaest.
873 2836 944 2866 vu.
963 2836 1024 2867 art.
1046 2835 1105 2868 ult.
1505 2838 1638 2856 ἕψῃ-Ν
1683 2852 1707 2865 -.
