1980 3260
356 212 414 256 68
667 223 747 254 Lm.
777 221 822 253 11.
851 221 963 252 sacr.
994 220 1022 251 1.
1051 220 1103 251 nn
1128 218 1293 250 rornsr.
1322 218 1485 251 cccmus.

357 310 526 349 constat
556 300 694 346 fuisse
717 309 760 345 et
782 315 881 346 esse
904 297 1173 363 paradoxum
1191 333 1201 352 ,
1229 295 1531 359 quodeffutiit
1563 297 1810 354 LaunoiuS,

357 377 460 423 dum
495 374 742 430 contendit,
770 373 1049 420 tridentinam
1079 370 1296 436 synodum
1322 371 1367 416 in
1400 369 1605 418 adductis
1626 374 1813 420 canoni—

356 451 440 497 bus
475 451 553 496 111.
575 460 617 497 et
640 450 707 495 IV.
737 466 888 497 vocem
919 448 1116 495 ecclesiae
1151 463 1395 510 usurpasse
1428 446 1485 493 ad
1519 445 1659 494 laicos
1692 449 1815 511 prin—

358 526 477 589 cipes
512 525 845 588 significandos.

452 601 608 647 Verum
648 599 755 663 quid
795 599 1031 646 dicendum
1065 600 1122 646 de
1156 599 1338 646 Launoii
1373 598 1660 663 exceptione,
1697 598 1816 663 quod

359 675 628 723 concilium
618 693 661 720 1n
679 675 852 721 Decreto
887 676 949 721 De
972 676 1146 739 reform.
1174 692 1326 723 vocem
1353 674 1569 722 ecclesiae
1604 673 1819 722 adhibue-

360 751 416 796 rit
450 750 494 795 in
530 767 665 796 sensu
694 748 963 797 collectionis
993 749 1214 796 fidelium:
1253 751 1299 796 in
1332 750 1443 814 facie
1477 749 1712 795 ecclesiae?
1742 748 1820 795 Di-

360 824 500 870 cimus
518 824 666 888 reipsa
683 823 898 871 ecclesiae
915 841 1073 871 nomen
1092 824 1258 889 duplici
1283 842 1418 872 sensu
1441 823 1642 871 adhiberi
1666 840 1817 888 posse,-

361 909 403 946 et
435 916 570 946 sensu
608 898 942 961 generalissimo
982 910 1025 946 et
1059 917 1194 946 sensu
1239 899 1466 963 specifico.
1506 899 1651 946 Primo
1686 915 1822 946 sensu

361 974 576 1022 ecclesiae
609 974 786 1021 nomine
819 974 1095 1036 significatur
1117 975 1315 1021 fidelium
1339 975 1537 1027 omnium
1562 985 1714 1022 coetus
1737 973 1823 1020 sub

363 1049 616 1114 pastoribus
652 1049 775 1105 suis;
815 1050 1046 1112 posteriori
1079 1067 1182 1097 vero
1217 1067 1352 1097 sensu
1386 1066 1437 1096 ac
1469 1041 1605 1096 veluti
1639 1060 1823 1097 antono-

362 1125 544 1173 mastice
563 1125 683 1173 solus
704 1125 982 1187 significatur
1004 1136 1229 1190 pastorum
1257 1136 1407 1173 coetus
1422 1162 1432 1181 ,
1457 1142 1535 1172 seu
1557 1124 1825 1172 ecclesiasti-

363 1218 441 1249 cus
458 1202 579 1248 ordo.
598 1201 661 1247 Ex
680 1200 903 1247 substrata
922 1201 1103 1265 proinde
1120 1202 1304 1248 materia
1321 1200 1521 1263 dignosci
1546 1199 1699 1256 debet,
1718 1209 1825 1255 'utro

363 1295 499 1325 sensu
527 1277 740 1325 ecclesiae
767 1295 849 1324 vox
873 1277 1073 1324 adhibita
1097 1277 1178 1334 sit,
1206 1287 1282 1324 aut
1309 1277 1586 1324 adhibeatur.
1609 1276 1655 1322 Si
1679 1292 1824 1324 sermo

365 1353 424 1400 sit
446 1352 502 1399 de
524 1353 580 1399 iis
598 1390 608 1408 ‚
636 1369 750 1416 quae
772 1352 829 1398 ad
852 1352 1208 1400 communitatem
1232 1352 1427 1399 fidelium
1458 1362 1679 1417 spectant,
1706 1351 1825 1399 illico

365 1427 710 1491 deprehenditur
732 1426 874 1474 latiori
904 1428 1227 1491 significatione
1259 1428 1474 1476 ecclesiae
1502 1445 1663 1475 nomen
1695 1444 1826 1474 usur-

366 1501 487 1566 pari,
516 1501 553 1547 si
576 1518 678 1549 vero
702 1502 761 1548 sit
789 1519 933 1549 sermo
956 1502 1012 1549 de
1033 1503 1198 1550 muniis
1216 1541 1226 1559 ,
1260 1520 1375 1568 quae
1402 1502 1458 1550 ad
1482 1502 1601 1550 solos
1625 1513 1826 1568 pastores

366 1576 607 1640 pertinent,
651 1577 899 1624 cuiusmodi
938 1589 1087 1625 essent
1114 1579 1298 1635 docere,
1334 1579 1612 1644 praecipere,
1646 1595 1822 1642 regere,

366 1661 539 1708 vetare,
590 1651 854 1699 constituere
893 1662 974 1699 etc.
1014 1653 1070 1700 ad
1105 1653 1247 1700 solum
1289 1654 1614 1702 hierarchicum
1656 1664 1826 1703 coetum

367 1726 689 1789 designandum
720 1745 871 1775 vocem
901 1729 1083 1776 eandem
1117 1730 1329 1777 coarctari
1364 1731 1647 1795 perspicuum
1682 1742 1768 1778 est.

462 1802 553 1850 Has
571 1803 691 1851 vocis
708 1803 922 1851 ecclesiae
939 1805 1136 1853 diversas
1157 1806 1505 1869 significationes
1530 1806 1699 1854 iamdiu
1722 1802 1827 1854 cau-

369 1876 571 1925 cellarius
605 1879 865 1942 parisiensis
901 1880 1138 1938 Gersonius
1174 1881 1568 1939 animadverterat,
1606 1882 1684 1946 qui
1722 1883 1828 1930 Con-

368 1952 623 1999 sideratione
653 1954 743 2000 III.
766 1955 829 2001 De
852 1957 1075 2018 reqimim‘s
1092 1958 1351 2021 perfectione
1379 1957 1490 2005 haec
1512 1957 1673 2004 habet:
1706 1977 1729 2003 «
1745 1958 1829 2005 Ec-

371 2027 505 2074 clesia
539 2029 759 2091 significat
791 2030 1094 2095 principaliter
1120 2032 1416 2080 universalem
1444 2033 1827 2096 congregationem

371 2103 644 2150 fidelium...
662 2106 825 2153 Nomen
850 2118 995 2154 tamen
1023 2108 1142 2156 istud
1169 2109 1365 2172 vulgaris
1388 2126 1499 2156 usus
1523 2109 1750 2157 restrinxit
1769 2109 1827 2156 ad

371 2178 535 2226 clerum
573 2181 698 2242 (85)»
719 2192 761 2228 et
784 2181 918 2230 alibi:
954 2184 1208 2239 «Quamvis
1249 2184 1408 2232 domus
1441 2185 1529 2232 ista
1572 2185 1823 2247 (ecclesia)

372 2254 430 2300 sit
460 2255 721 2317 generaliter
749 2257 943 2304 omnium
966 2260 1010 2305 in
1033 2278 1124 2307 una
1148 2278 1254 2308 vera
1287 2261 1452 2308 Christi
1485 2261 1574 2308 fide
1605 2260 1830 2308 coaduna-

370 2340 537 2386 torum,
581 2330 796 2378 usitatiori
841 2342 985 2380 tamen
1028 2336 1205 2382 nomine
1243 2335 1417 2384 illorum
1433 2375 1444 2392 ,
1480 2336 1610 2401 quasi
1645 2346 1830 2384 antono-

372 2405 578 2463 mastice,
617 2406 805 2465 dicitur,
843 2425 955 2472 quos
987 2410 1123 2458 duces
1157 2412 1202 2458 in
1236 2430 1310 2471 ea,
1349 2412 1577 2470 custodes,
1605 2423 1648 2459 et
1670 2430 1830 2477 specu-

360 2479 531 2529 latores
561 2499 760 2531 summus
790 2485 1106 2549 paterfamilias
1140 2489 1356 2547 instituit,
1393 2488 1511 2536 unde
1544 2506 1645 2546 eos,
1674 2499 1717 2536 et
1739 2505 1828 2535 non

373 2556 437 2602 sic
470 2557 637 2621 passim
671 2558 805 2617 alios,
834 2560 1156 2611 ecclesiasticos
1185 2564 1461 2629 appellamus
1489 2565 1642 2627 (86).»

469 2702 535 2742 (85)
555 2704 637 2744 opp.
653 2703 704 2736 ed.
718 2706 880 2746 Antwerp.
896 2709 984 2739 1706.
997 2708 1075 2740 tom.
1088 2710 1130 2741 11.
1146 2710 1208 2743 col.
1225 2714 1298 2744 683.

372 2806 425 2837 θοι
452 2754 657 2839 1226)Sem.
687 2758 723 2788 in
751 2758 918 2790 Dominic.
943 2760 1046 2791 XIX.
1074 2763 1150 2801 post
1178 2763 1367 2794 pentecost.
1396 2763 1475 2794 tert.
1503 2761 1631 2794 consid.
1654 2762 1735 2795 tom.
1769 2762 1828 2793 ΙΙΙ.

426 2830 434 2837 .
510 2811 540 2840 o.
