<?xml version="1.0" encoding="UTF-8"?>
<!DOCTYPE html PUBLIC "-//W3C//DTD XHTML 1.0 Transitional//EN"
    "http://www.w3.org/TR/xhtml1/DTD/xhtml1-transitional.dtd">
<html xmlns="http://www.w3.org/1999/xhtml" xml:lang="en" lang="en">
 <head>
  <title>
</title>
<meta http-equiv="Content-Type" content="text/html;charset=utf-8" />
  <meta name='ocr-system' content='tesseract 3.04.00' />
  <meta name='ocr-capabilities' content='ocr_page ocr_carea ocr_par ocr_line ocrx_word'/>
</head>
<body>
  <div class='ocr_page' id='page_1' title='image "a603380702perruoft_0095.png"; bbox 0 0 1980 3260; ppageno 0'>
   <div class='ocr_carea' id='block_1_1' title="bbox 268 204 1622 250">
    <p class='ocr_par' dir='ltr' id='par_1_1' title="bbox 268 204 1622 250">
     <span class='ocr_line' id='line_1_1' title="bbox 268 204 1622 250; baseline 0 -2"><span class='ocrx_word' id='word_1_1' title='bbox 268 218 357 248; x_wconf 75' lang='lat' dir='ltr'><strong>CAP.</strong></span> <span class='ocrx_word' id='word_1_2' title='bbox 374 218 434 249; x_wconf 87' lang='lat'>111.</span> <span class='ocrx_word' id='word_1_3' title='bbox 453 217 503 248; x_wconf 84' lang='lat' dir='ltr'>DE</span> <span class='ocrx_word' id='word_1_4' title='bbox 522 217 635 249; x_wconf 84' lang='lat' dir='ltr'><strong>EGCL.</strong></span> <span class='ocrx_word' id='word_1_5' title='bbox 655 217 818 250; x_wconf 84' lang='lat' dir='ltr'><strong>POTEST.</strong></span> <span class='ocrx_word' id='word_1_6' title='bbox 837 217 939 249; x_wconf 76' lang='lat' dir='ltr'>msr.</span> <span class='ocrx_word' id='word_1_7' title='bbox 959 216 1000 248; x_wconf 83' lang='lat' dir='ltr'>IN</span> <span class='ocrx_word' id='word_1_8' title='bbox 1018 216 1105 248; x_wconf 73' lang='lat' dir='ltr'>lup.</span> <span class='ocrx_word' id='word_1_9' title='bbox 1121 218 1242 249; x_wconf 73' lang='lat' dir='ltr'><strong>MATR.</strong></span> <span class='ocrx_word' id='word_1_10' title='bbox 1260 218 1343 249; x_wconf 80' lang='lat' dir='ltr'>nm.</span> <span class='ocrx_word' id='word_1_11' title='bbox 1360 217 1451 249; x_wconf 74' lang='grc' dir='ltr'><strong>ΛΒΤ.</strong></span> <span class='ocrx_word' id='word_1_12' title='bbox 1468 218 1497 249; x_wconf 89' lang='lat'>1.</span> <span class='ocrx_word' id='word_1_13' title='bbox 1568 204 1622 248; x_wconf 76' lang='grc'>91</span> 
     </span>
    </p>
   </div>
   <div class='ocr_carea' id='block_1_2' title="bbox 126 294 1632 2551">
    <p class='ocr_par' dir='ltr' id='par_1_2' title="bbox 126 294 1632 1417">
     <span class='ocr_line' id='line_1_2' title="bbox 173 294 1622 360; baseline -0.001 -19"><span class='ocrx_word' id='word_1_14' title='bbox 173 295 379 357; x_wconf 83' lang='lat' dir='ltr'>coniugio</span> <span class='ocrx_word' id='word_1_15' title='bbox 420 295 528 343; x_wconf 88' lang='lat' dir='ltr'>inito</span> <span class='ocrx_word' id='word_1_16' title='bbox 571 312 670 342; x_wconf 90' lang='lat' dir='ltr'>cum</span> <span class='ocrx_word' id='word_1_17' title='bbox 714 295 862 360; x_wconf 91' lang='lat' dir='ltr'>aliquo</span> <span class='ocrx_word' id='word_1_18' title='bbox 904 294 1230 359; x_wconf 87' lang='lat' dir='ltr'>impedimento.</span> <span class='ocrx_word' id='word_1_19' title='bbox 1277 294 1530 342; x_wconf 83' lang='lat' dir='ltr'>Ita=seculo</span> <span class='ocrx_word' id='word_1_20' title='bbox 1571 295 1622 341; x_wconf 89' lang='lat' dir='ltr'>X.</span> 
     </span>
     <span class='ocr_line' id='line_1_3' title="bbox 174 370 1628 436; baseline 0.002 -21"><span class='ocrx_word' id='word_1_21' title='bbox 174 370 374 426; x_wconf 90' lang='lat' dir='ltr'>ineunte,</span> <span class='ocrx_word' id='word_1_22' title='bbox 408 389 566 436; x_wconf 86' lang='lat' dir='ltr'>nempe</span> <span class='ocrx_word' id='word_1_23' title='bbox 598 389 670 418; x_wconf 90' lang='lat' dir='ltr'>an.</span> <span class='ocrx_word' id='word_1_24' title='bbox 702 373 808 417; x_wconf 78' lang='lat'><strong>906.</strong></span> <span class='ocrx_word' id='word_1_25' title='bbox 848 370 1024 434; x_wconf 79' lang='lat' dir='ltr'>Sergius</span> <span class='ocrx_word' id='word_1_26' title='bbox 1051 370 1127 416; x_wconf 90' lang='lat'><em>111.</em></span> <span class='ocrx_word' id='word_1_27' title='bbox 1168 370 1500 435; x_wconf 80' lang='lat' dir='ltr'>dispensatione</span> <span class='ocrx_word' id='word_1_28' title='bbox 1521 388 1628 418; x_wconf 87' lang='lat' dir='ltr'>usus</span> 
     </span>
     <span class='ocr_line' id='line_1_4' title="bbox 174 446 1630 511; baseline 0.001 -20"><span class='ocrx_word' id='word_1_29' title='bbox 174 446 430 509; x_wconf 86' lang='lat' dir='ltr'>perhibetur</span> <span class='ocrx_word' id='word_1_30' title='bbox 452 464 557 510; x_wconf 81' lang='lat' dir='ltr'>erga</span> <span class='ocrx_word' id='word_1_31' title='bbox 578 447 883 511; x_wconf 84' lang='lat' dir='ltr'>imperatorem</span> <span class='ocrx_word' id='word_1_32' title='bbox 906 462 1109 509; x_wconf 81' lang='lat' dir='ltr'>graecum</span> <span class='ocrx_word' id='word_1_33' title='bbox 1134 446 1323 493; x_wconf 67' lang='lat' dir='ltr'>Leonem⁴</span> <span class='ocrx_word' id='word_1_34' title='bbox 1344 455 1630 509; x_wconf 79' lang='lat' dir='ltr'>cognomento</span> 
     </span>
     <span class='ocr_line' id='line_1_5' title="bbox 172 521 1630 586; baseline -0.001 -16"><span class='ocrx_word' id='word_1_35' title='bbox 172 522 439 585; x_wconf 87' lang='lat' dir='ltr'>sapientem,</span> <span class='ocrx_word' id='word_1_36' title='bbox 469 521 544 586; x_wconf 89' lang='lat' dir='ltr'>qui</span> <span class='ocrx_word' id='word_1_37' title='bbox 570 532 720 570; x_wconf 90' lang='lat' dir='ltr'>contra</span> <span class='ocrx_word' id='word_1_38' title='bbox 741 521 1104 572; x_wconf 81' lang='lat' dir='ltr'>consuetudinem</span> <span class='ocrx_word' id='word_1_39' title='bbox 1134 532 1178 568; x_wconf 91' lang='lat' dir='ltr'>et</span> <span class='ocrx_word' id='word_1_40' title='bbox 1204 538 1394 569; x_wconf 87' lang='lat' dir='ltr'>canones</span> <span class='ocrx_word' id='word_1_41' title='bbox 1417 521 1630 569; x_wconf 86' lang='lat' dir='ltr'>ecclesiae</span> 
     </span>
     <span class='ocr_line' id='line_1_6' title="bbox 171 596 1628 662; baseline 0.001 -18"><span class='ocrx_word' id='word_1_42' title='bbox 171 615 354 662; x_wconf 82' lang='lat' dir='ltr'>graecae</span> <span class='ocrx_word' id='word_1_43' title='bbox 370 597 548 660; x_wconf 86' lang='lat' dir='ltr'>nuptias</span> <span class='ocrx_word' id='word_1_44' title='bbox 566 614 665 644; x_wconf 93' lang='lat' dir='ltr'>cum</span> <span class='ocrx_word' id='word_1_45' title='bbox 680 597 991 661; x_wconf 89' lang='lat' dir='ltr'>impedimento</span> <span class='ocrx_word' id='word_1_46' title='bbox 1005 596 1398 660; x_wconf 82' lang='lat' dir='ltr'>consanguinitatis</span> <span class='ocrx_word' id='word_1_47' title='bbox 1417 597 1463 644; x_wconf 89' lang='lat' dir='ltr'>in</span> <span class='ocrx_word' id='word_1_48' title='bbox 1475 607 1628 661; x_wconf 70' lang='lat' dir='ltr'>quarto</span> 
     </span>
     <span class='ocr_line' id='line_1_7' title="bbox 126 672 1629 738; baseline 0 -18"><span class='ocrx_word' id='word_1_49' title='bbox 126 707 133 715; x_wconf 72' lang='lat'>‚</span> <span class='ocrx_word' id='word_1_50' title='bbox 171 674 309 737; x_wconf 82' lang='lat' dir='ltr'>gradu</span> <span class='ocrx_word' id='word_1_51' title='bbox 343 682 616 720; x_wconf 85' lang='lat' dir='ltr'>contraxerat</span> <span class='ocrx_word' id='word_1_52' title='bbox 643 674 758 733; x_wconf 88' lang='grc'>(16).</span> <span class='ocrx_word' id='word_1_53' title='bbox 789 672 919 718; x_wconf 91' lang='lat' dir='ltr'>Aliud</span> <span class='ocrx_word' id='word_1_54' title='bbox 949 673 1193 737; x_wconf 83' lang='lat' dir='ltr'>exemplum</span> <span class='ocrx_word' id='word_1_55' title='bbox 1220 673 1264 719; x_wconf 90' lang='lat' dir='ltr'>in</span> <span class='ocrx_word' id='word_1_56' title='bbox 1295 673 1481 738; x_wconf 90' lang='lat' dir='ltr'>imperio</span> <span class='ocrx_word' id='word_1_57' title='bbox 1514 674 1629 722; x_wconf 83' lang='lat' dir='ltr'>occi·</span> 
     </span>
     <span class='ocr_line' id='line_1_8' title="bbox 171 746 1627 812; baseline 0 -16"><span class='ocrx_word' id='word_1_58' title='bbox 171 747 336 796; x_wconf 86' lang='lat' dir='ltr'>dentali</span> <span class='ocrx_word' id='word_1_59' title='bbox 361 746 563 811; x_wconf 89' lang='lat' dir='ltr'>praebuit</span> <span class='ocrx_word' id='word_1_60' title='bbox 585 747 792 793; x_wconf 91' lang='lat' dir='ltr'>Nicolaus</span> <span class='ocrx_word' id='word_1_61' title='bbox 818 748 874 792; x_wconf 92' lang='lat'>11.</span> <span class='ocrx_word' id='word_1_62' title='bbox 902 747 1006 794; x_wconf 92' lang='lat' dir='ltr'>dum</span> <span class='ocrx_word' id='word_1_63' title='bbox 1032 758 1172 795; x_wconf 88' lang='lat' dir='ltr'>ratum</span> <span class='ocrx_word' id='word_1_64' title='bbox 1196 748 1353 796; x_wconf 91' lang='lat' dir='ltr'>habuit</span> <span class='ocrx_word' id='word_1_65' title='bbox 1374 749 1627 812; x_wconf 82' lang='lat' dir='ltr'>coniugium</span> 
     </span>
     <span class='ocr_line' id='line_1_9' title="bbox 169 822 1629 872; baseline 0.001 -2"><span class='ocrx_word' id='word_1_66' title='bbox 169 824 326 871; x_wconf 88' lang='lat' dir='ltr'>initum</span> <span class='ocrx_word' id='word_1_67' title='bbox 349 840 376 870; x_wconf 89' lang='lat' dir='ltr'>a</span> <span class='ocrx_word' id='word_1_68' title='bbox 400 822 628 869; x_wconf 89' lang='lat' dir='ltr'>Guillelmo</span> <span class='ocrx_word' id='word_1_69' title='bbox 652 823 903 870; x_wconf 89' lang='lat' dir='ltr'>Normanno</span> <span class='ocrx_word' id='word_1_70' title='bbox 927 840 1026 870; x_wconf 92' lang='lat' dir='ltr'>cum</span> <span class='ocrx_word' id='word_1_71' title='bbox 1055 824 1233 870; x_wconf 89' lang='lat' dir='ltr'>Matilde</span> <span class='ocrx_word' id='word_1_72' title='bbox 1251 824 1479 871; x_wconf 81' lang='lat' dir='ltr'>Baldo‘vini</span> <span class='ocrx_word' id='word_1_73' title='bbox 1504 825 1629 872; x_wconf 88' lang='lat' dir='ltr'>Flan-</span> 
     </span>
     <span class='ocr_line' id='line_1_10' title="bbox 171 898 1631 963; baseline 0.002 -18"><span class='ocrx_word' id='word_1_74' title='bbox 171 899 296 947; x_wconf 86' lang='lat' dir='ltr'>driae</span> <span class='ocrx_word' id='word_1_75' title='bbox 318 899 491 946; x_wconf 89' lang='lat' dir='ltr'>comitis</span> <span class='ocrx_word' id='word_1_76' title='bbox 517 898 610 945; x_wconf 83' lang='lat' dir='ltr'>filia</span> <span class='ocrx_word' id='word_1_77' title='bbox 633 915 731 945; x_wconf 93' lang='lat' dir='ltr'>cum</span> <span class='ocrx_word' id='word_1_78' title='bbox 757 916 847 963; x_wconf 90' lang='lat' dir='ltr'>qua</span> <span class='ocrx_word' id='word_1_79' title='bbox 870 899 914 944; x_wconf 94' lang='lat' dir='ltr'>in</span> <span class='ocrx_word' id='word_1_80' title='bbox 938 899 1064 946; x_wconf 90' lang='lat' dir='ltr'>tertio</span> <span class='ocrx_word' id='word_1_81' title='bbox 1088 899 1227 961; x_wconf 83' lang='lat' dir='ltr'>gradu</span> <span class='ocrx_word' id='word_1_82' title='bbox 1249 900 1509 947; x_wconf 89' lang='lat' dir='ltr'>coniunctus</span> <span class='ocrx_word' id='word_1_83' title='bbox 1538 912 1631 948; x_wconf 89' lang='lat' dir='ltr'>erat</span> 
     </span>
     <span class='ocr_line' id='line_1_11' title="bbox 172 974 1625 1039; baseline 0 -17"><span class='ocrx_word' id='word_1_84' title='bbox 172 975 567 1038; x_wconf 78' lang='lat' dir='ltr'>consanguinitatis</span> <span class='ocrx_word' id='word_1_85' title='bbox 584 1013 594 1031; x_wconf 87' lang='lat'>‚</span> <span class='ocrx_word' id='word_1_86' title='bbox 614 974 887 1039; x_wconf 85' lang='lat' dir='ltr'>vetitumque</span> <span class='ocrx_word' id='word_1_87' title='bbox 904 974 949 1020; x_wconf 87' lang='lat' dir='ltr'>id</span> <span class='ocrx_word' id='word_1_88' title='bbox 973 975 1087 1038; x_wconf 89' lang='lat' dir='ltr'>ipsis</span> <span class='ocrx_word' id='word_1_89' title='bbox 1111 974 1249 1021; x_wconf 88' lang='lat' dir='ltr'>fuerat</span> <span class='ocrx_word' id='word_1_90' title='bbox 1275 991 1301 1020; x_wconf 90' lang='lat' dir='ltr'>a</span> <span class='ocrx_word' id='word_1_91' title='bbox 1327 991 1364 1020; x_wconf 88' lang='lat' dir='ltr'>s.</span> <span class='ocrx_word' id='word_1_92' title='bbox 1388 975 1530 1022; x_wconf 90' lang='lat' dir='ltr'>Leone</span> <span class='ocrx_word' id='word_1_93' title='bbox 1552 977 1625 1022; x_wconf 84' lang='lat' dir='ltr'>lx.</span> 
     </span>
     <span class='ocr_line' id='line_1_12' title="bbox 173 1048 1628 1115; baseline -0.001 -19"><span class='ocrx_word' id='word_1_94' title='bbox 173 1051 311 1115; x_wconf 90' lang='lat' dir='ltr'>quue</span> <span class='ocrx_word' id='word_1_95' title='bbox 345 1050 563 1115; x_wconf 88' lang='lat' dir='ltr'>praestitit</span> <span class='ocrx_word' id='word_1_96' title='bbox 601 1048 807 1096; x_wconf 91' lang='lat' dir='ltr'>Nicolaus</span> <span class='ocrx_word' id='word_1_97' title='bbox 839 1049 895 1096; x_wconf 94' lang='lat' dir='ltr'>ob</span> <span class='ocrx_word' id='word_1_98' title='bbox 930 1049 1207 1097; x_wconf 89' lang='lat' dir='ltr'>imminentia</span> <span class='ocrx_word' id='word_1_99' title='bbox 1231 1048 1348 1096; x_wconf 91' lang='lat' dir='ltr'>bella</span> <span class='ocrx_word' id='word_1_100' title='bbox 1375 1049 1488 1096; x_wconf 90' lang='lat' dir='ltr'>inter</span> <span class='ocrx_word' id='word_1_101' title='bbox 1515 1050 1628 1096; x_wconf 83' lang='lat' dir='ltr'>ssan-</span> 
     </span>
     <span class='ocr_line' id='line_1_13' title="bbox 171 1124 1628 1190; baseline -0.001 -18"><span class='ocrx_word' id='word_1_102' title='bbox 171 1126 291 1174; x_wconf 91' lang='lat' dir='ltr'>drios</span> <span class='ocrx_word' id='word_1_103' title='bbox 320 1137 362 1173; x_wconf 91' lang='lat' dir='ltr'>et</span> <span class='ocrx_word' id='word_1_104' title='bbox 385 1143 671 1183; x_wconf 89' lang='lat' dir='ltr'>normannos,</span> <span class='ocrx_word' id='word_1_105' title='bbox 699 1126 950 1190; x_wconf 89' lang='lat' dir='ltr'>damnaque</span> <span class='ocrx_word' id='word_1_106' title='bbox 974 1125 1223 1190; x_wconf 88' lang='lat' dir='ltr'>spiritualia</span> <span class='ocrx_word' id='word_1_107' title='bbox 1255 1125 1301 1171; x_wconf 92' lang='lat' dir='ltr'>in</span> <span class='ocrx_word' id='word_1_108' title='bbox 1336 1124 1536 1173; x_wconf 89' lang='lat' dir='ltr'>subditos</span> <span class='ocrx_word' id='word_1_109' title='bbox 1566 1125 1628 1171; x_wconf 89' lang='lat' dir='ltr'>in·</span> 
     </span>
     <span class='ocr_line' id='line_1_14' title="bbox 174 1201 1626 1266; baseline 0 -18"><span class='ocrx_word' id='word_1_110' title='bbox 174 1203 400 1266; x_wconf 73' lang='lat' dir='ltr'>‘gruentia‚</span> <span class='ocrx_word' id='word_1_111' title='bbox 439 1203 516 1249; x_wconf 90' lang='lat' dir='ltr'>sed</span> <span class='ocrx_word' id='word_1_112' title='bbox 546 1220 599 1249; x_wconf 89' lang='lat' dir='ltr'>ea</span> <span class='ocrx_word' id='word_1_113' title='bbox 638 1202 915 1258; x_wconf 88' lang='lat' dir='ltr'>conditione,</span> <span class='ocrx_word' id='word_1_114' title='bbox 954 1212 1002 1248; x_wconf 91' lang='lat' dir='ltr'>ut</span> <span class='ocrx_word' id='word_1_115' title='bbox 1036 1219 1115 1265; x_wconf 92' lang='lat' dir='ltr'>pro</span> <span class='ocrx_word' id='word_1_116' title='bbox 1156 1201 1371 1249; x_wconf 87' lang='lat' dir='ltr'>eiusmodi</span> <span class='ocrx_word' id='word_1_117' title='bbox 1408 1218 1626 1248; x_wconf 91' lang='lat' dir='ltr'>canonum</span> 
     </span>
     <span class='ocr_line' id='line_1_15' title="bbox 174 1276 1632 1341; baseline -0.001 -18"><span class='ocrx_word' id='word_1_118' title='bbox 174 1277 440 1325; x_wconf 83' lang='lat' dir='ltr'>relaxatione</span> <span class='ocrx_word' id='word_1_119' title='bbox 473 1278 561 1324; x_wconf 92' lang='lat' dir='ltr'>duo</span> <span class='ocrx_word' id='word_1_120' title='bbox 590 1277 927 1324; x_wconf 87' lang='lat' dir='ltr'>exaedificarent</span> <span class='ocrx_word' id='word_1_121' title='bbox 949 1277 1157 1339; x_wconf 80' lang='lat' dir='ltr'>coniuges</span> <span class='ocrx_word' id='word_1_122' title='bbox 1180 1276 1472 1334; x_wconf 89' lang='lat' dir='ltr'>monasteria,</span> <span class='ocrx_word' id='word_1_123' title='bbox 1503 1288 1632 1341; x_wconf 91' lang='lat' dir='ltr'>prout</span> 
     </span>
     <span class='ocr_line' id='line_1_16' title="bbox 172 1351 1625 1417; baseline -0.001 -19"><span class='ocrx_word' id='word_1_124' title='bbox 172 1353 321 1417; x_wconf 87' lang='lat' dir='ltr'>reipsa</span> <span class='ocrx_word' id='word_1_125' title='bbox 363 1352 419 1399; x_wconf 89' lang='lat' dir='ltr'>ab</span> <span class='ocrx_word' id='word_1_126' title='bbox 463 1353 575 1417; x_wconf 88' lang='lat' dir='ltr'>ipsis</span> <span class='ocrx_word' id='word_1_127' title='bbox 614 1352 774 1399; x_wconf 87' lang='lat' dir='ltr'>factum</span> <span class='ocrx_word' id='word_1_128' title='bbox 813 1351 995 1398; x_wconf 91' lang='lat' dir='ltr'>Cadomi</span> <span class='ocrx_word' id='word_1_129' title='bbox 1033 1352 1327 1399; x_wconf 88' lang='lat' dir='ltr'>Normanniae</span> <span class='ocrx_word' id='word_1_130' title='bbox 1366 1352 1475 1399; x_wconf 84' lang='lat' dir='ltr'>urbe</span> <span class='ocrx_word' id='word_1_131' title='bbox 1510 1353 1625 1414; x_wconf 82' lang='lat'>(17).</span> 
     </span>
    </p>

    <p class='ocr_par' dir='ltr' id='par_1_3' title="bbox 167 1427 1630 2097">
     <span class='ocr_line' id='line_1_17' title="bbox 262 1427 1630 1493; baseline -0.001 -18"><span class='ocrx_word' id='word_1_132' title='bbox 262 1429 334 1476; x_wconf 92' lang='lat' dir='ltr'>Sic</span> <span class='ocrx_word' id='word_1_133' title='bbox 357 1429 488 1476; x_wconf 88' lang='lat' dir='ltr'>etiam</span> <span class='ocrx_word' id='word_1_134' title='bbox 518 1428 745 1476; x_wconf 89' lang='lat' dir='ltr'>Paschalis</span> <span class='ocrx_word' id='word_1_135' title='bbox 766 1429 820 1474; x_wconf 91' lang='lat' dir='ltr'>ll.</span> <span class='ocrx_word' id='word_1_136' title='bbox 850 1445 921 1474; x_wconf 93' lang='lat' dir='ltr'>an.</span> <span class='ocrx_word' id='word_1_137' title='bbox 952 1429 1092 1474; x_wconf 80' lang='lat'><strong>1106.</strong></span> <span class='ocrx_word' id='word_1_138' title='bbox 1127 1428 1263 1475; x_wconf 88' lang='lat' dir='ltr'>fertur</span> <span class='ocrx_word' id='word_1_139' title='bbox 1285 1427 1433 1493; x_wconf 91' lang='lat' dir='ltr'>aliquo</span> <span class='ocrx_word' id='word_1_140' title='bbox 1460 1427 1543 1475; x_wconf 89' lang='lat' dir='ltr'>sub</span> <span class='ocrx_word' id='word_1_141' title='bbox 1566 1445 1630 1474; x_wconf 88' lang='lat' dir='ltr'>re-</span> 
     </span>
     <span class='ocr_line' id='line_1_18' title="bbox 169 1503 1629 1569; baseline 0 -18"><span class='ocrx_word' id='word_1_142' title='bbox 169 1515 322 1569; x_wconf 88' lang='lat' dir='ltr'>spectu</span> <span class='ocrx_word' id='word_1_143' title='bbox 345 1504 568 1552; x_wconf 87' lang='lat' dir='ltr'>relaxasse</span> <span class='ocrx_word' id='word_1_144' title='bbox 600 1522 699 1552; x_wconf 91' lang='lat' dir='ltr'>cum</span> <span class='ocrx_word' id='word_1_145' title='bbox 734 1503 941 1568; x_wconf 92' lang='lat' dir='ltr'>Philippo</span> <span class='ocrx_word' id='word_1_146' title='bbox 967 1505 1001 1550; x_wconf 92' lang='grc' dir='ltr'>Ι.</span> <span class='ocrx_word' id='word_1_147' title='bbox 1039 1505 1301 1551; x_wconf 85' lang='lat' dir='ltr'>Francorum</span> <span class='ocrx_word' id='word_1_148' title='bbox 1337 1522 1460 1567; x_wconf 81' lang='lat' dir='ltr'>rege;</span> <span class='ocrx_word' id='word_1_149' title='bbox 1500 1504 1629 1551; x_wconf 89' lang='lat' dir='ltr'>istius</span> 
     </span>
     <span class='ocr_line' id='line_1_19' title="bbox 167 1580 1628 1644; baseline -0.001 -17"><span class='ocrx_word' id='word_1_150' title='bbox 167 1582 285 1628; x_wconf 91' lang='lat' dir='ltr'>enim</span> <span class='ocrx_word' id='word_1_151' title='bbox 309 1581 566 1644; x_wconf 82' lang='lat' dir='ltr'>coniugium</span> <span class='ocrx_word' id='word_1_152' title='bbox 590 1597 689 1627; x_wconf 93' lang='lat' dir='ltr'>cum</span> <span class='ocrx_word' id='word_1_153' title='bbox 706 1580 912 1627; x_wconf 89' lang='lat' dir='ltr'>Bertrada</span> <span class='ocrx_word' id='word_1_154' title='bbox 936 1580 1104 1626; x_wconf 91' lang='lat' dir='ltr'>irritum</span> <span class='ocrx_word' id='word_1_155' title='bbox 1132 1580 1402 1627; x_wconf 88' lang='lat' dir='ltr'>declaratum</span> <span class='ocrx_word' id='word_1_156' title='bbox 1422 1580 1561 1626; x_wconf 79' lang='lat' dir='ltr'>fuerat</span> <span class='ocrx_word' id='word_1_157' title='bbox 1583 1580 1628 1625; x_wconf 93' lang='lat' dir='ltr'>in</span> 
     </span>
     <span class='ocr_line' id='line_1_20' title="bbox 168 1655 1628 1720; baseline 0 -16"><span class='ocrx_word' id='word_1_158' title='bbox 168 1657 354 1704; x_wconf 92' lang='lat' dir='ltr'>concilio</span> <span class='ocrx_word' id='word_1_159' title='bbox 372 1657 658 1720; x_wconf 87' lang='lat' dir='ltr'>pictaviensi,</span> <span class='ocrx_word' id='word_1_160' title='bbox 678 1667 817 1720; x_wconf 63' lang='lat' dir='ltr'>⁸atque</span> <span class='ocrx_word' id='word_1_161' title='bbox 843 1674 895 1703; x_wconf 91' lang='lat' dir='ltr'>ea</span> <span class='ocrx_word' id='word_1_162' title='bbox 922 1656 977 1703; x_wconf 87' lang='lat' dir='ltr'>de</span> <span class='ocrx_word' id='word_1_163' title='bbox 1006 1674 1141 1703; x_wconf 88' lang='lat' dir='ltr'>causa</span> <span class='ocrx_word' id='word_1_164' title='bbox 1165 1655 1628 1704; x_wconf 83' lang='lat' dir='ltr'>excommunicationis</span> 
     </span>
     <span class='ocr_line' id='line_1_21' title="bbox 168 1731 1627 1797; baseline -0.002 -17"><span class='ocrx_word' id='word_1_165' title='bbox 168 1732 409 1780; x_wconf 87' lang='lat' dir='ltr'>sententiae</span> <span class='ocrx_word' id='word_1_166' title='bbox 433 1750 458 1778; x_wconf 91' lang='lat' dir='ltr'>a</span> <span class='ocrx_word' id='word_1_167' title='bbox 482 1732 702 1797; x_wconf 91' lang='lat' dir='ltr'>pontificis</span> <span class='ocrx_word' id='word_1_168' title='bbox 727 1732 882 1794; x_wconf 80' lang='lat' dir='ltr'>legatis</span> <span class='ocrx_word' id='word_1_169' title='bbox 906 1732 1098 1779; x_wconf 88' lang='lat' dir='ltr'>indictae</span> <span class='ocrx_word' id='word_1_170' title='bbox 1134 1732 1262 1779; x_wconf 92' lang='lat' dir='ltr'>ambo</span> <span class='ocrx_word' id='word_1_171' title='bbox 1297 1742 1421 1779; x_wconf 89' lang='lat' dir='ltr'>erant</span> <span class='ocrx_word' id='word_1_172' title='bbox 1452 1731 1627 1779; x_wconf 85' lang='lat' dir='ltr'>obnoxii</span> 
     </span>
     <span class='ocr_line' id='line_1_22' title="bbox 168 1806 1629 1875; baseline 0 -23"><span class='ocrx_word' id='word_1_173' title='bbox 168 1807 255 1854; x_wconf 91' lang='lat' dir='ltr'>nisi</span> <span class='ocrx_word' id='word_1_174' title='bbox 280 1807 336 1854; x_wconf 90' lang='lat' dir='ltr'>ab</span> <span class='ocrx_word' id='word_1_175' title='bbox 354 1807 540 1854; x_wconf 86' lang='lat' dir='ltr'>invicem</span> <span class='ocrx_word' id='word_1_176' title='bbox 559 1818 889 1871; x_wconf 89' lang='lat' dir='ltr'>separarentur,</span> <span class='ocrx_word' id='word_1_177' title='bbox 911 1817 1039 1871; x_wconf 90' lang='lat' dir='ltr'>prout</span> <span class='ocrx_word' id='word_1_178' title='bbox 1057 1825 1104 1854; x_wconf 91' lang='lat' dir='ltr'>se</span> <span class='ocrx_word' id='word_1_179' title='bbox 1129 1807 1320 1854; x_wconf 83' lang='lat' dir='ltr'>facturos</span> <span class='ocrx_word' id='word_1_180' title='bbox 1347 1806 1629 1875; x_wconf 85' lang='lat' dir='ltr'>iureiurando</span> 
     </span>
     <span class='ocr_line' id='line_1_23' title="bbox 169 1881 1624 1946; baseline -0.001 -18"><span class='ocrx_word' id='word_1_181' title='bbox 169 1882 425 1946; x_wconf 89' lang='lat' dir='ltr'>interposito</span> <span class='ocrx_word' id='word_1_182' title='bbox 461 1881 642 1946; x_wconf 90' lang='lat' dir='ltr'>polliciti</span> <span class='ocrx_word' id='word_1_183' title='bbox 678 1891 780 1929; x_wconf 88' lang='lat' dir='ltr'>sunt</span> <span class='ocrx_word' id='word_1_184' title='bbox 813 1882 859 1927; x_wconf 93' lang='lat' dir='ltr'>in</span> <span class='ocrx_word' id='word_1_185' title='bbox 891 1881 1076 1928; x_wconf 90' lang='lat' dir='ltr'>concilio</span> <span class='ocrx_word' id='word_1_186' title='bbox 1111 1881 1349 1945; x_wconf 88' lang='lat' dir='ltr'>parisiensi</span> <span class='ocrx_word' id='word_1_187' title='bbox 1380 1898 1452 1927; x_wconf 91' lang='lat' dir='ltr'>an.</span> <span class='ocrx_word' id='word_1_188' title='bbox 1484 1882 1624 1927; x_wconf 82' lang='lat'>1105.</span> 
     </span>
     <span class='ocr_line' id='line_1_24' title="bbox 167 1956 1626 2021; baseline 0.001 -18"><span class='ocrx_word' id='word_1_189' title='bbox 167 1956 246 2004; x_wconf 84' lang='lat' dir='ltr'>Ast</span> <span class='ocrx_word' id='word_1_190' title='bbox 277 1974 406 2013; x_wconf 84' lang='lat' dir='ltr'>vero,</span> <span class='ocrx_word' id='word_1_191' title='bbox 444 1968 492 2003; x_wconf 91' lang='lat' dir='ltr'>ut</span> <span class='ocrx_word' id='word_1_192' title='bbox 524 1969 677 2020; x_wconf 89' lang='lat' dir='ltr'>postea</span> <span class='ocrx_word' id='word_1_193' title='bbox 706 1957 1030 2021; x_wconf 84' lang='lat' dir='ltr'>expendemus,</span> <span class='ocrx_word' id='word_1_194' title='bbox 1071 1974 1141 2003; x_wconf 90' lang='lat' dir='ltr'>res</span> <span class='ocrx_word' id='word_1_195' title='bbox 1177 1966 1244 2004; x_wconf 89' lang='lat' dir='ltr'>est</span> <span class='ocrx_word' id='word_1_196' title='bbox 1275 1956 1404 2004; x_wconf 82' lang='lat' dir='ltr'>valde</span> <span class='ocrx_word' id='word_1_197' title='bbox 1437 1956 1626 2011; x_wconf 87' lang='lat' dir='ltr'>incerta;</span> 
     </span>
     <span class='ocr_line' id='line_1_25' title="bbox 167 2033 1150 2097; baseline -0.001 -18"><span class='ocrx_word' id='word_1_198' title='bbox 167 2050 247 2080; x_wconf 87' lang='lat' dir='ltr'>nec</span> <span class='ocrx_word' id='word_1_199' title='bbox 279 2033 564 2080; x_wconf 86' lang='lat' dir='ltr'>verisimilius</span> <span class='ocrx_word' id='word_1_200' title='bbox 599 2033 901 2097; x_wconf 90' lang='lat' dir='ltr'>dispensatum</span> <span class='ocrx_word' id='word_1_201' title='bbox 936 2043 1003 2079; x_wconf 90' lang='lat' dir='ltr'>est</span> <span class='ocrx_word' id='word_1_202' title='bbox 1036 2034 1150 2094; x_wconf 84' lang='lat'>(18).</span> 
     </span>
    </p>

    <p class='ocr_par' dir='ltr' id='par_1_4' title="bbox 167 2106 1632 2551">
     <span class='ocr_line' id='line_1_26' title="bbox 273 2106 1630 2174; baseline 0 -20"><span class='ocrx_word' id='word_1_203' title='bbox 273 2109 322 2154; x_wconf 90' lang='lat' dir='ltr'>ld</span> <span class='ocrx_word' id='word_1_204' title='bbox 358 2109 504 2174; x_wconf 90' lang='lat' dir='ltr'>ipsum</span> <span class='ocrx_word' id='word_1_205' title='bbox 537 2109 814 2172; x_wconf 88' lang='lat' dir='ltr'>praestitisse</span> <span class='ocrx_word' id='word_1_206' title='bbox 848 2109 1146 2173; x_wconf 89' lang='lat' dir='ltr'>praesumitur</span> <span class='ocrx_word' id='word_1_207' title='bbox 1178 2107 1426 2154; x_wconf 85' lang='lat' dir='ltr'>Alexander</span> <span class='ocrx_word' id='word_1_208' title='bbox 1458 2108 1534 2154; x_wconf 83' lang='grc' dir='ltr'><strong>ΙΙΙ.</strong></span> <span class='ocrx_word' id='word_1_209' title='bbox 1574 2106 1630 2154; x_wconf 90' lang='lat' dir='ltr'>ad</span> 
     </span>
     <span class='ocr_line' id='line_1_27' title="bbox 167 2183 1630 2249; baseline -0.001 -19"><span class='ocrx_word' id='word_1_210' title='bbox 167 2184 528 2232; x_wconf 85' lang='lat' dir='ltr'>intercessionem</span> <span class='ocrx_word' id='word_1_211' title='bbox 554 2185 669 2232; x_wconf 89' lang='lat' dir='ltr'>Petri</span> <span class='ocrx_word' id='word_1_212' title='bbox 693 2184 907 2231; x_wconf 89' lang='lat' dir='ltr'>Cellensis</span> <span class='ocrx_word' id='word_1_213' title='bbox 931 2195 1136 2249; x_wconf 86' lang='lat' dir='ltr'>respectu</span> <span class='ocrx_word' id='word_1_214' title='bbox 1169 2183 1400 2231; x_wconf 87' lang='lat' dir='ltr'>Guiscardi</span> <span class='ocrx_word' id='word_1_215' title='bbox 1430 2183 1630 2230; x_wconf 88' lang='lat' dir='ltr'>ruzeien-</span> 
     </span>
     <span class='ocr_line' id='line_1_28' title="bbox 167 2259 1625 2324; baseline -0.001 -17"><span class='ocrx_word' id='word_1_216' title='bbox 167 2259 232 2308; x_wconf 85' lang='lat' dir='ltr'>sis</span> <span class='ocrx_word' id='word_1_217' title='bbox 267 2270 310 2307; x_wconf 87' lang='lat' dir='ltr'>et</span> <span class='ocrx_word' id='word_1_218' title='bbox 350 2260 524 2307; x_wconf 90' lang='lat' dir='ltr'>comitis</span> <span class='ocrx_word' id='word_1_219' title='bbox 570 2260 790 2316; x_wconf 88' lang='lat' dir='ltr'>recensis,</span> <span class='ocrx_word' id='word_1_220' title='bbox 834 2271 966 2324; x_wconf 89' lang='lat' dir='ltr'>atque</span> <span class='ocrx_word' id='word_1_221' title='bbox 1007 2260 1206 2323; x_wconf 80' lang='lat' dir='ltr'>Hugonis</span> <span class='ocrx_word' id='word_1_222' title='bbox 1250 2259 1625 2324; x_wconf 89' lang='lat' dir='ltr'>petripontensis,</span> 
     </span>
     <span class='ocr_line' id='line_1_29' title="bbox 167 2335 1629 2399; baseline -0.001 -18"><span class='ocrx_word' id='word_1_223' title='bbox 167 2336 243 2399; x_wconf 91' lang='lat' dir='ltr'>qui</span> <span class='ocrx_word' id='word_1_224' title='bbox 276 2336 388 2383; x_wconf 90' lang='lat' dir='ltr'>inter</span> <span class='ocrx_word' id='word_1_225' title='bbox 411 2353 460 2383; x_wconf 91' lang='lat' dir='ltr'>se</span> <span class='ocrx_word' id='word_1_226' title='bbox 494 2336 892 2399; x_wconf 77' lang='lat' dir='ltr'>consanguinitatis</span> <span class='ocrx_word' id='word_1_227' title='bbox 923 2336 1062 2399; x_wconf 79' lang='lat' dir='ltr'>gradu</span> <span class='ocrx_word' id='word_1_228' title='bbox 1092 2336 1315 2383; x_wconf 89' lang='lat' dir='ltr'>coniuncti</span> <span class='ocrx_word' id='word_1_229' title='bbox 1350 2346 1501 2392; x_wconf 86' lang='lat' dir='ltr'>erant,</span> <span class='ocrx_word' id='word_1_230' title='bbox 1529 2335 1629 2399; x_wconf 93' lang='lat' dir='ltr'>qui-</span> 
     </span>
     <span class='ocr_line' id='line_1_30' title="bbox 168 2410 1626 2475; baseline 0.001 -19"><span class='ocrx_word' id='word_1_231' title='bbox 168 2428 256 2474; x_wconf 92' lang='lat' dir='ltr'>que</span> <span class='ocrx_word' id='word_1_232' title='bbox 277 2430 298 2455; x_wconf 88' lang='lat'>«</span> <span class='ocrx_word' id='word_1_233' title='bbox 313 2411 565 2458; x_wconf 88' lang='lat' dir='ltr'>Interventu</span> <span class='ocrx_word' id='word_1_234' title='bbox 584 2411 760 2458; x_wconf 91' lang='lat' dir='ltr'>tandem</span> <span class='ocrx_word' id='word_1_235' title='bbox 784 2411 997 2459; x_wconf 89' lang='lat' dir='ltr'>bonorum</span> <span class='ocrx_word' id='word_1_236' title='bbox 1011 2449 1021 2468; x_wconf 91' lang='lat'>‚</span> <span class='ocrx_word' id='word_1_237' title='bbox 1044 2411 1190 2475; x_wconf 89' lang='lat' dir='ltr'>inquit</span> <span class='ocrx_word' id='word_1_238' title='bbox 1208 2412 1362 2458; x_wconf 88' lang='lat' dir='ltr'>Petrus</span> <span class='ocrx_word' id='word_1_239' title='bbox 1386 2410 1603 2458; x_wconf 88' lang='lat' dir='ltr'>Cellensis</span> <span class='ocrx_word' id='word_1_240' title='bbox 1617 2448 1626 2466; x_wconf 92' lang='lat'>‚</span> 
     </span>
     <span class='ocr_line' id='line_1_31' title="bbox 168 2486 1632 2551; baseline -0.001 -19"><span class='ocrx_word' id='word_1_241' title='bbox 168 2496 211 2532; x_wconf 89' lang='lat' dir='ltr'>et</span> <span class='ocrx_word' id='word_1_242' title='bbox 239 2486 489 2551; x_wconf 89' lang='lat' dir='ltr'>sapientum</span> <span class='ocrx_word' id='word_1_243' title='bbox 522 2496 564 2533; x_wconf 91' lang='lat' dir='ltr'>et</span> <span class='ocrx_word' id='word_1_244' title='bbox 593 2486 895 2549; x_wconf 80' lang='lat' dir='ltr'>religiosorum</span> <span class='ocrx_word' id='word_1_245' title='bbox 911 2525 920 2543; x_wconf 89' lang='lat'>‚</span> <span class='ocrx_word' id='word_1_246' title='bbox 948 2486 1228 2534; x_wconf 89' lang='lat' dir='ltr'>matrimonia</span> <span class='ocrx_word' id='word_1_247' title='bbox 1251 2487 1364 2533; x_wconf 89' lang='lat' dir='ltr'>inter</span> <span class='ocrx_word' id='word_1_248' title='bbox 1387 2503 1436 2533; x_wconf 89' lang='lat' dir='ltr'>se</span> <span class='ocrx_word' id='word_1_249' title='bbox 1460 2496 1632 2532; x_wconf 89' lang='lat' dir='ltr'>contra-</span> 
     </span>
    </p>
   </div>
   <div class='ocr_carea' id='block_1_3' title="bbox 167 2654 1633 2853">
    <p class='ocr_par' dir='ltr' id='par_1_5' title="bbox 167 2654 1633 2749">
     <span class='ocr_line' id='line_1_32' title="bbox 257 2654 1633 2698; baseline 0.001 -13"><span class='ocrx_word' id='word_1_250' title='bbox 257 2654 324 2694; x_wconf 73' lang='lat'>(16)</span> <span class='ocrx_word' id='word_1_251' title='bbox 343 2654 393 2685; x_wconf 81' lang='lat' dir='ltr'>cr.</span> <span class='ocrx_word' id='word_1_252' title='bbox 414 2663 464 2695; x_wconf 84' lang='lat' dir='ltr'>ap.</span> <span class='ocrx_word' id='word_1_253' title='bbox 483 2655 573 2687; x_wconf 85' lang='lat' dir='ltr'>card.</span> <span class='ocrx_word' id='word_1_254' title='bbox 591 2656 654 2687; x_wconf 86' lang='lat' dir='ltr'>Mai</span> <span class='ocrx_word' id='word_1_255' title='bbox 677 2657 709 2687; x_wconf 88' lang='lat' dir='ltr'>in</span> <span class='ocrx_word' id='word_1_256' title='bbox 729 2657 908 2698; x_wconf 74' lang='lat' dir='ltr'>spicileqio</span> <span class='ocrx_word' id='word_1_257' title='bbox 932 2665 1019 2689; x_wconf 89' lang='lat' dir='ltr'>rom.</span> <span class='ocrx_word' id='word_1_258' title='bbox 1036 2658 1115 2689; x_wconf 82' lang='lat' dir='ltr'>tom.</span> <span class='ocrx_word' id='word_1_259' title='bbox 1136 2660 1175 2689; x_wconf 85' lang='lat' dir='ltr'>X.</span> <span class='ocrx_word' id='word_1_260' title='bbox 1194 2658 1253 2689; x_wconf 78' lang='lat' dir='ltr'>Ast</span> <span class='ocrx_word' id='word_1_261' title='bbox 1267 2658 1300 2688; x_wconf 87' lang='lat' dir='ltr'>et</span> <span class='ocrx_word' id='word_1_262' title='bbox 1317 2656 1380 2687; x_wconf 84' lang='lat' dir='ltr'>hoc</span> <span class='ocrx_word' id='word_1_263' title='bbox 1398 2655 1554 2687; x_wconf 75' lang='lat' dir='ltr'>incertum</span> <span class='ocrx_word' id='word_1_264' title='bbox 1570 2655 1633 2694; x_wconf 81' lang='lat' dir='ltr'>est,</span> 
     </span>
     <span class='ocr_line' id='line_1_33' title="bbox 167 2703 1355 2749; baseline 0.003 -13"><span class='ocrx_word' id='word_1_265' title='bbox 167 2705 221 2737; x_wconf 82' lang='lat' dir='ltr'>sed</span> <span class='ocrx_word' id='word_1_266' title='bbox 244 2705 350 2746; x_wconf 81' lang='lat' dir='ltr'>potius</span> <span class='ocrx_word' id='word_1_267' title='bbox 371 2703 547 2739; x_wconf 73' lang='lat' dir='ltr'>actum&#39;est</span> <span class='ocrx_word' id='word_1_268' title='bbox 568 2707 608 2739; x_wconf 89' lang='lat' dir='ltr'>de</span> <span class='ocrx_word' id='word_1_269' title='bbox 626 2708 750 2748; x_wconf 83' lang='lat' dir='ltr'>quartis</span> <span class='ocrx_word' id='word_1_270' title='bbox 772 2708 912 2749; x_wconf 86' lang='lat' dir='ltr'>nuptiis,</span> <span class='ocrx_word' id='word_1_271' title='bbox 932 2709 968 2741; x_wconf 83' lang='lat' dir='ltr'>ut</span> <span class='ocrx_word' id='word_1_272' title='bbox 988 2718 1047 2741; x_wconf 91' lang='lat' dir='ltr'>suo</span> <span class='ocrx_word' id='word_1_273' title='bbox 1068 2710 1140 2741; x_wconf 85' lang='lat' dir='ltr'>loco</span> <span class='ocrx_word' id='word_1_274' title='bbox 1162 2708 1355 2740; x_wconf 83' lang='lat' dir='ltr'>videbimus.</span> 
     </span>
    </p>

    <p class='ocr_par' dir='ltr' id='par_1_6' title="bbox 257 2757 1413 2801">
     <span class='ocr_line' id='line_1_34' title="bbox 257 2757 1413 2801; baseline 0.002 -12"><span class='ocrx_word' id='word_1_275' title='bbox 257 2757 323 2797; x_wconf 84' lang='lat'>(17)</span> <span class='ocrx_word' id='word_1_276' title='bbox 343 2758 549 2791; x_wconf 81' lang='lat' dir='ltr'>zacchariam</span> <span class='ocrx_word' id='word_1_277' title='bbox 573 2769 616 2800; x_wconf 86' lang='lat' dir='ltr'>op</span> <span class='ocrx_word' id='word_1_278' title='bbox 640 2761 696 2792; x_wconf 87' lang='lat' dir='ltr'>cit.</span> <span class='ocrx_word' id='word_1_279' title='bbox 721 2763 766 2792; x_wconf 85' lang='lat' dir='ltr'>Le</span> <span class='ocrx_word' id='word_1_280' title='bbox 791 2763 899 2794; x_wconf 74' lang='lat' dir='ltr'>storte</span> <span class='ocrx_word' id='word_1_281' title='bbox 919 2761 994 2794; x_wconf 71' lang='lat' dir='ltr'>ideo</span> <span class='ocrx_word' id='word_1_282' title='bbox 1018 2761 1241 2794; x_wconf 70' lang='lat' dir='ltr'>raddrizzace</span> <span class='ocrx_word' id='word_1_283' title='bbox 1262 2770 1334 2801; x_wconf 87' lang='lat' dir='ltr'>pag.</span> <span class='ocrx_word' id='word_1_284' title='bbox 1360 2763 1413 2792; x_wconf 86' lang='grc'>97.</span> 
     </span>
    </p>

    <p class='ocr_par' dir='ltr' id='par_1_7' title="bbox 257 2810 1632 2853">
     <span class='ocr_line' id='line_1_35' title="bbox 257 2810 1632 2853; baseline 0.001 -12"><span class='ocrx_word' id='word_1_285' title='bbox 257 2810 323 2849; x_wconf 71' lang='grc' dir='ltr'>(ιε)</span> <span class='ocrx_word' id='word_1_286' title='bbox 343 2810 394 2842; x_wconf 79' lang='lat' dir='ltr'>Cf.</span> <span class='ocrx_word' id='word_1_287' title='bbox 410 2812 517 2844; x_wconf 82' lang='lat' dir='ltr'>tamen</span> <span class='ocrx_word' id='word_1_288' title='bbox 537 2813 642 2845; x_wconf 74' lang='lat' dir='ltr'>Natat.</span> <span class='ocrx_word' id='word_1_289' title='bbox 660 2813 749 2846; x_wconf 80' lang='lat' dir='ltr'>Alex.</span> <span class='ocrx_word' id='word_1_290' title='bbox 766 2815 856 2846; x_wconf 71' lang='lat' dir='ltr'>Hm.</span> <span class='ocrx_word' id='word_1_291' title='bbox 873 2814 990 2847; x_wconf 78' lang='lat' dir='ltr'>eccles.</span> <span class='ocrx_word' id='word_1_292' title='bbox 1008 2815 1041 2846; x_wconf 76' lang='lat' dir='ltr'>in</span> <span class='ocrx_word' id='word_1_293' title='bbox 1060 2823 1143 2847; x_wconf 83' lang='lat' dir='ltr'>saec.</span> <span class='ocrx_word' id='word_1_294' title='bbox 1162 2815 1218 2846; x_wconf 78' lang='lat' dir='ltr'>xl.</span> <span class='ocrx_word' id='word_1_295' title='bbox 1236 2815 1268 2846; x_wconf 83' lang='lat' dir='ltr'>et</span> <span class='ocrx_word' id='word_1_296' title='bbox 1283 2814 1354 2845; x_wconf 81' lang='grc' dir='ltr'>ΧΠ.</span> <span class='ocrx_word' id='word_1_297' title='bbox 1371 2813 1570 2853; x_wconf 70' lang='lat' dir='ltr'>cap.ll.51rt.</span> <span class='ocrx_word' id='word_1_298' title='bbox 1594 2813 1632 2843; x_wconf 86' lang='grc' dir='ltr'>Ιι.</span> 
     </span>
    </p>
   </div>
  </div>
 </body>
</html>
