1980 3260
282 239 338 282 10
570 249 649 280 ιιιι.
677 247 722 278 ιι.
753 245 865 277 sacr.
895 246 924 276 1.
946 244 998 275 m:
1022 243 1188 274 rorusr.
1218 242 1382 275 noctus.

281 327 556 391 imploraret,
588 334 721 387 atque
753 322 810 370 ob
842 321 993 369 oculos
1026 319 1160 367 veluti
1196 318 1433 367 subiiceret
1464 323 1650 383 gratiam
1684 324 1739 371 il—

282 403 393 458 lam,
429 416 542 465 quae
574 399 738 446 foederi
775 398 960 462 nuptiali
995 397 1135 453 inest,
1174 396 1212 443 si
1248 396 1328 443 rite
1367 395 1612 447 celebretur
1648 401 1733 462 (4).

374 477 436 522 Ex
467 475 621 522 eadem
653 474 867 522 ecclesiae
898 471 1156 520 auctoritate
1185 481 1408 536 receptum
1444 471 1527 518 fuit
1561 471 1618 518 ab
1646 474 1738 521 -im-

280 550 582 606 memorabili,
619 560 668 596 ut
710 549 824 596 intra
864 548 1103 594 missarum
1138 546 1355 594 solemnia
1376 584 1386 603 ‚
1427 564 1507 594 seu
1549 547 1595 592 in
1641 547 1741 611 ipsa

282 626 483 674 sacrificii
507 624 724 672 oblatione
741 633 789 669 ut
809 622 1048 686 plurimum
1073 620 1289 667 inirentur
1310 621 1539 684 coniugia,
1562 632 1740 686 peracta

282 701 577 755 consessione,
610 709 741 762 atque
768 696 1036 745 eucharistia
1069 706 1277 760 percepta
1319 698 1405 758 (ὃ).
1441 695 1739 744 Constitutum

281 777 444 840 pariter
474 784 565 830 est,
604 784 653 820 ut
684 773 786 821 novi
820 772 972 837 sponsi
995 789 1075 836 per
1106 772 1304 819 triduum
1328 772 1374 817 in
1398 772 1669 820 continentia
1691 784 1741 821 se

282 851 326 897 in
346 851 454 898 tanti
471 850 731 897 sacramenti
750 848 1012 913 obsequium
1030 865 1082 896 ac
1101 847 1388 895 reverentiam
1407 858 1633 895 servarent
1648 851 1734 911 (6).

377 925 487 972 Cum
508 941 612 973 vero
646 924 857 989 temporis
890 932 1029 971 tractu
1066 921 1254 970 ecclesia
1291 922 1591 986 experimento
1623 921 1742 969 didi-

283 1001 419 1048 cisset
447 1001 613 1048 abusus
648 1000 797 1064 plures
824 1000 1014 1064 irrepere
1047 999 1091 1044 in
1127 998 1379 1063 nuptiarum
1411 998 1706 1046 celebratione
1723 1036 1734 1055 ,

283 1076 445 1123 factum
487 1087 577 1131 est,
614 1085 662 1122 ut
695 1075 896 1139 pluribus
938 1073 1112 1137 legibus
1145 1091 1222 1121 eas
1255 1074 1546 1122 communiret
1577 1074 1736 1139 quavis

288 1161 451 1207 aetate,
490 1161 538 1198 ut
570 1167 622 1198 ea
655 1167 743 1215 qua
776 1167 856 1215 par
887 1160 954 1197 est
987 1150 1218 1197 sanctitate
1261 1149 1478 1196 inii-entur
1499 1188 1509 1206 ‚
1547 1150 1658 1218 adeo
1689 1159 1739 1220 ut

286 1227 467 1311 perenni
501 1244 586 1274 usu
630 1226 818 1273 ecclesia
861 1236 1119 1290 potestatem
1154 1242 1281 1273 suam
1311 1226 1361 1272 ‘in
1397 1225 1739 1297 christianorum

286 1302 490 1365 coniugia
522 1303 667 1367 palam
701 1302 954 1349 ostenderit.

377 1377 489 1425 Hinc
527 1378 699 1461 quoties
734 1376 883 1441 aliqua
916 1387 1065 1424 exorta
1098 1387 1165 1424 est
1197 1378 1496 1425 controversia
1518 1377 1637 1424 circa
1659 1376 1742 1424 ali-

285 1452 411 1499 cuius
444 1452 637 1516 coniugii
672 1463 897 1510 naturam,
924 1452 1144 1509 valorem,
1173 1452 1519 1516 legitimitatem;
1547 1464 1739 1500 necnon

284 1527 400 1574 circa
435 1528 686 1591 sponsalia,
721 1528 1041 1593 separationem
1074 1527 1208 1574 etiam
1241 1528 1390 1592 quoad
1424 1538 1566 1575 torum
1585 1565 1595 1583 ‚
1632 1526 1744 1574 alias

283 1619 369 1666 que
401 1602 650 1659 eiusmodi,
689 1604 817 1650 toties
852 1603 1094 1667 reperimus
1127 1603 1249 1650 illam
1289 1603 1428 1651 fuisse
1460 1603 1518 1650 ab
1549 1602 1740 1650 ecclesia

281 1677 530 1726 discussam
546 1716 556 1734 ‚
585 1688 716 1743 atque
739 1676 964 1726 definitam
987 1681 1070 1741 (7).
1095 1679 1225 1726 Plura
1249 1679 1351 1726 item
1376 1678 1620 1743 antiquitus
1638 1695 1743 1726 oon-

283 1753 436 1800 stituta
455 1764 574 1801 ‘sunt
603 1754 722 1801 circa
755 1756 948 1802 secundo
970 1792 980 1811 ,
1016 1756 1176 1810 tertio,
1214 1755 1488 1819 ulteriusque
1527 1754 1739 1819 repetitas

285 1828 459 1892 nuptias
482 1866 491 1884 ,
529 1846 644 1893 quae
683 1828 891 1894 deinceps
934 1830 1091 1894 partim
1135 1830 1364 1877 immutata
1406 1839 1540 1886 sunt,
1577 1825 1738 1894 partim

283 1901 589 1950 obsoleverunt
621 1906 705 1966 (8).
735 1905 806 1951 Sic
837 1905 965 1969 plura
994 1905 1165 1952 sancita
1199 1916 1302 1952 sunt
1335 1905 1453 1952 circa
1485 1915 1661 1969 tempus
1700 1915 1743 1952 et

282 1977 424 2025 locum
459 1979 618 2042 quibus
653 1980 907 2043 coniugium
942 1981 1044 2026 iniri
1078 1991 1228 2045 posset
1255 1983 1340 2043 (9).

379 2113 424 2153 (4)
443 2113 592 2154 Plerique
600 2113 755 2146 eiusmodi
766 2116 845 2147 ritus
857 2116 977 2148 iamdiu
991 2117 1179 2149 obtinebant
1191 2117 1225 2148 in
1239 2117 1362 2158 nuptiis
1369 2117 1588 2149 Hebraeorum
1598 2118 1631 2149 et
1639 2117 1746 2149 Etbni·

281 2173 392 2196 corum
401 2190 410 2205 ,
428 2174 510 2206 quos
522 2166 657 2198 ecclesia
670 2166 807 2199 adscivit
820 2176 856 2200 ac
870 2168 1094 2201 sanctificavit.
1109 2169 1158 2201 Cf.
1173 2170 1316 2202 Mai-tene
1329 2172 1379 2202 De
1396 2171 1532 2212 antiqu.
1548 2169 1631 2202 eccl.
1644 2169 1743 2202 rme.

285 2215 340 2247 lib.
360 2218 385 2247 1.
400 2225 429 2249 c..
444 2219 499 2249 IX.
516 2220 583 2249 not.
601 2222 619 2250 3
633 2220 666 2250 et
680 2221 710 2250 4.
725 2219 876 2251 Goarium
903 2221 935 2251 in
959 2221 1171 2262 Eucholoqio
1198 2224 1264 2254 not.
1290 2223 1324 2254 in
1345 2222 1503 2262 offici-um
1527 2223 1742 2255 coronation.

282 2278 313 2309 p.
330 2272 386 2302 397
401 2278 491 2310 seqq.
506 2272 534 2302 1.
549 2273 587 2302 A.
600 2270 782 2303 Fabricium
795 2271 829 2303 in
843 2273 1105 2315 Biblioyraphia
1119 2276 1322 2317 antiquaria
1337 2284 1408 2316 cap.
1422 2278 1491 2308 XX.

379 2322 424 2362 (5)
445 2323 660 2355 Tertullianus
673 2324 707 2355 in
722 2324 778 2355 lib.
793 2325 819 2355 Ι.
835 2325 885 2357 Ad
897 2334 999 2358 uxor.
1017 2336 1087 2367 cap.
1100 2322 1150 2358 ‘lx
1175 2327 1239 2360 iam
1257 2328 1404 2360 meminit
1415 2327 1600 2359 oblationis
1613 2325 1647 2358 ln
1662 2326 1742 2359 oele-

281 2373 426 2406 brab'one
439 2375 635 2407 matrimonii
651 2375 770 2408 dicens:
782 2376 963 2417 confirmat
973 2379 1102 2411 oblatio
1107 2391 1120 2418 ,·
1132 2389 1214 2420 quae
1224 2381 1321 2413 verba
1333 2379 1468 2412 omnino
1478 2378 1613 2420 intelligi
1627 2378 1744 2412 debere

280 2426 320 2458 ‹le
335 2427 491 2459 sacrificio
506 2428 620 2460 missae
631 2430 664 2459 et
675 2429 900 2461 communione
914 2431 1053 2462 ostendit
1065 2431 1295 2472 ‚albaspinaeus
1308 2432 1341 2463 in
1357 2431 1442 2463 notis
1457 2430 1499 2462 ad
1514 2431 1601 2463 hunc
1619 2431 1739 2464 locum:

375 2478 421 2519 (6)
441 2481 490 2511 De
502 2487 569 2520 qua
581 2480 777 2512 continentia
793 2480 863 2513 fuse
877 2481 990 2513 scribit
1003 2484 1178 2516 Martenius
1193 2485 1258 2516 loc.
1268 2484 1327 2516 eit.
1338 2492 1369 2515 c.
1387 2484 1444 2515 lv.

375 2530 420 2571 (7)
441 2531 490 2563 cf.
498 2531 635 2573 Phillips
646 2534 703 2565 Du
719 2532 811 2565 droit
826 2533 1081 2576 ecclesiascique
1094 2535 1183 2568 dans
1196 2545 1248 2569 ses
1256 2537 1431 2578 principes
1446 2534 1742 2576 qenerauoe.·1·rad.

281 2584 426 2615 crouzet.
443 2583 533 2616 Paris
550 2589 638 2617 1850.
652 2588 731 2617 tom
747 2585 844 2618 deux.
860 2586 916 2619 liv.
932 2589 959 2619 Ι.
975 2587 1003 2628 §.
1017 2589 1104 2620 cix
1115 2598 1187 2630 pag.
1201 2593 1273 2622 403.

378 2635 424 2676 (8)
444 2637 531 2668 Haec
547 2637 657 2669 omnia
675 2638 811 2670 collecta
833 2640 909 2671 sunt
931 2640 1017 2681 apud
1038 2642 1190 2674 ehardon
1208 2643 1293 2674 nist.
1307 2641 1366 2674 des
1380 2647 1573 2674 sacremens
1587 2642 1739 2675 tom.V1.

281 2688 373 2719 Hm.
386 2687 435 2720 du
452 2690 607 2730 mariaqe
618 2689 670 2721 ch
687 2691 743 2722 lv.
759 2691 820 2723 art.
838 2695 865 2724 1.
878 2692 911 2724 et
922 2697 950 2724 2.
963 2701 1001 2724 ex
1018 2693 1136 2733 quibus
1150 2695 1271 2736 pateta
1284 2694 1450 2726 nonnullis
1470 2693 1606 2735 privatis
1625 2694 1659 2727 et
1670 2700 1742 2735 par-

277 2739 467 2772 ucularibus
481 2741 626 2774 ecclesiis
640 2742 803 2775 interdum
818 2745 959 2776 erratum
971 2745 1079 2778 fuisse:
1094 2755 1195 2787 quare
1203 2754 1288 2788 quae
1301 2745 1366 2778 ab
1353 2746 1435 2788 ipsis
1445 2755 1612 2788 perperam
1624 2746 1743 2780 oonsu-

276 2791 345 2822 tuta
359 2792 434 2884 εῗιΞῑ
442 2792 701 2876 1*gildablecclesia
715 2796 877 2836 universa,
899 2795 951 2828 vel
965 2804 984 2828 a
1003 2805 1083 2830 rom.
1101 2797 1309 2839 pontificibus
1325 2796 1410 2830 sunt
1416 2797 1632 2833 emendata.

390 2847 408 2876 9
479 2854 487 2875 ι
516 2871 522 2877 .
539 2854 557 2877 c
569 2853 632 2886 lap.
648 2847 703 2879 ΙΙΙ.
