1980 3260
243 234 333 268 cn.
352 234 397 268 11.
415 233 467 268 ns
486 233 625 269 roms.
644 234 878 270 rumam.
896 233 1298 270 01n.mrn.cnmsr.
1317 234 1409 269 mr.
1429 234 1474 268 n.
1534 218 1622 267 391

175 312 297 361 nulla
325 314 562 364 adiicimus
587 316 869 373 nominatim,
895 316 959 364 uti
984 316 1345 380 praemonuimus
1361 353 1371 372 ‚
1399 315 1444 361 in
1466 314 1520 361 D.
1537 313 1639 361 Car-

170 390 283 437 riere
317 390 585 448 doctrinam,
625 409 740 456 quae
774 391 1042 455 singularem
1082 390 1512 439 animadversionem
1552 389 1638 438 hoc

166 464 262 514 loco
285 477 498 524 meretur,
526 467 614 515 alia
638 467 799 515 dicturi
823 468 975 516 eadem
995 467 1051 515 de
1069 485 1115 515 re
1132 468 1277 533 capite
1294 485 1395 516 mox
1413 467 1632 532 sequenti.

165 542 231 597 Ex
257 541 390 598 dictis
418 542 527 590 satis
554 553 725 591 constat
754 561 1082 608 supervacaneo
1106 544 1256 592 labore
1279 544 1485 592 adnisum
1510 561 1634 601 esse,

164 628 214 666 ut
237 619 525 683 persuaderet
548 619 715 668 nullam
734 620 780 667 in
797 637 849 669 eo
867 638 967 669 esse
986 621 1324 687 repugnantiam
1340 660 1350 679 ,
1378 620 1498 686 quod
1522 620 1638 667 duae

165 702 405 758 potestates
441 711 495 741 ex
529 712 670 760 aequo
705 695 750 742 in
784 713 920 743 unam
953 696 1242 762 eamdemque
1271 714 1388 753 rem,
1422 695 1469 742 in
1501 710 1638 743 unum

100 834 102 836 Ι
165 768 374 835 idemque
405 768 624 817 obiectum
658 771 730 819 ius
763 782 1006 820 exerceant.
1040 772 1165 819 Duae
1204 771 1414 819 nimirum
1454 771 1641 820 auctori-

165 854 285 900 tates
313 862 550 910 supremae
582 857 715 911 atque
749 846 806 894 ab
839 846 1028 896 invicem
1064 847 1431 913 independentes.
1462 848 1560 904 Qua
1583 847 1640 895 de

165 937 280 977 rein.
306 923 415 969 562.
437 921 524 969 ait:
552 940 575 967 «
591 921 853 971 Nullatenus
883 935 1100 988 repugnat
1133 922 1250 970 idem
1284 923 1504 972 obiectum
1529 921 1641 971 utri-

164 1016 253 1064 que
285 998 534 1047 auctoritati
569 998 748 1047 subiici.
779 998 893 1046 Illud
919 1010 1127 1048 asserunt
1154 998 1423 1058 adversarii,
1453 999 1532 1048 sed
1557 1017 1640 1046 non

160 1075 363 1140 probant,
379 1092 460 1123 nec
478 1093 669 1140 unquam
678 1075 927 1141 probabunt
944 1093 1206 1141 repugnare,
1221 1086 1270 1124 ut
1287 1075 1404 1124 idem
1417 1075 1638 1124 obiectum

164 1151 332 1201 directe
354 1147 514 1200 influat
531 1152 576 1199 in
593 1144 758 1201 bonum
776 1150 953 1218 utrique
978 1153 1185 1218 potestati
1211 1153 1462 1202 subiectum
1484 1154 1637 1216 (77).»

165 1227 374 1293 Quinque
408 1227 570 1276 deinde
605 1223 850 1276 rationibus
890 1228 1095 1276 adductis
1132 1229 1189 1277 ad
1225 1229 1322 1277 hoc.
1345 1229 1463 1277 idem
1510 1247 1642 1295 para·-

165 1304 328 1352 doxum
363 1304 750 1370 persuadendum,
784 1321 898 1370 quas
933 1304 1008 1352 hic
1041 1322 1130 1353 non
1161 1322 1428 1371 persequar;
1458 1323 1502 1352 n.
1528 1308 1636 1352 565.

165 1379 333 1446 pergit:
359 1380 445 1427 «Si
479 1391 626 1429 tamen
660 1380 850 1429 invicem
884 1379 1152 1429 dissentiant
1184 1382 1393 1447 princeps
1428 1392 1470 1429 et
1502 1381 1642 1430 eccle—

166 1450 260 1516 sia,
289 1474 378 1505 non
402 1456 503 1505 ideo
526 1457 805 1522 impossibile
828 1457 912 1506 erit
935 1475 1027 1505 rem
1053 1475 1332 1524 componere.
1357 1458 1529 1505 Etenim
1553 1458 1642 1506 duo

166 1533 483 1600 impedimenta
499 1551 587 1582 non
608 1544 798 1599 possunt
819 1551 921 1582 esse
945 1534 1122 1600 proprie
1146 1535 1487 1582 contradictoria
1502 1573 1512 1592 ,
1539 1552 1641 1583 cum

166 1627 256 1658 non
291 1609 408 1667 sint,
444 1619 494 1657 ut
527 1609 589 1657 ita
623 1609 795 1668 dicam,
835 1610 922 1657 nisi
963 1611 1078 1658 duae
1120 1611 1379 1675 negationes
1414 1628 1494 1658 seu
1528 1611 1644 1659 duae

167 1685 501 1752 incapacitates.
527 1685 665 1750 Igitur
688 1688 733 1733 in
757 1704 810 1734 eo
835 1697 1004 1734 tantum
1023 1688 1188 1753 ,poterit
1211 1687 1371 1735 adesse
1394 1687 1637 1743 dissensio,

168 1763 289 1830 quod
321 1762 390 1812 vel
426 1763 631 1829 princeps
668 1763 891 1811 recusabit
922 1755 1162 1828 agnoscere
1196 1763 1561 1829 impedimentum
1586 1764 1643 1812 ab

166 1840 356 1890 ecclesia
383 1840 695 1897 constitutum,
716 1839 785 1888 vel
806 1840 1273 1906 viceversa...Nempe
1298 1841 1411 1888 inter
1433 1840 1522 1888 duo
1546 1858 1641 1887 maa

168 1916 374 1966 trimonia
405 1934 498 1964 una
533 1927 727 1982 potestas
762 1916 874 1964 illud
906 1914 1074 1964 iudicat
1106 1916 1327 1974 validum,
1356 1916 1476 1982 quod
1504 1916 1643 1964 altera

169 1992 434 2059 pronunciat
466 1992 688 2040 irritum.»
717 1993 820 2041 Post
854 1992 964 2041 haec
999 1993 1141 2058 pergit
1175 2003 1353 2051 auctor,
1398 1990 1643 2058 fateturque

169 2060 261 2118 no'n'
280 2086 414 2136 posse
436 2069 685 2136 principem
719 2069 949 2118 destruere
984 2069 1350 2134 impedimentum
1374 2069 1431 2117 ab
1454 2069 1643 2118 ecclesia

167 2147 420 2202 decretum,
453 2145 615 2194 deinde
637 2163 743 2194 vero
771 2143 934 2212 pariter
961 2146 1114 2194 statuit
1137 2163 1226 2194 non
1251 2163 1385 2211 posse
1407 2146 1641 2194 ecclesiam

168 2219 378 2279 reiicere,
418 2239 498 2270 seu
532 2221 689 2270 saltem
723 2240 812 2270 non
847 2222 1028 2270 reiicere
1051 2222 1108 2270 de
1130 2222 1245 2271 facto
1278 2222 1639 2289 impedimentum

169 2317 196 2347 a
230 2309 446 2365 potestate
478 2297 597 2347 civili
635 2299 948 2357 constitutum,
987 2299 1073 2347 nisi
1108 2299 1167 2347 sit
1202 2299 1431 2347 iniustum.

265 2522 333 2563 (77)
355 2521 404 2555 Ad
424 2521 512 2564 quod
536 2521 766 2554 declarandum
790 2522 891 2554 utitur
917 2521 1071 2562 exemplis
1095 2521 1202 2563 petitis
1230 2527 1268 2553 ex
1296 2520 1404 2560 sestis,
1433 2516 1524 2551 bonis
1542 2518 1640 2550 eccle-

169 2576 309 2609 siasticis
324 2577 389 2609 etc.
405 2576 498 2618 quasi
524 2584 641 2616 nempe
665 2575 825 2616 principes
847 2574 898 2607 ius
919 2574 1073 2609 haberent
1093 2574 1126 2606 in
1139 2574 1254 2614 festa,
1269 2575 1366 2614 atque
1382 2573 1413 2604 in
1432 2572 1520 2603 bona
1539 2570 1641 2603 eccle-

170 2631 334 2669 siastica,
356 2627 471 2661 eodem
493 2628 591 2660 modo
612 2636 678 2670 quo
700 2627 796 2660 habet
817 2627 883 2660 eccl
941 2627 968 2668 ¹,
989 2628 1023 2660 et
1044 2627 1137 2669 quasi
1158 2636 1223 2659 non
1246 2627 1329 2658 esset
1348 2626 1425 2657 haec
1440 2623 1587 2656 doctrina
1599 2623 1639 2655 ab

170 2681 304 2714 ecclesia
328 2689 423 2723 saepe
443 2681 594 2713 damnata
610 2705 619 2721 ‚
645 2681 832 2722 praesertim
854 2689 893 2712 ve
910 2689 930 2712 o
952 2680 986 2712 in
1010 2682 1157 2713 constit.
1181 2688 1346 2711 aceruum
1368 2686 1451 2709 Pium
1473 2686 1565 2718 prop.
1582 2678 1637 2708 lv.

170 2735 212 2766 V.
228 2735 371 2767 Lxxnl.
386 2734 419 2766 in
435 2743 501 2775 qua
518 2734 634 2766 ultima
647 2733 878 2775 propositione,
892 2722 972 2770 iicet
986 2733 1109 2766 directe
1122 2742 1227 2765 sermo
1240 2731 1282 2763 sit
1294 2731 1335 2763 ‹le
1348 2730 1520 2771 episcopis,
1538 2729 1641 2766 multo

171 2787 275 2827 magis
302 2786 343 2819 de
362 2787 499 2820 seculari
519 2787 678 2828 potestate
704 2786 737 2819 id
766 2786 964 2828 dicendum3
991 2786 1116 2819 nullum
1140 2785 1263 2817 scilicet
1289 2784 1350 2825 ipsi
1382 2783 1432 2815 ius
1460 2791 1529 2816 esse
1556 2782 1641 2815 circa

173 2838 254 2871 resta
275 2839 343 2872 sive
362 2838 541 2881 abolenda,
563 2839 632 2872 sive
652 2839 886 2873 transferenda.
