1980 3260
291 254 523 286 cAr.v1.na
543 252 1029 286 uATa.nAnm.1N·r.sn
1049 253 1127 283 vm„
1138 252 1222 284 cum
1240 252 1362 284 cun.
1382 253 1472 284 Aur.
1491 253 1534 285 11.
1598 238 1683 283 211

325 331 459 379 Hisce
492 331 762 396 argumentis
798 331 937 397 prima
981 331 1120 378 fronte
1160 348 1246 378 non
1281 330 1485 388 levibus,
1523 341 1566 378 et
1600 331 1690 379 alia

226 406 345 454 haud
381 408 635 472 spernenda
667 407 908 456 accedunt:
933 408 977 453 1.
1009 415 1076 454 est
1109 406 1256 471 quod,
1284 417 1334 454 ut
1355 407 1579 455 adnotavit
1610 407 1690 455 Be-

224 483 426 531 nedictus
459 484 567 531 XIV.
607 484 653 530 in
687 500 770 532 sua
803 482 902 548 ipsa
934 482 1240 529 Declaratione
1279 499 1359 546 pro
1398 482 1689 530 matrimoniis

223 558 487 608 Hollandiae
514 597 524 616 ,
566 579 588 605 «
622 559 725 607 licet
754 558 970 606 Sanctitas
1004 572 1111 615 sua,
1150 575 1237 605 non
1272 557 1538 621 ignoraverit
1577 559 1688 606 alias

225 636 273 683 in
296 635 481 684 casibus
503 635 773 699 quibusdam
800 634 1164 699 particularibus,
1187 644 1231 682 et
1246 635 1423 682 attentis
1447 646 1538 682 tum
1563 652 1691 700 expo-

223 711 324 760 sitis
358 710 706 759 circumstantiis
729 747 740 767 ,
776 727 949 758 sacram
984 711 1365 773 congregationem
1398 711 1572 758 concilii
1611 728 1690 775 pro

223 794 375 836 eorum
402 785 740 848 (coniugiorum
765 784 880 831 inter
902 783 1176 847 haereticos)
1206 784 1482 832 invaliditate
1508 803 1691 850 respon-

220 861 366 918 disse,
404 877 545 925 aeque
578 870 725 908 tamen
761 869 1031 924 compertum
1069 859 1276 906 habuerit
1308 860 1421 906 nihil
1453 860 1593 907 adhuc
1623 879 1692 924 qe-

223 937 407 984 neratim
440 946 480 983 et
512 937 712 984 universe
741 953 875 1001 super
902 935 1122 982 eiusmodi
1152 935 1445 982 matrimoniis
1471 935 1611 983 fuisse
1633 936 1691 983 ab

221 1012 466 1077 apostolica
500 1013 606 1060 sede
640 1012 920 1069 definitump)
941 1029 994 1059 ex
1026 1028 1116 1076 quo
1151 1012 1350 1075 sequitur
1384 1011 1497 1057 nihil
1532 1011 1691 1059 obesse

226 1087 466 1152 quominus
501 1088 605 1153 quis
639 1088 685 1135 in
718 1087 1022 1151 benigniorem
1050 1087 1314 1135 sententiam
1345 1087 1547 1144 inclinet,
1576 1105 1690 1135 eam-

223 1171 312 1229 que
344 1164 673 1230 complectatur.

323 1242 366 1287 2.
406 1241 510 1297 Est,
553 1240 674 1305 quod
707 1239 809 1288 licet
836 1257 917 1304 per
948 1258 1015 1296 se,
1054 1250 1187 1305 atque
1222 1239 1461 1287 tridentina
1501 1240 1692 1305 disposi-

224 1317 343 1365 tione
362 1317 409 1364 in
426 1317 572 1381 rigore
599 1327 796 1381 accepta,
825 1317 935 1364 haec
958 1316 1238 1373 matrimonia
1270 1316 1468 1364 invalida
1502 1316 1691 1364 dicenda

222 1400 398 1447 essent,
427 1402 575 1439 tamen
605 1409 658 1440 ex
686 1392 900 1440 ecclesiae
934 1392 1066 1440 tacita
1099 1392 1254 1439 saltem
1288 1392 1566 1439 conniventia
1600 1402 1693 1452 rata

223 1466 381 1517 haberi
405 1468 581 1533 'possint
600 1486 652 1516 ac
668 1468 832 1517 valida.
865 1468 1028 1533 Reipsa
1051 1468 1172 1515 card.
1203 1467 1315 1516 Gotti
1342 1485 1441 1515 cum
1465 1468 1553 1516 sibi
1577 1468 1692 1516 obie-

221 1544 362 1594 cisset
384 1561 476 1593 sac.
500 1545 860 1609 congregationis·
886 1544 1061 1592 concilii
1080 1544 1315 1592 decretum
1339 1562 1413 1592 an.
1440 1546 1691 1609 ·1602·.qu0

226 1620 348 1668 irrita
370 1620 714 1686 haec'coni'ugia
736 1622 1057 1679 decernuntur,
1086 1621 1263 1669 subdit:
1287 1621 1400 1668 «Alii
1428 1632 1572 1668 tamen
1597 1639 1694 1686 pro-

223 1695 372 1745 babile
404 1707 588 1748 censent
620 1698 719 1746 illos
754 1698 1086 1761 (haereticos),
1115 1715 1167 1745 ex
1194 1700 1325 1745 tacita
1354 1699 1517 1746 summi
1548 1699 1694 1763 ponti-

220 1772 326 1821 ficis·
340 1773 533 1822 scientia
555 1784 643 1822 non
668 1774 948 1823 reclamantis
973 1774 1332 1838 dispensatione,
1364 1774 1402 1822 si
1434 1774 1545 1833 nihil
1571 1773 1693 1823 aliud

221 1847 374 1906 obsit,
417 1849 566 1897 valide
605 1850 892 1906 contrahere,
935 1851 974 1897 si
1010 1850 1273 1897 contrahant
1307 1867 1454 1897 coram
1490 1850 1694 1898 ministro

222 1941 307 1973 suo
327 1962 338 1981 ,
368 1925 557 1974 *velubi
593 1927 867 1974 consuetudo
901 1936 992 1983 est,
1021 1943 1167 1973 coram
1197 1925 1372 1973 duobus
1409 1925 1611 1973 testibus.
1641 1926 1695 1972 Et

220 1999 335 2048 ratio
358 2011 452 2058 est,
480 2002 587 2066 quia
611 2002 801 2050 ecclesia
825 2019 976 2050 eorum
1000 2002 1282 2048 matrimonia
1309 2019 1393 2048 non
1420 2002 1560 2048 reiicit
1583 2010 1695 2048 tam-

224 2092 358 2140 quam
382 2076 615 2140 illegitima
637 2079 787 2140 (21).»

246 2160 267 2201 ,³
314 2154 367 2203 3.
406 2152 513 2206 Est,
551 2153 669 2217 quod
706 2153 817 2200 haec
855 2153 1069 2200 ecclesiae
1112 2153 1242 2200 tacita
1283 2153 1563 2201 conniventia
1606 2171 1694 2201 non

224 2227 356 2277 modo
385 2228 577 2291 supponi
606 2238 778 2291 potest,
807 2228 887 2275 sed
911 2228 1145 2276 manifeste
1168 2228 1389 2292 colligitur
1414 2246 1466 2276 ex
1494 2228 1694 2276 eiusdem

225 2302 385 2365 agendi
422 2302 612 2358 ratione;
654 2320 755 2349 nam
790 2319 891 2350 cum
926 2303 1056 2351 ambo
1090 2304 1300 2367 coniuges
1334 2322 1387 2352 ex
1422 2304 1598 2351 haeresi
1638 2304 1693 2351 ad

227 2377 549 2441 professionem
572 2378 817 2426 catholicae
848 2377 1074 2442 religionis
1103 2397 1151 2428 se
1180 2380 1423 2444 recipiunt,
1452 2397 1695 2445 numquam

222 2469 300 2500 eos
336 2453 475 2517 adigit
504 2454 560 2501 ad
597 2447 896 2503 renovandum
931 2472 1195 2504 consensum
1214 2495 1224 2513 ,
1263 2474 1352 2521 quo
1388 2456 1563 2504 illorum
1596 2473 1696 2503 con-

224 2528 396 2592 iugium
431 2530 674 2594 legitimum
708 2531 914 2590 evadat,
940 2550 1084 2598 neque
1118 2550 1331 2598 umquam
1367 2532 1609 2597 permittit,
1648 2542 1697 2579 ut

227 2621 368 2654 novae
395 2607 579 2672 nuptiae
605 2608 812 2655 ineantur
831 2647 841 2665 ,
869 2625 921 2656 ac
945 2609 983 2656 si
1011 2609 1134 2657 nulla
1167 2626 1219 2658 ac
1254 2609 1484 2672 illegitima
1515 2607 1699 2655 haberet

228 2681 448 2731 eiusmodi
484 2683 806 2733 haereticorum
840 2685 1078 2733 connubia.
1108 2686 1182 2733 Sic
1205 2704 1272 2734 ex.
1294 2703 1358 2749 gr.
1384 2685 1428 2731 in
1449 2683 1697 2731 Palatinatu

228 2759 504 2824 Neoburgico
522 2801 532 2818 ,
571 2773 807 2827 postquam
842 2763 900 2810 ad
933 2763 1198 2829 obsequium
1240 2779 1447 2811 romanae
1482 2760 1697 2811 ecclesiae

318 2857 385 2899 (21)
403 2861 454 2894 De
468 2862 573 2895 matr.
589 2862 713 2903 quaest.
727 2863 814 2895 vul.
833 2861 1026 2904 dub.x1.§.
1042 2868 1072 2897 3.
1085 2872 1117 2896 n.
1137 2868 1186 2895 22,
1604 2911 1631 2940 ἧς
