1980 3260
275 255 363 287 CAP.
382 254 438 288 v1.
451 255 503 288 DE
517 255 641 288 MATR.
660 254 838 287 umam.
852 254 935 287 lNT.
953 254 1000 286 SE
1018 253 1097 286 VEL
1117 253 1200 286 CUM
1222 252 1344 286 CA'rn.
1364 254 1457 286 ΛΒΤ.
1477 254 1523 285 ῙῙ.
1588 239 1677 284 245

210 351 326 398 quae
358 352 386 381 a
420 334 822 400 propugnatoribus
858 332 1020 380 valoris
1051 333 1209 380 horum
1239 333 1546 396 coniugiorum
1580 332 1682 379 essc-

211 421 384 466 runtur,
405 412 450 457 in
469 411 586 458 hanc
609 411 874 458 sententiam
898 420 1232 466 concesserant,
1256 427 1343 457 non
1367 410 1498 458 modo
1523 409 1680 474 pedem

208 486 267 533 ab
300 486 377 534 illa
410 490 715 543 retraxerunt,
760 486 840 534 sed
874 486 1022 551 palam
1058 486 1247 552 professi
1282 496 1388 534 sunt
1416 487 1681 534 sententiam

209 562 332 610 illam
357 564 479 611 omni
504 562 816 627 probabilitate
846 562 1051 619 destitui,
1081 580 1224 628 neque
1248 562 1539 610 attendendos
1568 563 1682 626 eius-

211 638 330 686 modi
364 637 593 701 theologos
628 655 729 685 esse
762 648 838 685 aut
873 638 1127 685 canonistas
1153 640 1270 700 (68).

305 713 431 768 Quae
464 729 565 759 cum
599 714 660 760 ita
693 729 742 760 se
777 713 995 770 habeant,
1030 714 1118 761 iam
1147 715 1341 779 quisque
1371 714 1577 779 intelligit
1600 732 1680 763 nos

207 787 329 836 haud
363 803 496 854 posse
529 787 794 834 sententiam
814 825 824 843 ‚
865 805 945 835 seu
979 789 1126 853 potius
1160 806 1309 836 veram
1344 788 1592 837 doctrinam
1627 790 1683 838 de

207 863 410 911 nullitate
445 863 749 926 coniugiorum
785 863 841 909 de
880 863 1044 928 quibus
1085 865 1232 927 agitur
1259 902 1269 920 ,
1308 881 1395 912 non
1438 866 1676 930 amplecti,

205 957 394 1005 eamque
428 957 517 988 non
552 940 681 988 tueri.

299 1015 517 1081 Asperam
541 1015 654 1063 forte
676 1015 921 1063 doctrinam
947 1015 1063 1064 hanc
1086 1015 1312 1063 nonnullis
1343 1017 1389 1062 in
1419 1016 1681 1081 theologicis

206 1102 282 1140 aut
316 1092 544 1140 canonicis
578 1091 832 1157 disciplinis
862 1109 950 1139 non
982 1091 1221 1139 admodum
1254 1093 1442 1140 versatis
1481 1093 1682 1141 accidere

210 1168 332 1217 haud
366 1169 633 1226 diffitemur,
662 1169 701 1216 si
728 1186 798 1216 res
825 1168 1044 1216 theoretice
1072 1179 1318 1233 spectetur;
1347 1179 1417 1216 ast
1435 1169 1471 1216 si
1492 1170 1684 1234 practice

207 1262 258 1294 ac
281 1245 327 1292 in
351 1246 506 1294 ordine
540 1245 671 1302 reali,
700 1255 749 1292 ut
771 1235 917 1302 aiunt,
953 1245 1268 1310 perpendatur,
1298 1245 1538 1311 plurimum
1563 1246 1683 1294 eius-

204 1321 324 1370 modi
352 1321 606 1387 asperitatis
634 1321 834 1369 doctrina
857 1320 970 1369 haec
993 1321 1220 1386 deperdet.
1246 1321 1382 1369 Multo
1405 1339 1508 1370 vero
1531 1322 1682 1369 minus

205 1398 415 1447 haeretici
458 1397 654 1454 habent,
704 1397 824 1463 quod
860 1397 916 1444 de
950 1415 1003 1445 ea
1038 1398 1153 1445 iuste
1197 1409 1557 1463 conquerantur,
1605 1409 1682 1446 aut

203 1474 249 1520 in
283 1473 518 1522 ecclesiam
553 1472 817 1521 catholicam
852 1473 937 1520 hac
971 1473 1028 1520 de
1061 1490 1199 1521 causa
1234 1474 1481 1537 insurgant.

301 1549 503 1605 Etenim,
542 1560 591 1597 ut
623 1567 676 1596 ex
710 1548 913 1596 dicendis
949 1549 994 1595 in
1030 1549 1282 1614 insequenti
1324 1548 1511 1597 articulo
1560 1561 1682 1614 pate-

204 1626 297 1684 bit,
330 1625 520 1674 ecclesia
554 1625 793 1673 mitissima
828 1642 877 1672 se
912 1643 1011 1673 cum
1047 1625 1284 1673 haereticis
1320 1626 1487 1673 ratione
1511 1644 1560 1674 se
1582 1644 1683 1690 ges-

204 1702 264 1751 sit
288 1719 339 1751 ac
362 1702 498 1766 gerit;
538 1701 705 1749 nullam
737 1719 935 1767 unquam
971 1702 1028 1750 iis
1063 1702 1147 1749 hac
1182 1702 1239 1749 de
1272 1719 1408 1750 causa
1432 1702 1681 1750 molestiam

205 1778 355 1828 intulit
378 1789 455 1826 aut
478 1778 624 1826 infert.
653 1777 1019 1826 Dissimulatione
1047 1779 1216 1843 passim
1248 1796 1299 1826 ac
1333 1778 1562 1827 tolerantia
1595 1779 1682 1827 uti-

203 1865 296 1912 tur,
334 1871 387 1902 ac
419 1855 458 1901 si
491 1853 602 1919 quid
637 1860 691 1901 ex
725 1852 810 1901 hac
842 1853 1044 1901 doctrina
1082 1864 1125 1901 et
1159 1854 1284 1918 praxi
1323 1855 1547 1919 provenit,
1585 1871 1683 1902 ver—

205 1931 311 1979 titur
338 1930 518 1978 demum
544 1931 588 1976 in
619 1929 786 1977 bonum
811 1930 1012 1994 ipsorum
1038 1930 1383 1978 acatholicorum
1400 1968 1410 1987 ‚
1439 1930 1478 1978 si
1503 1930 1682 1995 quando

200 2008 429 2072 contingat
462 2024 539 2055 eos
578 2007 623 2054 in
659 2006 876 2054 ecclesiae
915 2005 1160 2054 catholicae
1201 2006 1349 2054 sinum
1380 2006 1548 2063 redire,
1573 2006 1680 2054 dum

204 2085 318 2150 ipsis
354 2082 635 2148 indulgetur,
676 2084 738 2131 ita
767 2082 1054 2148 poscentibus
1091 2099 1237 2130 rerum
1261 2082 1500 2140 adiunctis,
1528 2082 1599 2131 vel
1625 2082 1682 2131 ob

203 2171 358 2208 mutua
382 2160 600 2215 dissidia,
639 2159 708 2207 vel
743 2159 800 2207 ob
829 2159 1155 2224 separationem
1181 2158 1238 2206 ab
1262 2159 1473 2216 invicem,
1503 2158 1681 2224 aliaque

203 2236 456 2292 eiusmodi,
491 2253 628 2284 novas
663 2236 776 2282 inire
811 2236 1020 2299 nuptias,
1060 2235 1124 2282 uti
1159 2252 1211 2282 ex
1245 2253 1333 2283 non
1362 2236 1518 2300 paucis
1560 2253 1681 2284 reso-

204 2312 448 2360 lutionibus
489 2311 655 2376 liquet,
700 2322 777 2358 aut
810 2311 1037 2376 proprium
1072 2311 1318 2359 instaurare
1351 2311 1606 2376 coniugium
1642 2313 1679 2360 si

205 2388 336 2435 ambo
369 2388 682 2435 convertantur
714 2386 941 2450 coniuges.

301 2499 367 2540 (68)
390 2498 443 2531 Sic
473 2498 557 2531 inter
583 2500 706 2531 ceteros
739 2498 891 2531 Placidus
915 2499 1047 2531 Bockhn
1073 2508 1126 2541 op.
1149 2499 1204 2533 cit.
1229 2499 1270 2532 ad
1293 2500 1344 2533 tit.
1371 2501 1422 2532 De
1442 2498 1679 2533 clandestina.

208 2551 404 2594 desponsat.
419 2560 479 2584 nec
494 2560 559 2584 non
573 2553 619 2584 10.
636 2553 771 2593 Nepom.
788 2553 931 2593 Tropper
946 2562 998 2594 op.
1016 2553 1072 2585 cit.
1083 2561 1117 2584 n.
1130 2557 1199 2586 556.
1217 2553 1311 2586 cuius
1331 2553 1430 2585 verba
1446 2552 1500 2584 hic
1515 2552 1679 2585 describo:

204 2604 381 2644 «Bockhm
401 2604 527 2645 inquit,
542 2604 751 2646 Reiffenstuel
765 2606 798 2637 et
812 2605 991 2637 Holzmann
1010 2604 1049 2638 ll.
1062 2614 1109 2638 cc.
1125 2614 1201 2638 cum
1214 2606 1335 2645 Lessio,
1352 2604 1547 2638 Thenhaven
1563 2604 1596 2636 in
1609 2606 1682 2637 Nu·

205 2655 278 2689 cleo
293 2657 382 2689 turis
399 2664 522 2689 canon.
542 2656 564 2688 1.
581 2658 636 2688 lv.
651 2656 789 2697 aliisque
803 2655 942 2690 nullam
953 2656 1238 2698 probabilitatem
1252 2656 1355 2689 valori
1372 2656 1501 2688 illorum
1517 2657 1680 2688 matrimo-

203 2708 334 2741 niorum
347 2708 545 2748 admittunt,
566 2710 777 2751 asseruntque
795 2717 857 2742 nec
871 2709 1098 2742 attendendos
1112 2718 1183 2742 esse
1198 2710 1368 2753 oppositos
1389 2710 1480 2749 DD.,
1496 2717 1554 2741 nec
1567 2717 1681 2741 eorum

204 2761 390 2802 opinionem
407 2761 440 2792 in
455 2762 547 2802 praxi
559 2761 809 2803 consulendam,
829 2770 969 2803 cumque
983 2762 1110 2794 videam
1127 2762 1206 2794 haec
1215 2761 1332 2794 abillis
1343 2769 1407 2793 non
1424 2760 1587 2793 immerito
1601 2760 1679 2802 dici,

206 2812 341 2845 libenter
368 2813 433 2846 illis
456 2813 699 2846 adhaerendum
725 2814 880 2855 arbitror,
900 2814 1026 2847 tametsi
1045 2814 1220 2855 aliquando
1235 2814 1267 2845 in
1281 2814 1342 2846 hoc
1359 2815 1516 2847 tractatu
1535 2815 1609 2846 ante
1623 2813 1680 2846 ali-

205 2866 286 2906 quot
302 2874 403 2899 annos
427 2866 536 2906 edito,
560 2867 593 2899 in
613 2867 798 2909 oppositum
820 2867 1018 2909 propendere
1045 2868 1134 2901 visus
1154 2866 1303 2900 fuerim.»
