1980 3260
295 248 388 282 mr.
405 248 464 281 vi.
480 249 531 281 m:
549 249 674 282 nnn.
689 249 865 282 umam.
883 249 967 282 mr.
984 250 1030 282 sn
1051 249 1129 281 vm.
1148 250 1230 282 cum
1246 251 1367 283 cna.
1387 251 1478 282 Ani.
1496 250 1541 282 11.
1606 235 1693 280 229

231 329 350 375 mala
377 327 476 375 inde
507 324 788 376 verisimilius
821 339 1044 383 secutura,
1074 345 1174 375 cum
1203 329 1391 376 civiliter
1423 329 1619 377 validum
1645 330 1700 376 le—

232 402 524 469 gitimumque
555 403 772 453 habeatur
804 404 890 452 tale
923 404 1194 468 coniugium.
1230 404 1376 460 Quare
1400 405 1489 452 EE.
1512 404 1594 451 VV.
1618 406 1701 452 hu-

231 477 396 528 militer
424 497 555 544 rogo,
594 491 644 528 ut
677 481 856 529 modum
892 481 1177 545 mediumque
1207 481 1391 546 aliquod
1427 492 1520 529 tuto
1556 498 1703 545 proce*-

231 556 367 604 dendi
391 556 437 603 in
461 574 569 605 casu
602 557 908 621 praescribere
941 557 1227 621 dignentur.»
1249 557 1449 621 Cumque
1479 557 1701 620 negotium

227 632 383 689 istud,
420 642 471 680 ut
509 648 591 697 par
623 643 750 689 erat,
796 650 956 696 magna
995 632 1228 696 diligentia
1266 632 1503 680 excussum
1538 633 1667 679 fuerit
1689 671 1698 689 ,

231 725 305 755 an.
326 705 469 754 1829.
498 723 761 771 responsum
795 718 863 754 est
895 708 1007 755 cum'
1030 708 1193 755 summi
1227 707 1450 771 pontificis
1486 708 1704 771 approba-

233 783 370 840 tione,
397 781 518 847 quod
547 802 569 827 «
591 782 633 830 εξ
645 782 798 839 sedes,
826 782 903 829 ubi
927 783 1152 830 decretum
1171 783 1347 830 concilii
1371 784 1598 830 tridentini
1624 802 1706 848 pu-

231 858 444 907 blicatum
468 857 551 905 fuit
569 896 579 915 ,
608 858 753 923 neque
776 858 860 905 fuit
882 869 1063 905 extensa
1086 858 1325 906 declaratio
1349 859 1574 906 Benedicti
1592 861 1699 905 XIV.

226 944 452 998 *tamquam
481 933 606 980 nulla
635 933 760 981 habet
780 935 1058 981 matrimonia
1094 934 1309 980 celebrata
1344 944 1491 980 contra
1524 936 1706 997 sormam

232 1009 537 1057 tridentinam:
576 1009 677 1058 ideo
719 1021 914 1058 recurrat
947 1010 992 1056 in
1016 1009 1207 1057 *casibus
1243 1009 1590 1074 particularibus
1628 1028 1706 1074 pro

233 1088 485 1151 opportuno
509 1085 754 1134 remedio.»
825 1089 827 1092 '
1012 1088 1014 1091 ’

334 1162 535 1229 Cumque
557 1180 632 1210 an.
662 1163 804 1210 1847.
827 1164 1082 1228 propositus
1117 1162 1249 1210 fuerit
1281 1163 1337 1210 ab
1371 1163 1708 1228 episcopoFlu-

237 1238 373 1287 minis
405 1239 602 1287 Ianuarii
643 1239 946 1303 (Bia-idneiro
970 1239 1016 1285 in
1037 1238 1259 1302 Brasilia)
1301 1239 1542 1304 insequens
1578 1256 1709 1286 casus

234 1330 471 1379 supremae
495 1317 558 1362 es.
582 1314 784 1380 inquisit.
809 1314 1136 1378 congregationi
1156 1332 1164 1360 :
1200 1314 1375 1378 «Agnes
1400 1324 1443 1361 et
1467 1314 1629 1361 Paulus
1666 1315 1709 1359 in

233 1389 395 1447 Gallia,
420 1390 500 1438 illa
522 1391 736 1439 catholica
754 1391 852 1439 viste
885 1401 1031 1439 autem
1068 1391 1351 1445 acatholicus,
1381 1391 1710 1438 matrimonium

229 1466 431 1521 *inierunt
471 1467 689 1523 Parisiis,
734 1470 811 1515 sex
855 1467 926 1515 vel
973 1478 1140 1532 septem
1174 1467 1231 1514 ab
1266 1467 1371 1515 hinc
1406 1467 1546 1514 'annis
1592 1467 1711 1514 iuxta

234 1542 378 1607 legem
426 1544 630 1601 civilem,
677 1555 720 1592 et
752 1562 779 1592 a
817 1544 1022 1592 ministro
1068 1544 1314 1592 acatholico
1359 1544 1711 1591 benedictionem

234 1624 527 1686 acceperunt,
556 1621 621 1668 illi
640 1621 718 1686 qui
736 1639 853 1670 nunc
887 1621 933 1667 in
969 1638 1178 1686 suprema
1210 1621 1329 1668 dicta
1363 1620 1555 1668 dioecesi
1580 1620 1712 1683 (Rio-

235 1697 440 1760 laneiro)
480 1708 808 1746 commorantur
827 1735 837 1755 ,
878 1707 980 1762 post
1017 1697 1281 1754 biennium,
1321 1704 1421 1744 cu'm
1454 1697 1589 1744 vitam
1615 1705 1712 1743 ‘ma-

235 1771 410 1821 ritalem
436 1772 636 1838 amplius
661 1791 792 1837 agere
816 1791 904 1822 non
926 1774 1124 1822 valerent
1153 1785 1332 1839 propter
1355 1791 1512 1836 graves
1537 1773 1714 1820 dissen-

235 1848 414 1897 sionum
451 1852 617 1897 ‘causas
651 1849 767 1897 inter
800 1867 849 1897 se
882 1860 1034 1907 ortas,
1074 1850 1324 1897 auctoritati
1360 1848 1478 1897 civili
1516 1850 1563 1894 in
1596 1848 1714 1897 dicta

233 1922 428 1972 dioecesi
463 1941 513 1973 se
546 1924 780 1982 stiterunt,
811 1937 854 1974 et
886 1942 986 1973 cum
1021 1925 1249 1973 conciliari
1285 1943 1374 1973 non
1409 1932 1614 1989 possent,
1645 1941 1714 1972 se-

234 2000 512 2066 parationem
536 2000 777 2066 perfectam
794 2008 838 2049 et'
853 2000 1102 2049 absolutam
1123 2001 1239 2065 pacti
1260 2001 1465 2057 fuerunt„
1489 2007 1712 2065 tamquam

236 2077 277 2125 si
302 2095 547 2142 numquam
567 2078 900 2126 matrimonium
926 2078 1263 2125 contraxissent.
1289 2077 1436 2133 Quare
1454 2076 1601 2140 Agnes
1625 2077 1716 2140 epi-

236 2169 422 2217 scopum
458 2152 704 2209 consuluit,
743 2171 800 2200 an
835 2153 1024 2200 liberum
1051 2152 1116 2198 illi
1142 2153 1201 2200 sit
1223 2152 1360 2200 alium
1390 2151 1532 2200 virum
1563 2151 1715 2199 catho-

236 2227 375 2276 licum
399 2228 585 2285 ducere,
614 2239 743 2292 prout
766 2229 812 2276 in
835 2228 950 2276 votis
981 2229 1195 2286 habebat;
1225 2228 1304 2277 seu
1336 2228 1456 2293 quod
1483 2228 1601 2275 idem
1626 2239 1708 2284 est,

239 2305 466 2369 quodnam
493 2303 706 2352 iudicium
727 2304 1055 2353 efformandum
1074 2305 1133 2354 sit
1148 2305 1203 2352 de
1227 2305 1304 2353 illo
1329 2315 1410 2353 suo
1433 2304 1714 2354 matrimonio

239 2397 341 2428 cum
366 2379 503 2428 Paulo
526 2380 785 2429 contracto?
809 2380 968 2444 Agnes
983 2391 1028 2429 et
1047 2380 1210 2429 Paulus
1236 2381 1351 2431 filios
1382 2399 1471 2430 non
1496 2381 1709 2428 habent.»

239 2457 287 2504 S.
310 2459 464 2520 congr.
488 2457 740 2522 respondit:
768 2458 931 2506 «quta
954 2458 1156 2523 exposita
1175 2459 1507 2507 matrimonium
1532 2456 1714 2505 Parisiis

239 2536 513 2581 contractum
548 2550 649 2581 esse
678 2533 849 2581 nullum
873 2545 916 2582 et
938 2534 1134 2592 irritum;
1163 2535 1354 2600 ideoque
1378 2534 1490 2581 nihil
1513 2534 1709 2590 obeta're,

240 2611 481 2675 quominus
514 2610 679 2658 oratrix
703 2611 759 2658 ad
784 2610 908 2659 alias'
926 2612 1104 2676 nuptias
1140 2611 1261 2659 licite
1285 2629 1336 2659 ac
1359 2611 1505 2659 valide
1529 2610 1716 2658 transire

238 2685 435 2733 Valeat.»
1012 2695 1014 2698 ’
1167 2696 1170 2699 ’
1657 2693 1661 2697 ’

243 2796 246 2803 .
274 2800 276 2802 .
337 2762 411 2809 Sic
433 2767 534 2810 curn
568 2764 734 2829 pariter
767 2765 996 2830 proposita
1026 2765 1157 2813 suerit
1190 2764 1392 2830 quaestio
1427 2763 1482 2811 ab
1505 2763 1715 2828 episcopo

241 2839 495 2903 coi-‘cyrensi
529 2841 767 2906 anx-1726.
796 2840 901 2888 «An
934 2841 1218 2889 matrimonia
1255 2840 1366 2887 inter
1398 2848 1715 2903 postestantem
