1980 3260
383 241 473 288 1'04
674 254 754 285 Lm.
790 253 835 284 11.
871 235 1050 299 sscrfjr
1085 250 1136 281 m:
1167 247 1330 280 rorssr.
1367 248 1533 280 sectas.

381 345 419 381 et
435 333 647 380 seditiosa.
672 331 947 394 Quapropter
977 327 1134 375 eadem
1162 342 1200 372 s.
1223 324 1399 372 concilii
1430 328 1713 389 congregatio
1735 321 1837 376 ta'n-

381 410 478 455 dem
506 407 612 452 XIV.
637 405 726 452 kal.
749 405 953 451 Februar.
982 421 1053 450 an.
1078 403 1217 447 1661.
1235 401 1434 448 censuit:
1455 418 1558 449 mom
1578 406 1838 468 exscriptam

377 482 704 546 propositionem
736 496 822 526 esse
850 479 1011 543 falsam
1033 487 1073 523 et
1103 477 1371 523 temerariam
1398 477 1515 539 (41).

474 557 626 619 Itaque
665 572 717 601 ex
753 553 963 601 ecclesiae
999 551 1290 599 consensione
1323 561 1366 598 et
1398 551 1522 616 praxi
1561 563 1683 617 patet
1714 554 1834 603 haud

380 649 509 697 posse
526 631 758 695 episcopos
777 630 872 677 iure
891 628 1067 694 proprio
1091 627 1308 676 eiusmodi
1333 628 1750 693 impedimentorum
1772 632 1838 679 re·-

379 708 620 755 laxationes
640 706 877 754 concedere
896 725 904 762 ;
931 705 1050 769 quod
1070 705 1107 752 si
1128 705 1236 751 forte
1254 704 1574 761 attentaverint,
1599 705 1744 753 nullas
1757 716 1838 755 cas

379 800 560 848 prorsus
583 799 683 829 esse
706 820 714 838 ,
738 791 888 845 utpote
906 798 1022 845 quae
1054 781 1252 844 ipsorum
1277 780 1579 828 auctoritatem
1605 782 1836 830 excedant-²

471 858 599 914 Quod
634 857 672 904 si
706 857 952 921 exemplum
992 866 1219 918 urgeretur
1253 855 1562 903 nonnullorum
1601 857 1838 922 episcopo-

376 952 471 980 rum
488 972 497 990 ,
526 934 602 998 qui
628 934 721 980 sive
750 934 794 978 in
824 932 976 979 Galliis
1012 932 1105 979 sive
1139 931 1243 978 alibi
1269 931 1561 979 relaxationes
1585 933 1631 979 in
1655 934 1841 998 quibu&

374 1010 476 1056 dam
508 1009 781 1072 cognationis
812 1019 888 1055 aut
921 1008 1150 1055 affinitatis
1174 1007 1501 1072 impedimentis
1529 1009 1710 1058 dedisse
1739 1027 1839 1076 per-

374 1085 581 1132 hibentur
593 1123 602 1141 ,
622 1084 818 1131 admissa
838 1085 969 1130 etiam
988 1084 1122 1131 huius
1142 1083 1399 1130 assertionis
1417 1100 1495 1130 seu
1513 1083 1616 1132 facti
1634 1086 1833 1143 veritate,

374 1161 412 1207 si
436 1160 631 1223 legitima
651 1160 695 1206 id
714 1177 765 1207 ex
786 1158 1104 1207 consuetudine
1127 1159 1343 1215 fecerunt,
1364 1159 1720 1222 respondendum
1738 1178 1838 1208 cum

373 1235 607 1283 Benedicto
622 1237 730 1282 XIV.
759 1253 812 1283 ex
835 1235 1076 1300 apostolico
1100 1235 1309 1298 quopiam
1341 1234 1511 1282 indulto
1534 1251 1587 1282 ac
1608 1235 1840 1300 privilegio

373 1310 494 1357 illam
519 1311 734 1374 originem
763 1312 944 1358 duxisse
972 1311 1088 1372 (42)
1118 1310 1231 1357 Sane
1247 1348 1258 1367 ,
1280 1327 1379 1356 cum
1402 1310 1499 1356 XII.
1526 1310 1750 1375 prioribus
1771 1329 1841 1361 eo·

371 1386 534 1433 clesiae
558 1387 720 1433 seculis
746 1403 986 1451 numquam
1020 1385 1152 1433 fuerit
1177 1386 1234 1433 ab
1262 1386 1486 1450 episcopis
1515 1386 1572 1434 de
1603 1386 1839 1452 dispensa-

369 1461 565 1508 tionibus
599 1462 878 1509 matrimonio
918 1461 1111 1525 praeviis
1150 1461 1410 1524 cogitatum,
1450 1480 1640 1527 cumque
1676 1481 1836 1511 novam

370 1537 485 1583 hanc
500 1537 787 1601 disciplinam
802 1575 812 1594 ,
840 1548 888 1584 ut
911 1554 1048 1602 supra
1071 1538 1371 1595 ostendimus,
1405 1539 1575 1586 romani
1605 1538 1838 1604 pontifices

371 1613 502 1676 primi
525 1613 792 1669 invexerint,
818 1614 1104 1678 propagarint
1126 1614 1301 1679 sibique
1322 1612 1611 1671 vindicarint,
1635 1632 1723 1662 non
1747 1614 1837 1663 alia

372 1689 540 1735 ratione
562 1689 798 1752 excogitari
826 1699 967 1754 potest
990 1690 1035 1736 in
1064 1691 1300 1754 episcopos
1331 1691 1697 1738 consuetudinem
1721 1691 1837 1739 hanc

370 1764 649 1821 dimanasse,
689 1765 777 1812 nisi
811 1783 863 1812 ex
899 1766 1154 1813 eorumdem
1186 1766 1473 1830 pontificum,
1507 1767 1596 1831 qui
1618 1766 1718 1815 illos
1752 1767 1838 1829 hae

367 1857 545 1903 quoque
568 1842 612 1886 in
638 1858 684 1887 re
709 1842 753 1887 in
779 1852 947 1906 partem
983 1842 1298 1890 sollicitudinis
1319 1854 1558 1899 vocarunt,
1586 1843 1758 1891 indulto
1778 1860 1837 1892 tac

371 1916 615 1979 privilegio.
659 1918 753 1964 Hoc
789 1935 894 1965 vero
934 1918 1346 1982 dempt0,'nonnisi
1381 1919 1538 1966 audaci
1578 1918 1773 1965 facinori
1794 1930 1838 1967 et

372 1982 492 2038 sedis
525 1993 792 2056 apostolicae
817 1994 980 2040 iurium
1009 1995 1291 2059 usurpationi
1322 1994 1399 2041 illa
1433 1994 1590 2058 agendi
1625 1995 1747 2042 ratio·
1769 1995 1837 2043 fo-

370 2076 436 2113 ret
479 2067 795 2126 adscribenda,
833 2071 921 2117 nisi
963 2070 1074 2118 velis
1117 2071 1163 2117 in
1186 2071 1431 2118 ‘nonnullis
1472 2087 1525 2118 ex
1558 2070 1836 2135 propriorum

371 2142 534 2189 iurium
569 2143 843 2193 limitationis
877 2147 1155 2210 ignoratione>
1182 2147 1385 2211 coepisse
1409 2163 1460 2194 ac
1483 2146 1676 2194 innoxie>
1692 2145 1831 2203 bonag,

367 2228 417 2264 ut
441 2219 584 2274 aiunt,
613 2220 700 2266 fide
731 2238 806 2268 eos
831 2222 892 2268 ita
927 2240 976 2269 se
1000 2219 1220 2285 gessisse,
1249 2234 1319 2270 ast
1348 2221 1712 2270 reclamantibus
1719 2239 1830 2270 rom.

368 2293 676 2356 pontificibus,
704 2312 803 2342 cum
828 2296 871 2342 in
895 2297 966 2344 his
996 2298 1285 2364 praescriptio
1308 2298 1404 2346 dari
1435 2315 1529 2346 non
1523 2296 1710 2402 lpossit,
1736 2314 1834 2351 eam

368 2369 547 2417 omnino
572 2385 796 2418 cessasse.
1496 2393 1498 2396 ’
1808 2393 1811 2397 ·

409 2469 411 2474 ’
455 2481 520 2522 (41)
542 2460 707 2522 Rigantius
725 2483 908 2516 comment.
927 2486 962 2516 in
984 2494 1054 2526 req.
1073 2487 1217 2519 cancell.
1237 2488 1315 2520 tom.
1332 2488 1389 2519 1v.
1405 2475 1600 2527 'zie'reyuza
1612 2486 1724 2519 XLIX.
1731 2471 1828 2527 ap'ud

365 2533 420 2565 cit.
440 2535 622 2566 Dis-sertae.
641 2534 684 2566 c'le
704 2536 939 2578 episcoporum
962 2539 998 2569 in
1020 2538 1257 2579 dispensandis
1283 2541 1346 2572 ebo.
1356 2543 1438 2585 41:³11-
1448 2540 1504 2570 lv·
1521 2545 1594 2579 pag.
1606 2543 1666 2571 80.
1680 2539 1767 2571 seut.
1762 2538 1834 2578 qm‘

363 2586 502 2627 quidem
515 2588 661 2630 eruditus
675 2590 789 2620 auctor
814 2589 932 2621 exinde
958 2590 1104 2624 falsitatis
1123 2593 1238 2629 merito
1262 2593 1368 2634 arguit
1388 2591 1481 2635 quod
1502 2600 1541 2623 ex
1561 2591 1749 2644 (iethaesios
1752 2593 1835 2645 Tra·

365 2640 464 2671 elatu
473 2639 622 2680 pacifico
636 2649 706 2681 pag.
724 2643 794 2674 412.
813 2643 957 2674 collator
972 2644 1070 2676 Paris.
1084 2645 1113 2685 ς.
1132 2646 1158 2677 l.
1176 2655 1248 2687 pag
1267 2649 1338 2678 337.
1355 2644 1471 2683 refert,
1485 2644 1643 2677 celebrem
1657 2620 1835 2685 quamdam

365 2691 579 2725 cardinalium
593 2694 626 2725 et
636 2694 853 2734 praelatorum
869 2698 1145 2736 congregationem
1170 2707 1222 2730 an
1236 2701 1326 2731 1674.
1339 2696 1500 2730 censuisse
1519 2697 1654 2738 quidem
1669 2696 1834 2738 dispensa

363 2743 469 2776 tiones
494 2754 513 2776 a
539 2746 704 2778 nonnullis
726 2747 884 2788 episcopis
909 2756 1005 2788 super
1030 2751 1224 2782 matrimonii
1249 2749 1487 2792 impedimentis
1513 2754 1681 2782 concessas
1705 2749 1835 2790 ualere,

366 2798 550 2829 nontamen
565 2807 656 2830 suam
672 2799 756 2831 lianc
776 2800 966 2832 sententiam
988 2802 1107 2842 scripto
1121 2803 1288 2844 mandari,
1308 2805 1364 2836 aut
1374 2803 1429 2835 edi
1438 2802 1477 2834 -ln
1482 2802 1665 2845 publicum
1678 2802 1834 2835 voluisse.

454 2849 518 2890 (42)
541 2852 587 2882 De
607 2850 733 2892 synodo
757 2851 896 2884 dioeces.
923 2852 978 2885 lib.
994 2855 1049 2885 lx.
1073 2862 1144 2895 cap.
1163 2857 1202 2887 ll.
1219 2855 1252 2896 §.
1270 2860 1307 2889 3.-
1352 2879 1354 2883 .
1424 2869 1425 2872 ¹
1631 2867 1633 2869 ’
