1980 3260
459 241 549 272 cst.
580 240 609 270 1.
638 239 735 270 cm.
759 239 854 270 mu
878 235 1044 270 rornsr.
1069 236 1233 269 seems.
1272 235 1364 267 Aur.
1395 236 1439 266 ιι.
1622 223 1679 266 15

215 318 493 367 clesiasticae
522 316 754 382 potestatis
787 314 952 378 gradus
987 311 1120 360 relate
1154 312 1211 360 ad
1246 313 1330 360 hoc
1363 330 1501 360 unum
1533 329 1683 361 sacra-

165 390 169 394 ’
215 405 411 444 mentum
430 433 440 451 ‚
479 394 696 458 reliquum
732 400 801 438 est
822 427 833 446 ,
872 399 927 436 ut¹
958 388 1262 454 expendamus
1294 400 1441 438 utrum
1476 389 1682 438 Christus

217 480 593 520 sacramentorum
611 476 765 515 auctor
780 475 824 514 et
842 464 1067 514 institutor
1089 463 1285 529 aliquam
1302 465 1453 513 fecerit
1468 466 1682 532 exceptio-

215 564 317 597 nem
333 543 482 610 quoad
507 552 834 591 sacramentum
862 540 1083 604 coniugii,
1111 540 1231 588 unde
1253 540 1405 588 inferri
1428 542 1572 606 possit
1589 543 1683 590 Sal·

213 632 407 672 vatorem
442 629 693 667 coarctasse
729 617 944 666 ecclesiae
974 627 1235 681 potestatem
1257 654 1267 674 ‚
1302 616 1363 665 ita
1391 623 1447 665 'ut
1479 628 1682 683 respectu

213 697 343 747 istius
369 694 636 744 sacramenti
668 693 976 757 independens
1004 709 1091 740 non
1111 692 1168 741 sit
1193 703 1326 758 atque
1349 710 1571 759 suprema.
1603 695 1684 742 Ve-

213 788 311 821 rum
334 770 469 819 huius
493 769 765 834 exceptionis
789 767 998 832 nuspiam
1026 768 1073 815 in
1098 769 1239 816 sacris
1262 768 1422 817 litteris
1445 770 1683 834 vestigium

213 856 412 913 apparet.
443 845 561 901 Quin
586 844 736 909 potius
771 844 810 892 si
846 844 956 892 ratio
991 843 1208 891 habeatur
1240 860 1391 891 eorum
1419 863 1533 909 quae
1557 845 1685 892 Chri·

214 932 312 972 stus
340 923 438 988 ipse
466 922 584 970 circa
609 920 940 968 matrimonium
963 918 1211 977 constituit,
1238 919 1400 967 inferre
1422 920 1684 969 deberemus

213 998 484 1064 peculiarem
513 998 559 1046 in
583 996 791 1061 coniugia
819 996 1122 1044 auctoritatem
1147 995 1295 1061 ipsum
1319 996 1588 1045 exercuisse.
1617 997 1686 1043 Si-

214 1074 396 1139 quidem
414 1074 618 1122 Christus
635 1091 723 1122 non
747 1073 881 1121 modo
905 1071 1151 1120 naturalem
1176 1081 1447 1120 contractum
1471 1072 1684 1137 nuptialis

214 1149 406 1199 foederis
439 1159 764 1198 sacramentum
798 1148 972 1204 effecit,
1003 1164 1157 1195 verum
1180 1147 1314 1195 etiam
1339 1147 1520 1196 sustulit
1544 1147 1686 1196 indul-

215 1236 305 1275 tam
333 1225 557 1275 veteribus
592 1225 891 1291 polygamiam
909 1262 920 1282 ,
958 1223 1079 1271 nullo
1113 1223 1268 1273 habito
1301 1234 1512 1289 respectu·
1527 1224 1584 1273 ad
1609 1241 1688 1290 po-

215 1301 383 1350 liticam
419 1311 706 1366 potestatem3
746 1301 974 1364 abrogavit
1007 1317 1268 1349 concessum
1298 1318 1325 1348 a
1357 1301 1479 1350 Mose
1511 1301 1684 1366 repudii

215 1373 444 1435 libellum;
473 1378 642 1445 respuit
673 1394 827 1427 omnes
862 1377 1042 1443 perfecti
1061 1377 1252 1426 divortii
1277 1377 1469 1425 faciendi
1504 1394 1681 1435 causas,

215 1463 266 1502 ut
294 1470 380 1502 suo
405 1453 502 1502 loco
537 1448 839 1503 ostendemus.
868 1455 1036 1519 Nempe
1058 1453 1358 1502 omnimodam
1382 1454 1514 1520 plane
1537 1472 1588 1503 ac
1610 1471 1687 1503 su·

168 1586 172 1590 .
216 1547 412 1594 premam
432 1530 478 1577 in
496 1531 751 1595 coniugium
775 1530 1079 1578 auctoritatem
1102 1530 1335 1595 patefecit,
1364 1540 1496 1595 atque
1523 1530 1687 1578 idcirco

215 1606 418 1671 exemplo
447 1624 530 1655 suo
558 1606 792 1655 ecclesiam
815 1606 989 1663 docuit,
1012 1606 1053 1653 ei
1072 1605 1266 1670 plenam,
1294 1606 1681 1671 independentem,

218 1698 562 1747 supremamque
595 1693 844 1747 competere
878 1682 924 1729 in
958 1681 1214 1745 coniugium
1239 1691 1530 1747 potestatem.

314 1757 640 1806 Concludamus
675 1759 811 1821 igitur
845 1769 1122 1806 sacramenta
1154 1758 1305 1806 omnia
1328 1775 1418 1806 uno
1442 1758 1686 1823 eodemque

217 1832 350 1880 modo
383 1833 599 1882 ecclesiae
624 1834 864 1882 commissa
887 1852 914 1882 a
936 1834 1114 1883 Christo
1137 1834 1300 1890 fuisse;
1337 1851 1388 1881 ac
1422 1842 1654 1899 propterea
1671 1871 1682 1889 ‚

217 1925 319 1956 cum
342 1947 352 1966 ‚
390 1910 598 1957 omnibus
643 1910 885 1959 fatentibus
913 1949 923 1968 ,
967 1911 1028 1958 ita
1074 1910 1245 1975 reliqua
1282 1910 1432 1958 omnia
1469 1909 1685 1957 ecclesiae

217 1985 457 2033 commissa
491 1986 682 2044 fuerint,
720 1997 769 2034 ut
801 1987 902 2052 ipsa
927 1987 971 2034 in
997 1987 1173 2035 illorum
1207 1986 1591 2035 administratione
1613 1985 1685 2033 ius

218 2060 399 2125 plenum
416 2100 426 2119 ‚
455 2079 712 2128 supremum
736 2080 789 2111 ac
812 2063 1118 2128 independens
1148 2080 1176 2110 a
1203 2062 1362 2128 quavis
1393 2061 1583 2110 seculari
1607 2079 1685 2127 po-

218 2146 374 2185 testate
412 2149 651 2187 consecuta
687 2139 777 2196 sit,
815 2139 1002 2186 eandem
1049 2138 1223 2204 plenam
1246 2176 1256 2195 ,
1301 2155 1556 2203 supremam
1573 2176 1583 2195 ,
1634 2156 1686 2186 ac

218 2229 399 2278 prorsus
439 2214 809 2279 independentem
843 2225 1102 2280 potestatem
1135 2215 1181 2261 in
1215 2214 1509 2263 christianum
1532 2215 1686 2263 coniu-

218 2289 342 2352 gium
370 2291 623 2355 accepisse,
654 2292 774 2357 quod
810 2309 897 2340 non
930 2309 1058 2340 secus
1094 2307 1146 2339 ac
1179 2291 1267 2339 alia
1300 2309 1453 2340 verum
1488 2301 1558 2339 est
1590 2308 1686 2355 pro-

220 2365 456 2432 priumque
489 2380 830 2416 sacramentum.

264 2460 267 2463 ¹
315 2442 403 2490 Sed
427 2461 484 2490 ne
510 2444 620 2492 forte
642 2445 753 2493 haec
778 2446 1106 2494 ecclesiasticae
1130 2445 1360 2512 potestatis
1384 2444 1686 2508 independen-

222 2517 282 2564 tia
314 2518 516 2566 videatur
549 2520 770 2569 abstracta
805 2531 972 2571 tantum
1006 2533 1139 2588 atque
1173 2521 1332 2569 idealis
1365 2519 1595 2569 conclusio
1633 2537 1685 2566 ex

222 2603 381 2643 natura
408 2599 673 2644 sacramenti
709 2598 845 2662 petita
867 2637 876 2655 ‚
922 2600 1133 2647 rationem
1156 2637 1166 2655 ‚
1205 2615 1295 2663 qua
1328 2598 1374 2644 in
1408 2595 1562 2662 praxin
1599 2607 1686 2643 tra-

221 2669 314 2717 dita
341 2681 537 2735 potestas
567 2674 757 2721 deducta
783 2685 852 2722 est
873 2675 930 2723 ab
952 2676 1140 2724 ecclesia
1174 2675 1307 2740 paulo
1338 2673 1594 2737 diligentius
1618 2672 1686 2718 in-

220 2747 505 2811 vestigemus.
540 2751 672 2798 Prout
706 2751 823 2798 enim
854 2751 911 2800 ab
943 2750 1070 2800 initio
1103 2752 1434 2808 constituimus,
1474 2750 1525 2798 si-
1546 2748 1686 2797 eccle—

221 2821 315 2878 sia,
344 2840 460 2887 quae
483 2824 600 2873 hanc
630 2837 888 2891 potestatem
913 2846 939 2876 a
962 2828 1140 2877 Christo
1167 2827 1372 2884 obtinuit,
1399 2826 1466 2875 vel
1493 2836 1518 2874 a
1543 2826 1685 2891 prima
