1980 3260
329 258 415 306 292
630 271 709 302 Lm.
739 270 784 301 11.
815 270 927 302 secr.
958 270 986 300 1.
1021 269 1072 300 mi
1099 266 1263 299 rornsr.
1294 266 1456 300 nectes.

326 347 424 398 neni
450 360 587 397 status
607 365 694 394 non
713 348 1004 412 profitentur)
1022 385 1031 403 ,
1054 363 1103 393 sc
1122 347 1278 392 sistere
1300 362 1447 392 coram
1473 345 1550 392 illo
1572 347 1628 393 ad
1653 346 1783 396 suum

325 425 621 492 praebendum
662 441 951 480 consensum,
1000 433 1048 469 ut
1088 422 1218 468 bonis
1261 420 1469 468 civilibus
1511 421 1780 480 fruerentur,

324 513 366 549 et
398 518 546 548 eorum
582 500 728 564 proles
761 511 984 584 tamquam
1019 498 1215 560 legitima
1249 496 1500 544 haberetur.
1530 497 1614 544 Hic
1643 502 1786 546 rernm

326 588 463 624 status
499 576 793 641 perseveravit
815 576 861 621 in
884 574 1042 637 Anglia
1070 591 1213 638 usque
1236 573 1294 619 ad
1324 573 1678 620 reformationem
1703 570 1789 621 hac

324 671 456 718 super
479 670 524 698 re
548 652 771 698 inductam
795 670 821 699 a
845 651 1031 698 Roberto
1056 650 1172 707 Peel,
1190 646 1279 714 quo
1303 650 1585 714 potissimum
1611 659 1784 745 agente,

324 730 391 775 lex
424 729 499 775 illa
533 728 709 775 demum
743 745 814 774 an.
843 728 983 773 1837
1014 726 1223 789 abrogata
1255 736 1337 772 est.

421 804 581 851 luverit
614 804 723 850 haec
756 803 1016 850 confirmare
1050 802 1311 849 documento
1335 801 1486 866 aliquo
1509 801 1784 856 authentico,

324 897 482 944 nempe
526 897 578 926 ex
620 892 712 926 sac.
752 879 1104 942 congregationis
1137 878 1334 933 decreto,
1373 877 1491 941 quod
1532 876 1624 924 huc
1656 875 1792 924 reser-

323 965 408 1003 tur.
437 956 664 1020 Siquidem
688 956 743 1002 ad
768 955 952 1002 dubium
977 973 1003 1002 a
1030 955 1083 1001 D.
1113 953 1325 1001 Dufresse
1358 954 1579 1001 Rovicano
1613 953 1791 1017 provin·

324 1033 419 1079 ciac
454 1031 677 1078 Sutchuen
711 1032 1013 1096 propositum;
1050 1030 1278 1079 videlicet:
1312 1029 1593 1094 «Aliquando
1615 1028 1790 1077 etiamsi

325 1107 532 1155 sacerdos
567 1107 684 1154 adsit
709 1108 754 1153 in
779 1107 873 1154 loco
890 1146 899 1163 ,
940 1125 1025 1154 non
1060 1115 1205 1172 potest
1228 1115 1373 1152 tamen
1399 1105 1455 1151 ab
1477 1122 1531 1153 eo
1547 1106 1692 1170 ‘recipi
1714 1104 1792 1153 be-

324 1183 516 1230 nedictio
557 1193 794 1247 antequam
835 1183 1132 1229 adhibeantur
1171 1181 1281 1227 ritus
1313 1180 1467 1228 civiles
1500 1180 1785 1229 matrimonii.

324 1259 581 1315 Quaeritur,
610 1277 667 1305 an
703 1259 748 1304 in
783 1260 867 1306 isto
901 1276 1007 1305 casu
1042 1257 1159 1304 licite
1193 1257 1368 1320 possint
1407 1257 1560 1322 sponsi
1600 1255 1792 1322 suspen·—

323 1334 427 1380 dere
461 1351 726 1381 consensum
773 1351 903 1381 suum
937 1334 993 1380 de
1026 1334 1247 1398 praesenti
1281 1328 1339 1379 ad
1373 1333 1626 1380 evitandum
1666 1330 1792 1380 6181ιὲ-

322 1402 591 1455 destinitatis
625 1410 801 1466 vitium,
841 1410 901 1456 ita
934 1420 985 1456 ut
1016 1409 1261 1456 exercendo
1290 1409 1564 1457 ceremonias
1586 1406 1791 1473 publicas

320 1496 364 1531 et
397 1496 656 1541 consuetas,
696 1485 972 1533 solummodo
1007 1485 1239 1532 intendant
1271 1484 1534 1533 confirmare
1563 1483 1792 1550 sponsalia

320 1561 387 1608 vel
409 1579 617 1625 sponsam
637 1562 866 1609 traducere
890 1562 934 1607 in
960 1561 1119 1609 lectum
1136 1576 1342 1618 vacuum,
1365 1579 1453 1609 non
1470 1560 1791 1609 autemverui'n

322 1637 651 1683 matrimonium
677 1637 936 1684 contrahere
950 1633 1070 1694 ,nisi
1090 1654 1190 1684 cum
1213 1647 1369 1701 postea
1394 1637 1635 1685 sacerdotis
1657 1634 1793 1684 bene·—

321 1712 556 1759 dictionem
586 1708 853 1777 suscipient3
885 1730 1002 1778 quae
1027 1713 1176 1760 omnia
1210 1713 1322 1760 fiunt
1359 1712 1552 1760 consciis
1589 1712 1793 1761 christia-

328 1789 416 1844 nis,
440 1789 516 1835 sed
549 1789 704 1836 insciis
736 1789 998 1852 gentilibus;
1017 1790 1079 1836 ita
1094 1799 1145 1836 ut
1168 1790 1241 1836 isti
1261 1790 1442 1837 credant
1466 1786 1791 1837 vere-contrahi

325 1864 673 1920 matrimonium,
714 1864 777 1910 illi
810 1881 914 1911 vero
938 1864 1081 1911 solum
1107 1865 1356 1912 confirmari
1392 1864 1669 1930 sponsalia.»
1685 1863 1787 1912 Sac.

323 1955 526 2002 congreg.
557 1936 740 2004 propag.
772 1940 874 1987 fidei
900 1941 1151 2004 respondit:
1185 1939 1371 1987 «Detur
1394 1941 1626 1988 instructio
1648 1939 1793 1988 Bene-

325 2014 430 2060 dicti
459 2015 564 2060 XlV.
595 2016 639 2061 in
664 2016 821 2064 litteris
848 2016 1104 2080 apostolicis
1122 2016 1211 2063 diei
1230 2018 1308 2062 17.
1334 2017 1452 2080 Sept.
1477 2018 1618 2063 1746.
1647 2016 1784 2080 incip.

327 2089 533 2136 Redditae
557 2092 697 2146 nobis,
738 2093 887 2156 quoad·
916 2087 1158 2156 'ea=,‘;‘quhe-
1183 2088 1334 2139 referri
1368 2102 1557 2156 possunt
1574 2092 1646 2140 ‘ad
1670 2108 1794 2158 prae-

324 2182 427 2212 sens
462 2166 661 2213 dubium.
703 2168 822 2215 Haec
843 2180 912 2215 est
935 2178 1079 2215 autem
1105 2168 1184 2215 ina
1206 2165 1460 2216 instructio:
1487 2188 1510 2213 (ι
1536 2168 1687 2216 Sciant
1709 2166 1791 2216 ita—

325 2257 412 2304 que
452 2241 655 2287 catholici
690 2253 862 2290 vestrae
880 2249 1027 2291 'curae
1060 2243 1326 2299 concrediti,
1364 2260 1464 2290 cum
1498 2243 1617 2291 civili
1652 2244 1792 2307 magi-

325 2316 479 2362 stratui
505 2327 579 2362 aut
600 2316 822 2366 ‘haeretico
846 2317 1048 2367 ministro
1071 2318 1349 2367 matrimonii
1374 2318 1626 2369 celebrandi
1654 2319 1792 2368 causa

323 2406 373 2436 se
406 2391 593 2447 sistunt,
631 2402 775 2438 actum
810 2411 862 2440 se>
888 2410 1011 2442 mere
1049 2394 1221 2445 ci‘vilem
1264 2411 1510 2442 exercere..
1531 2395 1789 2443 ..Ceterum

324 2477 429 2513 tunc
461 2467 640 2531 quidem
676 2468 845 2515 nullum
880 2488 906 2517 a
940 2488 988 2517 se
1022 2470 1642 2518 contrahiſsmatrimonium.»
1676 2493 1693 2512 ι·
1720 2472 1722 2474 ’

420 2543 474 2589 Et
505 2542 552 2605 ἕ.
584 2559 678 2607 seq.
712 2563 734 2587 «
757 2544 870 2590 Illud
905 2556 1131 2608 praeterea
1151 2545 1548 2594 'vohisuurandum
1576 2545 1790 2607 est,.(al-

321 2618 516 2682 loquitur
547 2619 854 2666 missionarios
877 2623 893 2681 )
913 2658 922 2676 ‚
962 2639 1017 2668 ne
1050 2623 1223 2670 etiamsi
1258 2622 1346 2669 duo
1370 2620 1578 2668 catholici
1615 2620 1787 2669 civilem

322 2693 442 2740 illam
476 2711 530 2741 ac
561 2711 680 2741 mere
722 2694 944 2758 politicam
965 2697 967 2699 ’
985 2714 1131 2744 coram
1177 2697 1412 2745 haereticis
1452 2697 1784 2753 ceremoniam«,

321 2770 589 2833 peregerint,
628 2771 811 2818 nimium
848 2772 959 2818 inter
1001 2791 1048 2820 se
1090 2773 1362 2821 familiariter
1395 2783 1554 2836 agant,
1594 2783 1670 2820 aut
1702 2772 1788 2820 sub

323 2845 442 2893 tecto*
465 2847 686 2894 communi
721 2846 946 2904 habitent,
987 2849 1072 2896 nisi
1109 2867 1157 2897 sc
1191 2849 1317 2913 prius
1351 2848 1467 2898 veris
1502 2860 1545 2897 ct
1577 2848 1788 2912 legitimis
