1980 3260
356 268 446 313 140
651 275 731 309 mn.
758 275 805 309 n.
833 275 944 310 secr.
974 276 1004 309 1.
1034 275 1086 307 nn
1110 275 1274 309 Pornsr.
1304 277 1467 312 accras.

448 356 538 403 Hac
570 354 743 401 interim
777 354 1016 402 theoretica
1049 346 1307 418 quaestione
1333 347 1545 414 dimissa,
1577 372 1804 424 superest,

355 443 403 479 ut
433 430 708 494 inquiramus
734 439 879 476 utrum
902 429 947 475 in
969 428 1163 476 ulteriori
1192 428 1331 491 gradu
1362 429 1506 478 lineae
1538 426 1808 485 collateralis

354 507 413 554 ita
446 515 626 552 naturae
658 504 756 567 lege
789 504 1040 566 coniugium
1062 513 1254 561 vetetur,
1281 514 1330 551 ut
1352 505 1484 552 etiam
1514 506 1686 555 irritum
1708 511 1803 559 fiat.

449 582 543 628 Non
592 580 859 636 defuerunt,
906 579 983 643 qui
1028 579 1239 626 docerent
1282 581 1542 644 cognatione
1593 579 1742 631 etiam
1765 586 1811 634 in

355 656 547 705 secundo
581 673 633 702 ac
664 655 790 702 tertio
823 654 962 718 gradu
994 655 1249 718 coniugium
1281 657 1468 704 naturali
1502 658 1598 706 iure
1631 658 1807 718 dirimi,

355 732 415 779 ita
448 741 496 779 ut
530 731 650 779 nullo
678 748 875 796 unquam
907 731 953 777 in
987 747 1093 779 casu
1120 731 1244 780 hisce
1272 731 1317 778 in
1353 733 1565 796 gradibus
1598 729 1811 784 relaxatio
1843 742 1847 746 ’

358 807 454 854 dari
516 816 633 854 ueat.

451 825 517 927 Hi1
540 881 818 946 potissimum
846 881 1144 930 innitebantur
1168 883 1423 930 auctoritate
1447 884 1624 932 Levitici
1650 885 1697 932 in
1721 904 1811 952 quo

361 959 491 1022 (cap.
512 958 701 1020 XVIII.)
740 974 828 1005 non
862 957 992 1005 modo
1025 958 1231 1021 coniugia
1252 967 1464 1006 -vetantur
1496 960 1610 1008 inter
1642 972 1812 1026 patrem
1851 995 1854 998 -

357 1043 401 1080 et
424 1032 582 1090 filiam,
605 1042 789 1080 matrem
806 1043 849 1080 et
866 1033 1006 1080 filium
1024 1071 1034 1090 ,
1063 1034 1256 1098 itemque.
1279 1033 1392 1080 inter
1415 1051 1545 1082 avum
1567 1046 1644 1084 aut
1665 1037 1814 1085 aviam

357 1125 457 1155 cum
480 1108 712 1171 nepotibus
730 1117 774 1155 ct
790 1107 994 1173 neptibus
1007 1146 1017 1165 ‚
1045 1126 1125 1155 seu
1147 1108 1193 1154 in
1217 1108 1358 1173 primo
1381 1125 1433 1155 ac
1456 1112 1651 1159 secundo
1673 1113 1815 1175 gradu

358 1182 502 1230 lineae
535 1193 679 1230 rectae
695 1221 706 1240 ,
737 1200 891 1231 verum
916 1183 1046 1231 etiam
1079 1183 1125 1229 in
1158 1183 1275 1230 linea
1308 1193 1559 1232 transversa
1591 1186 1638 1232 in
1672 1187 1814 1252 primo

359 1259 499 1321 gradu
531 1259 645 1306 inter
675 1259 852 1306 fratrem
875 1269 919 1306 et
941 1276 1134 1306 sororem
1167 1259 1261 1306 sive
1287 1276 1340 1306 ex
1364 1277 1453 1308 uno
1481 1260 1575 1308 sive
1609 1278 1662 1309 ex
1694 1261 1816 1311 utr'o-

359 1352 448 1399 que
479 1345 658 1399 parente
686 1346 920 1399 prognatos
936 1372 946 1391 ,
984 1344 1116 1399 atque
1148 1335 1331 1400 insuper
1363 1336 1409 1382 in
1445 1337 1640 1386 secundo
1672 1339 1814 1402 gradu

358 1409 405 1455 in
438 1409 555 1456 linea
594 1409 817 1474 inaequali
840 1447 851 1466 ‚
898 1427 985 1457 non
1031 1410 1209 1475 quidem
1255 1411 1481 1470 absolute,
1520 1413 1600 1460 sed
1644 1412 1813 1462 tantum

360 1485 473 1531 inter
500 1496 702 1550 nepotem
734 1496 777 1533 et
808 1485 987 1533 amitam
1004 1524 1014 1544 ‚
1047 1497 1122 1534 aut
1148 1496 1441 1536 materteram.
1462 1489 1562 1535 Dixi
1586 1507 1669 1536 non
1691 1491 1816 1538 abso-

364 1561 469 1616 lute;
507 1560 726 1626 siquidem
761 1561 1013 1625 coniugium
1046 1579 1146 1609 cum
1180 1574 1336 1627 patruo
1359 1574 1433 1611 aut
1455 1564 1671 1613 avunculo
1693 1565 1814 1614 haud

362 1635 637 1683 interdicitur
652 1674 662 1693 ,
701 1636 803 1685 licet
837 1637 1077 1685 intercedat
1108 1639 1309 1701 cognatio
1341 1639 1386 1686 in
1421 1640 1615 1688 secundo
1653 1641 1811 1704 gradu.

363 1712 491 1760 Idem
507 1712 580 1760 dic
601 1713 658 1760 de
679 1713 906 1760 affinitatis
940 1713 1151 1777 gradibus
1170 1752 1179 1771 ‚
1207 1714 1284 1779 qui
1309 1715 1462 1762 eodem
1479 1716 1525 1762 in
1544 1717 1689 1782 capite
1711 1714 1817 1766 con-

362 1788 556 1837 tinentur
570 1827 580 1846 ,
607 1799 651 1836 et
673 1789 719 1835 in
741 1789 904 1855 quibus
927 1790 1181 1853 coniugium
1214 1790 1493 1840 interdictum
1516 1803 1608 1850 est;
1636 1793 1693 1841 de
1716 1794 1817 1859 qui-

364 1864 446 1911 bus
482 1876 651 1929 postea.

459 1941 513 1987 At
537 1959 654 1989 nunc
679 1942 896 1990 eiusmodi
930 1944 1144 1992 sententia
1166 1944 1364 1993 obsoleta
1394 1954 1485 2001 est,
1517 1961 1569 1992 ac
1591 1944 1630 1992 si
1659 1944 1815 1992 haere-

365 2014 475 2062 ticos
508 2017 721 2080 quosdam
756 2028 1047 2082 protestantes
1085 2019 1237 2067 demas
1253 2058 1263 2077 ,
1291 2019 1380 2066 iam
1407 2036 1536 2067 nemo
1559 2029 1626 2067 est
1649 2020 1818 2069 theolo-

366 2106 519 2152 gorum
544 2102 619 2138 aut
640 2093 991 2151 canonistarum,
1018 2094 1096 2159 qui
1119 2094 1265 2142 adhuc
1299 2105 1444 2142 teneat
1476 2112 1628 2143 omnes
1650 2095 1816 2158 gradus

370 2163 417 2210 in
446 2165 634 2214 Levitico
667 2170 904 2217 recensitos
938 2180 1136 2233 spectare
1169 2170 1226 2218 ad
1263 2170 1405 2233 legem
1440 2181 1646 2229 naturae,
1684 2171 1746 2218 ita
1768 2182 1821 2220 ut

368 2239 464 2287 dari
497 2259 583 2289 non
618 2244 756 2307 possit
787 2245 833 2290 in
862 2245 1086 2310 aliquibus
1120 2246 1340 2311 ipsorum,
1368 2246 1626 2294 nominatim
1646 2247 1818 2295 veroin

370 2317 564 2364 secundo
586 2327 630 2365 et
650 2319 843 2367 ulteriori
867 2322 1005 2384 gradu
1028 2322 1303 2386 cognationis
1318 2361 1328 2380 ‚
1355 2323 1411 2370 ab
1433 2322 1622 2371 ecclesia
1643 2323 1820 2388 dispen-

373 2392 501 2440 satio.

465 2468 674 2517 Omnium
709 2471 826 2519 enim
860 2475 1150 2523 consensione
1176 2486 1265 2524 tum
1288 2474 1603 2523 catholicorum
1625 2486 1717 2523 tum
1740 2474 1819 2526 he.-

370 2545 673 2594 terodoxorum
696 2565 776 2612 pro
803 2559 919 2597 certo
952 2550 1139 2599 habetur
1169 2552 1504 2618 impedimenta,
1531 2562 1749 2617 quatenus
1772 2552 1817 2599 in

367 2713 458 2746 Alex.
475 2713 559 2746 Hist.
572 2715 685 2748 eccles.
701 2724 784 2748 saec.
794 2718 862 2749 XV.
877 2718 910 2749 et
920 2719 1002 2750 XVI.
1018 2727 1114 2760 agens
1126 2719 1167 2752 de
1179 2716 1317 2752 Martino
1327 2720 1369 2751 V.
1383 2719 1444 2751 art.
1455 2719 1511 2750 111.
1523 2726 1556 2750 n.
1567 2722 1598 2750 6.
1615 2731 1631 2746 α
1640 2718 1703 2755 Qui
1717 2718 1818 2759 tanta,

371 2765 489 2806 inquit,
504 2767 652 2800 cautione
668 2776 746 2801 usus
758 2769 807 2801 est
822 2769 856 2801 in
870 2769 1159 2811 dispensationibus
1175 2770 1402 2811 concedendis,
1417 2771 1504 2803 hunc
1516 2770 1613 2802 alicui
1628 2771 1755 2803 veniam
1776 2771 1820 2804 fe-

370 2817 451 2851 cisse
464 2818 629 2853 ducendae
641 2829 808 2862 germanae
815 2823 951 2863 sororis,
962 2824 1002 2855 ab
1017 2825 1104 2856 omni
1123 2824 1227 2866 specie
1243 2823 1314 2856 veri
1324 2824 1465 2856 alienum
1475 2823 1700 2857 est.»Disserit
1713 2824 1822 2858 autem

369 2870 412 2906 de
425 2871 661 2914 dispensatione
675 2874 750 2908 data
761 2875 802 2908 ab
815 2875 876 2908 hoc
888 2877 1037 2918 pontifice
1051 2878 1161 2910 comiti
1175 2877 1315 2919 fuxensi,
1331 2877 1372 2909 de
1385 2885 1451 2919 qua
1462 2885 1536 2910 mox
1555 2885 1695 2919 agemus.
