1980 3260
247 259 336 292 cn.
360 260 406 294 u.
430 260 481 293 ns
500 259 640 293 rores.
659 259 795 292 rame.
816 259 895 293 rm.
914 259 1134 294 cranam.
1150 259 1311 295 cflmsr.
1330 261 1421 294 aar.
1440 261 1485 294 11.
1550 247 1640 294 395

174 336 427 395 tridentini,
458 338 522 386 uti
551 355 603 386 ex
634 337 847 386 hactenus
881 338 1012 386 dictis
1035 347 1229 397 constat;
1258 338 1392 387 habet
1419 350 1570 388 contra
1594 356 1642 388 se

173 415 474 462 auctoritatem
505 431 779 464 summorum
813 415 1101 480 pontificum,
1129 415 1353 463 Benedicti
1377 416 1486 463 XIV.
1507 407 1644 481 ⁴prae-

170 489 300 554 cipue
333 507 385 537 ac
420 490 485 536 Pii
512 491 581 537 VI.
606 490 733 546 Quod
771 507 850 538 nec
882 489 1136 538 dissimulat
1164 491 1262 555 ipse
1291 491 1489 539 Cari-iere
1522 493 1639 555 (81).

171 564 315 612 Habet
342 575 495 613 contra
522 583 572 613 se
601 566 771 630 praxim
800 566 845 612 in
872 565 1082 614 universa
1114 566 1304 614 ecclesia
1339 577 1560 632 receptam
1590 566 1646 614 de

170 639 509 688 convalidandis
527 641 572 687 in
591 640 777 689 articulo
795 642 947 690 mortis
968 658 1120 690 eorum
1146 642 1383 707 coniugiis,
1406 644 1481 708 qui
1502 642 1647 690 hacte-

170 733 256 764 nus
282 716 328 762 in
355 716 654 764 concubinatu
687 718 850 766 versati
884 728 1032 775 erant,
1063 718 1231 784 quique
1256 718 1409 766 irretiti
1435 728 1540 766 sunt
1561 719 1646 765 im-

172 791 426 856 pedimento
459 791 695 841 dirimente
725 793 862 841 civili.
887 793 1011 850 Quae
1034 792 1332 842 convalidatio
1358 794 1403 840 in
1427 794 1643 858 gallorum

171 866 358 915 istorum
382 867 621 933 hypothesi
649 867 795 916 locum
821 868 985 916 hahere
1009 885 1097 917 non
1120 878 1294 933 posset;
1317 869 1518 935 adeoque
1535 869 1647 916 infe-

171 942 281 992 lices
299 943 364 991 illi
383 943 588 992 homines
607 961 696 992 non
716 954 898 1010 possent
915 945 1122 1010 propriae
1144 945 1443 994 conscientiae
1468 945 1644 1010 prospi-

274 1117 339 1159 (81)
360 1119 437 1151 Loc.
454 1117 511 1151 cit.
522 1126 555 1150 n.
573 1120 643 1151 597.
656 1119 827 1160 postquam
851 1117 995 1159 undique
1009 1127 1043 1151 se
1058 1118 1197 1151 verterat
1210 1118 1252 1151 ad
1266 1118 1505 1151 extenuandum
1521 1119 1582 1151 hoc
1598 1126 1647 1151 ar-

177 1171 367 1212 gumentum
394 1179 432 1203 ex
460 1169 654 1203 auctoritate
677 1170 825 1211 petitum.
841 1171 949 1208 Quum
972 1179 1050 1203 vero
1074 1171 1152 1204 Pius
1171 1171 1278 1203 V1.in
1293 1171 1387 1204 Brevi
1404 1170 1447 1204 ad
1461 1170 1648 1212 episcopum

173 1224 387 1257 motulensem
413 1224 516 1266 magis
538 1233 614 1266 prae
634 1224 749 1257 ceteris
773 1234 840 1257 rem
859 1224 1074 1257 declaraverit
1093 1224 1291 1266 gravissimis
1314 1224 1385 1257 istis
1404 1223 1510 1257 verbis
1532 1224 1650 1266 quibus

173 1277 267 1309 illum
296 1276 483 1319 episcopum
511 1277 706 1319 alloquitur,
731 1277 818 1319 quod
840 1279 1047 1319 «Tamquam
1076 1277 1182 1319 regius
1213 1278 1377 1319 delegatus
1398 1286 1496 1310 ausus
1525 1286 1559 1310 es
1587 1277 1649 1309 sol·

173 1338 250 1363 vere
274 1330 468 1364 sacramenti
498 1330 662 1363 vinculum
677 1355 686 1372 ,
716 1332 749 1364 et
772 1330 805 1362 id
830 1331 951 1371 gloriae
973 1330 1096 1363 duxisti
1121 1332 1216 1371 tuae,
1242 1333 1279 1364 ut
1305 1332 1339 1363 in
1361 1331 1469 1363 causis
1492 1330 1651 1363 nullitatis

171 1383 372 1416 matrimonii
401 1383 559 1416 tribueres
582 1383 673 1416 laicis
697 1383 910 1425 potestatibus
934 1383 1157 1416 auctoritatem
1172 1383 1261 1425 leqes
1276 1382 1414 1416 dicendi
1431 1382 1473 1416 cle
1493 1384 1646 1425 nuptiis,

170 1435 413 1476 auctoritatem,
437 1435 587 1476 inquam,
615 1444 713 1476 quam
737 1435 837 1468 seculi
863 1436 952 1477 ipsae
973 1437 1146 1477 potestates
1164 1436 1224 1468 sibi
1244 1436 1436 1477 arrogarunt
1451 1443 1646 1476 numquam:

172 1488 235 1522 hoc
257 1489 349 1521 enim
364 1490 421 1520 ius
438 1497 506 1530 quo
523 1487 594 1520 late
611 1489 732 1529 patet,
754 1489 790 1520 tn
812 1488 887 1520 sola
908 1489 1052 1521 ecclesia
1072 1488 1199 1521 residet
1219 1489 1516 1526 universuvn;»nt
1538 1487 1652 1529 aliquo

172 1541 272 1575 modo
293 1541 334 1574 ab
358 1542 419 1574 hac
438 1542 631 1574 auctoritate
654 1549 689 1574 se
709 1541 882 1582 expediat,
900 1551 932 1574 n.
945 1546 1015 1575 582.
1029 1542 1152 1583 profert
1166 1542 1311 1575 eiusdem
1327 1542 1489 1584 pontificis
1503 1541 1597 1583 epist.
1609 1540 1650 1573 ad

171 1594 262 1627 card.
279 1594 420 1636 archiep.
438 1594 722 1635 mechliniensem,
745 1595 855 1627 datam
880 1599 928 1628 10.
944 1595 1097 1627 Decemb.
1121 1595 1204 1636 (seu
1227 1595 1334 1628 verius
1360 1600 1410 1628 3ο.
1429 1594 1532 1635 Dec.)
1557 1596 1647 1627 1784.

173 1647 283 1680 italico
299 1647 455 1680 idiomate
469 1648 633 1679 exaratam
650 1647 682 1679 in
697 1656 762 1688 qua
772 1672 782 1688 ‚
799 1647 890 1680 iuxta
901 1642 1065 1688 Carriere,
1082 1647 1161 1680 Pius
1171 1649 1228 1680 VI.
1246 1646 1414 1689 profitetur
1426 1655 1460 1680 se
1475 1647 1559 1679 nolle
1575 1655 1649 1679 con·

171 1700 361 1733 trever-siam
378 1701 578 1742 praesentem
592 1699 762 1742 dirimere3
780 1701 827 1734 sic
845 1709 922 1733 vero
937 1700 1033 1733 effert
1055 1701 1153 1733 verba
1172 1699 1335 1742 pontificis
1358 1700 1459 1732 latino
1480 1707 1647 1732 sermone:

174 1754 267 1786 «Nos
281 1761 350 1785 non
367 1752 577 1785 damnamus
598 1751 757 1785 absolute
778 1761 833 1785 eos
858 1753 1007 1785 doctores
1029 1753 1206 1786 catholicos
1219 1777 1228 1794 ‚
1254 1752 1311 1794 qui
1340 1752 1546 1785 asseruerunt
1563 1751 1650 1792 prin·

172 1806 277 1848 cipem
293 1814 385 1848 posse
400 1805 574 1847 adiungere
589 1805 820 1847 impedimenta
834 1806 874 1838 ad
890 1805 1087 1838 reddendam
1108 1805 1325 1845 inefficacem,
1340 1806 1373 1837 et
1385 1803 1559 1838 tollendam
1582 1812 1650 1836 ma·

170 1859 286 1892 teriam
303 1860 412 1901 aptam
434 1860 636 1892 sacramento
648 1883 657 1899 ,
679 1859 829 1900 quamvis
850 1859 908 1892 alii
927 1858 1029 1900 magis
1046 1859 1160 1892 merito
1176 1859 1258 1891 illud
1272 1859 1419 1900 negent.»
1432 1857 1542 1891 italice
1554 1865 1649 1897 vero,

170 1914 267 1954 prout
286 1915 410 1946 Romae
425 1913 506 1945 mihi
523 1913 668 1945 exhibita
682 1914 757 1945 sunt
772 1922 813 1945 ex
827 1913 1028 1954 autographo
1038 1937 1048 1954 ,
1063 1913 1109 1945 ita
1122 1921 1156 1945 se
1171 1913 1308 1945 habent:
1328 1925 1344 1941 «
1354 1912 1415 1944 Noi
1429 1919 1493 1943 non
1510 1910 1649 1943 condan-

173 1965 282 1999 niamo
297 1966 548 1998 assolutamente
563 1965 636 2006 quei
654 1965 774 1998 dottori
790 1965 933 1998 cattolici
950 1965 1117 1998 ch'lianno
1129 1966 1276 2006 asserito,
1291 1965 1351 1997 che
1364 1964 1386 1997 il
1404 1972 1541 1997 sovrano
1556 1970 1651 2004 possa

173 2018 366 2060 aggiungere
391 2018 617 2060 impedimenti
637 2027 694 2059 per
722 2018 856 2051 rendere
877 2018 1061 2058 inefficace,
1085 2028 1103 2051 e
1122 2018 1239 2060 toglier
1258 2018 1290 2051 la
1310 2017 1445 2051 materia
1465 2017 1532 2049 atta
1551 2015 1581 2048 al
1600 2023 1650 2048 sa·

172 2073 356 2113 granicum,
380 2073 594 2114 quantunque
608 2072 685 2105 altri
701 2071 759 2114 piii
776 2072 992 2114 giustamente
1008 2073 1040 2105 lo
1057 2072 1229 2113 neghino.»
1239 2073 1298 2105 Ast
1316 2078 1482 2113 perperam
1502 2069 1531 2103 si
1549 2069 1651 2102 anim·

173 2123 362 2158 advertatur
380 2130 409 2157 ι.
422 2133 503 2158 rom.
520 2124 704 2166 pontificem
729 2125 776 2157 nil
798 2125 869 2166 hic,
881 2125 1002 2158 directe
1015 2124 1129 2157 saltem
1147 2124 1254 2157 dicere
1265 2123 1307 2157 de
1319 2122 1540 2157 controversia
1553 2122 1587 2155 in
1598 2130 1651 2163 se,

172 2177 229 2210 sed
253 2177 359 2210 solum
388 2177 475 2210 nolle
500 2176 717 2210 condemnare
736 2186 928 2219 perseum,
950 2186 1006 2210 seu
1029 2177 1179 2210 doctores
1204 2176 1261 2219 qui
1282 2176 1472 2210 sententiam
1494 2175 1584 2208 illam
1604 2175 1650 2207 te·

173 2231 331 2271 nuerunt,
352 2238 451 2271 quam
470 2231 580 2263 tamen
601 2230 682 2263 satis
702 2232 812 2272 aperte
826 2230 894 2272 ipse
908 2230 1086 2272 improbat3
1102 2232 1305 2272 aspectam
1322 2230 1543 2272 quaestionem
1561 2228 1650 2261 theo-

171 2285 277 2316 retice
291 2284 388 2325 prout
402 2282 444 2315 ab
463 2282 529 2315 illis
544 2282 733 2316 doctoribus
753 2283 951 2326 agitamini-5
975 2286 1089 2317 contra
1112 2293 1191 2317 vero
1212 2284 1246 2317 in
1267 2284 1361 2317 Brevi
1376 2283 1417 2316 ad
1431 2283 1530 2324 episc.
1544 2282 1649 2314 motu-

172 2336 294 2369 lensem
319 2343 468 2369 summus
488 2335 631 2377 pontifex
658 2335 762 2369 reiicit
785 2345 824 2369 ac
844 2336 978 2370 damnat
997 2337 1195 2371 doctrinam
1216 2336 1319 2379 ipsam
1331 2361 1342 2378 ,
1357 2338 1390 2369 et
1403 2335 1534 2377 quidem
1555 2335 1651 2376 prout

172 2388 214 2421 ab
229 2389 381 2431 episcopo
395 2389 569 2421 motulensi
589 2389 621 2421 in
637 2389 764 2431 praxim
780 2388 1017 2431 deducebatur,
1033 2399 1089 2423 seu
1111 2392 1148 2423 tn
1169 2392 1340 2423 concreto.
1358 2391 1402 2422 Ut
1422 2389 1569 2422 omittam
1583 2387 1648 2428 epi-

173 2441 289 2474 stolam
319 2441 428 2474 datam
447 2442 489 2474 ad
510 2443 600 2474 arch.
617 2442 879 2475 mechliniensem
901 2443 1055 2485 scriptam
1078 2443 1178 2476 fuisse
1193 2452 1246 2476 an.
1264 2446 1352 2477 1784.
1371 2445 1470 2475 Breve
1485 2442 1593 2473 autem
1607 2439 1649 2472 ad

173 2495 272 2536 episc.
290 2494 506 2527 motulensem
531 2495 731 2536 publicatum
755 2504 807 2528 an.
826 2498 914 2530 1787.
932 2498 1105 2538 postquam
1124 2496 1266 2538 synodus
1285 2494 1502 2538 pistoriensis,
1529 2493 1651 2534 aliique

172 2547 300 2580 factiosi
320 2548 467 2581 homines
489 2548 546 2581 illa
564 2548 722 2581 sententia
745 2548 837 2581 abusi
864 2549 1012 2591 fuerant3
1032 2550 1164 2592 insuper
1181 2550 1318 2592 epistola
1337 2549 1393 2581 illa
1408 2547 1448 2580 ad
1464 2548 1651 2588 episcopum

174 2601 338 2642 privatum
364 2601 465 2635 missa
487 2602 609 2642 fuerat;
640 2604 740 2635 Breve
763 2604 872 2636 autem
893 2603 1023 2645 publice
1044 2603 1273 2646 promulgavit.

270 2654 321 2687 Cf.
339 2655 401 2687 hac
418 2655 460 2687 de
479 2664 513 2688 re
528 2656 727 2697 praeclaram
750 2656 1028 2699 dissertationem,
1056 2666 1140 2699 quae
1162 2658 1333 2699 postquam
1361 2656 1439 2687 haec
1466 2661 1650 2685 exarassem

174 2706 289 2740 incidit
302 2707 335 2740 in
348 2716 465 2741 manus
478 2717 582 2748 meas,
597 2708 734 2741 Lovanli
749 2709 869 2742 editam
884 2718 937 2743 an.
957 2715 1045 2744 1853.
1058 2711 1099 2743 ab
1114 2711 1320 2743 Ant.Heuser
1333 2708 1374 2740 ad
1387 2706 1523 2748 gradum
1537 2706 1647 2738 docta)-

174 2761 263 2793 ratus
286 2769 330 2794 ss.
341 2770 522 2803 canonum,
542 2764 580 2795 ut
598 2763 697 2795 moris
712 2762 810 2796 estin
824 2763 942 2797 celebri
963 2763 1021 2798 illa
1044 2764 1203 2797 catholica
1231 2761 1440 2794 universitate
1463 2759 1651 2793 elucubrata

174 2814 235 2853 est.
250 2822 322 2855 pag.
337 2817 372 2847 17
385 2823 476 2857 seqq.
492 2824 657 2857 quamque
672 2824 736 2848 non
752 2817 850 2849 semel
866 2817 1019 2858 laudabo,
1030 2818 1212 2850 astantem:
1228 2817 1278 2847 De
1286 2814 1457 2856 potestate
1471 2811 1652 2846 statuendi

175 2865 418 2908 impedimenta
437 2867 641 2901 dirimentia
666 2877 733 2911 pro
747 2869 913 2910 ⁸ri'delium
936 2872 1092 2904 matrim.
1115 2868 1179 2901 soli
1202 2867 1364 2901 ecclesiae
1382 2867 1538 2908 propria.
