1980 3260
251 263 342 296 cu,
359 262 420 296 ιιι.
438 261 490 293 ns
506 260 587 293 mv.
608 261 770 294 »οι-εει.
787 263 920 296 rame.
939 265 1023 297 mr.
1041 265 1132 297 nm„
1145 265 1196 297 Αι)
1215 266 1339 298 mna.
1354 266 1445 298 Anr.
1465 266 1493 297 ι.
1554 251 1642 296 467

187 341 417 389 ecclesiam
449 349 492 387 et
524 349 709 394 statum,
756 351 886 405 atque
920 360 1090 406 pagana
1129 343 1204 391 illa
1238 343 1502 397 statolatmh,
1545 343 1644 391 reli-

188 416 334 480 gionis
367 414 513 463 omnis
548 431 600 461 ac
634 414 857 462 societatis
892 417 1084 465 inimica.

282 492 392 540 Cum
426 489 561 553 igitur
605 489 797 553 theologi
832 491 894 538 illi
929 492 984 539 de
1024 494 1186 558 quibus
1226 506 1294 542 est
1338 511 1481 542 sermo
1524 494 1643 542 haud

186 566 483 634 praeviderint
516 566 733 613 eiusmodi
765 569 1060 625 consectaria,
1088 587 1202 635 quae
1224 588 1276 618 ex
1300 571 1496 635 ipsorum
1522 570 1643 635 prin-

185 644 303 709 cipio
335 642 391 690 de
424 652 639 707 potestate
672 643 851 707 propria
886 645 1160 710 principum,
1191 663 1270 694 seu
1299 645 1442 711 potius
1477 645 1642 709 princi-

185 730 342 786 patus,
374 717 714 766 constabiliendi
749 719 1088 784 impedimenta,
1117 739 1232 786 quae
1255 722 1426 768 irritum
1450 720 1644 769 efficiant

186 812 368 845 suorum
390 793 668 842 subditorum
686 795 954 859 coniugium,
977 796 1154 854 deduci,
1173 808 1367 861 possent,
1383 796 1444 843 nil
1463 797 1638 852 mirum,

185 870 225 918 si
255 869 418 917 fuerint
450 868 572 916 illam
606 871 865 917 sententiam
898 871 1105 936 amplexi.
1134 871 1213 919 Ast
1235 888 1334 919 cum
1367 882 1539 936 tempus
1568 888 1644 935 pe·

185 945 395 994 detentim
418 944 627 993 evolverit
646 946 854 994 exitiosas
878 948 1230 1003 consecutiones,
1251 965 1365 1012 quae
1388 964 1439 995 eo
1457 947 1503 994 in
1522 946 1645 995 theo-

186 1032 349 1071 remate
371 1021 725 1079 includebantur,
749 1022 837 1070 iam
854 1039 935 1070 nos
952 1023 1187 1071 debuimus
1211 1023 1386 1072 tandem
1405 1022 1644 1087 aliquando

188 1099 334 1164 ipsum
356 1096 581 1145 theorema
613 1113 666 1144 ac
698 1097 967 1163 principium
1003 1109 1211 1146 evertere.

282 1173 339 1221 At
370 1183 497 1236 urget
527 1173 580 1220 D.
621 1173 818 1221 Carriere
856 1172 977 1221 sedis
1017 1174 1283 1239 apostolicae
1317 1174 1641 1230 auctoritatem,

189 1267 306 1317 quae
327 1249 568 1298 declaravit
589 1249 712 1297 nulla
733 1266 834 1297 esse
861 1250 1109 1297 infidelium
1143 1250 1367 1314 coniugia,
1395 1267 1510 1315 quae
1538 1250 1646 1297 inita

187 1327 350 1375 fuerint
403 1335 554 1374 contra
589 1325 839 1390 principum
874 1325 1120 1373 infidelium
1160 1326 1280 1389 leges
1315 1325 1643 1373 matrimonium

188 1404 429 1452 irritantes.
467 1402 540 1449 Sic
582 1402 699 1449 enim
742 1401 897 1450 scribit
935 1402 1008 1449 hic
1043 1413 1222 1450 auctor:
1265 1421 1288 1448 «
1314 1401 1500 1449 Demum
1540 1401 1645 1449 huic

186 1479 430 1529 sententiae
458 1481 744 1543 (potestatem
769 1478 977 1543 coniugia
1000 1478 1246 1526 infidelium
1268 1476 1505 1525 dirimendi
1531 1477 1647 1542 prin-

185 1554 361 1620 cipibus
388 1553 597 1602 tribuenti
619 1555 634 1616 )
658 1553 858 1601 adhaeret
881 1555 927 1600 in
945 1555 1084 1618 praaei
1103 1572 1140 1600 s.
1162 1553 1302 1608 sedes,
1325 1552 1470 1618 inquit
1486 1552 1542 1599 D.
1564 1552 1647 1599 Pe-

183 1630 365 1679 rocheau
404 1629 584 1692 (Theol.
616 1630 673 1677 ad
705 1647 834 1677 usum
867 1630 1070 1677 mission.
1108 1629 1419 1677 Sut-chuensis
1451 1639 1555 1676 tom.
1597 1629 1641 1675 2.

185 1723 287 1773 pag.
319 1707 482 1767 346.),
525 1723 631 1770 quae
667 1705 903 1752 declaravit
935 1705 1134 1753 invalida
1167 1723 1254 1752 esse
1287 1704 1524 1769 infidelium
1555 1721 1648 1752 ma-

187 1783 404 1837 trimonia,
428 1799 536 1846 quae
556 1781 719 1846 legibus
731 1782 903 1846 patriae
921 1782 1192 1829 irritantibus
1221 1781 1525 1835 adversantur,
1562 1781 1650 1828 nisi

182 1876 262 1923 per
291 1858 635 1906 consuetudinem
659 1858 889 1922 abroqatae
920 1859 1081 1923 fuerint
1108 1859 1214 1905 istae
1250 1858 1358 1921 leqes
1397 1858 1547 1919 (48).»

281 1934 392 1983 Cum
431 1951 537 1983 vero
571 1934 748 1983 nonnisi
782 1944 949 2000 partem
968 1972 978 1990 ,
1017 1952 1132 1999 quae
1166 1933 1251 1982 sibi
1291 1932 1466 1980 favebat
1499 1949 1552 1979 ex
1584 1931 1649 1979 al·

185 2011 328 2075 legato
376 2021 554 2059 auctore
585 2010 781 2058 Carriere
823 2009 1074 2074 protulerit,
1124 2027 1205 2058 nos
1246 2009 1428 2056 alteram
1478 2018 1646 2073 partem

187 2087 450 2136 adiiciemus
468 2125 478 2144 ,
513 2104 628 2152 quae
659 2098 854 2152 systema
890 2102 1019 2133 suum
1055 2096 1182 2134 antea
1210 2095 1531 2151 propugnatum
1573 2100 1649 2148 pe—

188 2164 308 2212 nitus
343 2164 526 2220 evertit,
556 2164 774 2227 integrum
800 2172 964 2210 textum
988 2162 1263 2210 exhibendo:
1293 2162 1360 2210 sic
1389 2161 1523 2224 igitur
1545 2161 1649 2208 scri-

187 2241 253 2288 bit
288 2240 341 2287 D.
372 2239 624 2287 Perocheau
656 2239 741 2287 loc.
771 2238 844 2286 cit.
880 2258 904 2284 «
927 2238 1153 2303 Principes
1183 2237 1432 2286 saeculares
1464 2247 1649 2301 possunt

186 2316 453 2364 constituere
487 2315 803 2380 impedimenta
841 2313 1058 2363 irritantia
1088 2316 1265 2363 relative
1298 2312 1356 2361 ad
1378 2313 1554 2377 effectus
1586 2313 1647 2358 ci-

185 2393 293 2440 viles
327 2401 508 2447 tantum,
546 2392 588 2438 si
619 2401 777 2455 aqatur
809 2390 860 2437 de
894 2391 1166 2438 matrimonio
1199 2389 1411 2454 fidelium,
1442 2398 1484 2435 et
1516 2386 1647 2434 etiam

188 2468 367 2516 relative
391 2467 445 2515 ad
474 2466 744 2515 validitatem
772 2466 1065 2522 matrimonii,
1094 2465 1132 2513 si
1158 2475 1314 2528 agatur
1340 2464 1396 2510 de
1423 2462 1647 2509 matrimo-

190 2544 266 2592 nio
290 2543 562 2600 infidelium;
601 2543 707 2591 huic
742 2542 859 2590 enim
893 2541 1136 2590 sententiae
1170 2541 1379 2588 adhaeret
1410 2555 1447 2585 s.
1488 2537 1643 2593 sedes,

187 2637 302 2686 quae
337 2619 558 2668 multoties
592 2618 834 2667 declaravit
858 2617 1009 2666 valida
1041 2634 1128 2665 esse
1154 2617 1343 2682 fidelium
1375 2613 1647 2661 matrimonia

188 2705 335 2744 contra
352 2695 461 2760 leqes
478 2695 649 2759 patrias
667 2695 798 2749 inita,
820 2694 950 2742 modo
974 2703 1171 2742 servatae
1194 2691 1354 2739 fuerint
1370 2689 1490 2752 leges
1509 2688 1647 2736 eccle-

191 2770 399 2820 siasticae
431 2781 475 2819 et
507 2771 706 2828 divinae,
739 2770 941 2836 quamvis
982 2769 1057 2818 illa
1098 2766 1374 2817 matrimonia
1413 2775 1456 2812 et
1493 2764 1646 2812 illicita

286 2869 351 2911 (48)
372 2871 409 2903 ln
429 2869 627 2911 compendio
647 2869 753 2911 operis
772 2870 822 2903 De
842 2870 1079 2908 matrimonio,
1099 2866 1149 2899 ed.
1167 2870 1196 2899 2.
1213 2873 1245 2898 n.
1262 2868 1331 2897 291.
1347 2871 1419 2904 pag.
1435 2867 1505 2896 266.
1557 2915 1583 2943 ⁷*
