1980 3260
243 248 332 278 cn.
351 247 412 278 ιιι.
431 247 482 279 nn
500 246 583 279 mv.
603 248 767 281 rorasr.
784 250 918 283 ramo.
937 252 1023 300 mr.
1039 253 1130 284 nai..
1142 253 1194 284 Au
1212 253 1337 286 uun.
1352 253 1444 285 Αιιτ.
1463 252 1494 283 ι.
1552 237 1639 283 459

202 379 205 383 Δ
273 327 340 373 Ad
358 326 492 383 haec,
522 325 699 391 aliaque
720 328 764 374 id
783 346 944 392 genus,
974 348 1088 395 quae
1105 332 1256 417 urgeri
1281 342 1477 397 possent
1505 347 1646 403 pauca

178 402 541 470 animadvertam.
573 403 720 451 Primo
755 405 816 450 nil
850 406 1010 453 mirum
1044 425 1168 463 esse,
1200 408 1239 456 si
1263 426 1366 456 vera
1393 407 1559 464 amissa
1581 424 1646 475 re-

176 478 375 548 ligione.-
390 467 600 526 societas
630 489 718 527 tota
751 480 999 529 inordinata
1023 483 1108 540 sit,
1132 484 1168 532 si
1188 485 1399 542 sanctitas
1424 482 1648 547 coniugii,

177 555 225 609 ει,
235 554 431 619 publica
464 554 676 602 honestas
709 556 831 603 exlex
859 575 971 622 pene
995 576 1045 606 ae
1070 559 1236 607 incerta
1260 559 1561 631 periclitetur.
1568 559 1645 626 Se-

174 631 321 689 cundo
348 631 697 679 animadvertam
732 633 906 681 civilem
939 636 1242 684 auctoritatem
1277 636 1493 701 potuisse
1510 635 1648 706 inter4

174 708 323 762 dicere
351 725 402 756 ac
432 708 668 773 prohibere
699 709 782 757 sub
812 711 1088 774 gravissimis
1123 713 1254 760 etiam
1288 712 1444 779 poenis
1472 710 1649 780 quonti-

175 801 259 838 nus
295 784 510 832 nonnulla
546 784 764 833 inirentur
798 787 1051 845 connubia,¹
1089 806 1142 836 ae
1175 787 1386 858 debuisse
1419 796 1646 858 praeterea

174 849 377 919 externos
402 861 672 909 matrimonii
696 862 879 911 effectus
905 864 1154 923 moderari,
1187 874 1229 925 et
1254 881 1475 934 paganum
1499 879 1648 934 sacer-

173 923 372 994 dotium,
395 938 612 1002 quamvis
642 938 951 1023 illegitimum²
982 950 1172 1004 practice
1202 950 1347 987 tamen
1371 930 1492 988 sibi
1481 956 1552 988 ius
1563 955 1647 1009 ιιι-τ

176 1018 359 1082 rogasse
395 1013 442 1059 ιιι
475 1013 708 1077 coniugia,
743 1025 794 1066 ει,
808 1015 864 1083 ,ιιι
901 1015 1129 1079 publicam
1159 1015 1465 1084 honestatem
1462 1003 1647 1084 Revera

175 1098 268 1135 tum
303 1088 464 1136 summi
500 1090 780 1154 sacerdotes,
816 1077 920 1137 tum
934 1090 1162 1175 principes
1192 1091 1286 1143 sive
1319 1090 1440 1159 iure,
1477 1087 1586 1155 sive
1602 1087 1646 1141 vi

175 1164 221 1211 in
234 1165 459 1234 ,societate
492 1184 668 1231 pagana
703 1184 790 1214 non
809 1184 968 1231 pauca
999 1167 1117 1214 cirea
1151 1166 1431 1214 matrimonia
1463 1165 1648 1221 honeste

176 1251 449 1302 sanxerunt,
490 1259 786 1307 quamquam·
797 1242 863 1293 in
860 1242 1080 1307 pluribus
1120 1242 1400 1299 erraverint„
1398 1224 1649 1313 quemad-

174 1304 357 1371 modum
375 1328 569 1386 constat
585 1336 647 1369 ex
672 1336 848 1387 pagana
880 1317 1158 1382 legislatione
1181 1318 1237 1365 de
1260 1293 1457 1386 nuptiis
1457 1317 1650 1388 filiorum

175 1393 401 1462 familias,
441 1411 493 1442 ac
527 1412 772 1451 servorum,
809 1395 863 1445 de
903 1394 1095 1459 nuptiis
1107 1394 1219 1447 inter
1257 1382 1626 1463 consanguineos
1621 1429 1651 1460 ‚‚

174 1458 351 1530 fratres
367 1470 482 1537 inter
515 1487 566 1517 ac
596 1488 784 1532 sorores
797 1471 892 1533 (26)
923 1470 1063 1517 filium
1089 1487 1141 1516 ac
1164 1479 1360 1538 matrem
1369 1461 1559 1540 (27),acr
1569 1483 1650 1539 :Rp-

175 1535 405 1603 tissimum
428 1546 482 1596 ιιι
509 1535 691 1610 legibus
731 1546 795 1612 de
820 1546 1029 1612 divortio
1048 1532 1163 1608 (28).
1184 1545 1289 1594 Sed
1308 1544 1496 1605 vitiosa
1509 1543 1649 1614 ‚etiarn

174 1621 396 1685 legislatio
420 1640 472 1670 ac
501 1623 733 1688 tyrannica
763 1605 984 1690 quaedam
1003 1632 1232 1708 potestas,⁴
1256 1638 1308 1668 ac
1331 1611 1542 1683 religiosa,
1566 1636 1650 1677 su-

175 1699 377 1764 perstitio
427 1700 578 1767 minus
624 1700 791 1748 malum
842 1699 1019 1760 censeri
1039 1708 1233 1765 „potest
1254 1715 1408 1765 quarn
1420 1695 1650 1766 ειιιειιζοιιιει

175 1793 359 1841 prorsus
388 1778 513 1826 exlex
531 1815 544 1833 ,
576 1788 709 1843 atque
742 1776 999 1841 omnimodas
1026 1775 1248 1838 irreligio,
1278 1775 1359 1838 seu
1380 1755 1649 1840 atheismusgf

174 1851 409 1898 Advertam
434 1852 630 1917 denique
659 1852 779 1916 quod
806 1852 843 1898 si
870 1852 914 1897 in
938 1851 1147 1898 societate
1167 1867 1339 1914 pagana
1367 1858 1563 1912 potestas
1586 1846 1649 1894 ci-

173 1927 276 1974 vilis
312 1927 482 1993 aliquid
517 1928 661 1992 potuit
693 1928 810 1975 ultra
840 1927 885 1974 id
911 1926 1033 1992 quod
1068 1943 1213 1973 rerum
1248 1934 1405 1972 natura
1428 1940 1480 1971 ac
1503 1932 1647 1970 rectus

175 2003 283 2063 ordo
314 2003 608 2070 postularent,
638 2003 684 2050 id
708 2021 760 2051 ex
787 2002 1026 2059 accidenti,
1062 2011 1196 2067 atque
1223 2019 1277 2049 ex
1306 2000 1481 2061 defectu
1502 1997 1651 2062 legitiss

274 2163 339 2205 (26)
360 2165 417 2196 Uti
442 2165 529 2207 apud
554 2165 738 2207 Aegyptios

269 2217 335 2258 (27)
358 2216 450 2258 Apud
476 2219 599 2249 Persas.

271 2270 336 2311 (28)
359 2270 452 2311 Apud
463 2272 642 2302 Romanos·
634 2271 758 2311 ,atque
773 2270 827 2302 hic
844 2267 1089 2310 animadverto,
1101 2268 1167 2302 fere
1185 2260 1348 2302 exclusive
1371 2248 1582 2299 adversarios
1593 2272 1647 2305 ap-

174 2323 296 2364 pellare
310 2323 369 2364 pro
385 2321 510 2363 legibus
525 2295 817 2354 matrimonialibus
830 2322 892 2354 ad
882 2331 932 2354 ius
946 2330 1128 2354 romanum.
1145 2319 1202 2354 Ast
1216 2312 1367 2353 deberent
1379 2320 1475 2352 etiam
1490 2316 1651 2364 appellare

175 2376 215 2408 ad
233 2377 317 2417 leges
332 2378 430 2417 atque
446 2376 486 2408 ad
509 2377 559 2408 ius
574 2376 711 2408 aliarum
738 2377 882 2417 gentium
896 2401 904 2416 ‚
938 2384 1034 2417 penes
1059 2382 1141 2416 quas
1167 2375 1253 2416 leges
1280 2373 1341 2406 hac
1365 2372 1397 2405 ἰιι
1422 2381 1459 2411 ιε
1479 2369 1649 2419 viguerunt¹

175 2430 284 2471 aperte
306 2428 514 2462 adversantes
538 2429 602 2461 iuri
627 2429 772 2461 naturae.
790 2429 824 2461 Si
840 2428 962 2462 valeret
982 2423 1240 2474 adversariorum
1262 2425 1407 2468 generale
1433 2422 1624 2465 principium
1637 2446 1647 2464 ‚

173 2475 238 2514 non
263 2481 371 2514 minus
398 2482 548 2514 censendi
579 2483 654 2514 sunt
681 2481 870 2523 interpretes
892 2481 971 2514 iuris
999 2482 1143 2513 naturae
1160 2480 1357 2521 antiquiores
1389 2477 1589 2518 legislatores„
1611 2477 1649 2507 'ac

174 2533 359 2577 principes,'
380 2542 477 2576 quam
505 2535 624 2568 suerint
646 2535 845 2576 legislatores
868 2535 900 2567 et
923 2534 1082 2576 principes
1101 2533 1236 2565 romani.
1263 2534 1363 2564 Porro
1383 2529 1579 2570 antiquiores
1597 2527 1646 2560 illi

176 2579 373 2626 abnormiter
398 2597 436 2620 ac
460 2588 628 2620 manifeste
651 2597 670 2620 a
689 2597 767 2620 vero
787 2587 928 2620 naturali
948 2586 1018 2619 iure
1042 2586 1247 2625 abluserunt,
1267 2585 1302 2616 ut
1317 2591 1426 2615 omnes
1442 2581 1599 2624 (atentun
1615 2580 1650 2627 at

175 2640 224 2673 illi
235 2647 298 2691 pro
314 2634 422 2673 aetate
432 2649 497 2681 qua
511 2640 597 2681 leges
613 2639 829 2672 condiderunt
849 2647 916 2671 non
938 2638 983 2671 ita
1005 2639 1218 2676 censuerunt,
1243 2636 1308 2667 imo
1334 2634 1489 2676 putabant
1510 2641 1544 2665 se
1563 2631 1648 2673 leges

176 2687 370 2740 rectissirnas
392 2693 592 2734 condidisse,
616 2693 793 2735 populique
815 2691 880 2732 illis
901 2692 1091 2733 paruerunt.
1113 2690 1192 2727 Quis
1216 2696 1292 2721 vero
1307 2686 1392 2727 dicet
1407 2694 1464 2727 per
1478 2685 1550 2717 illas
1563 2685 1649 2725 leges

176 2738 252 2778 vere
281 2746 391 2789 dirimi
419 2746 454 2779 in
480 2746 677 2779 conscientia
700 2746 870 2779 vinculum
894 2743 1089 2785 coniugale?
1118 2742 1292 2780 Errat-unt,
1315 2739 1352 2771 ut
1375 2738 1517 2770 vidimus
1534 2737 1566 2769 in
1582 2744 1649 2769 non

177 2799 290 2840 paucis
311 2801 344 2832 et
367 2799 431 2842 ipsi
455 2800 607 2841 romani3
633 2798 798 2841 quomodo
827 2797 926 2840 igitur
949 2805 1020 2830 eam
1046 2795 1112 2828 vim
1139 2794 1224 2836 leges
1251 2792 1399 2835 romanas
1423 2788 1573 2824 habuisse
1600 2788 1649 2822 di-

177 2850 314 2886 rimendi
343 2851 515 2886 dicemus³
