1980 3260
234 230 325 262 cn.
339 227 413 262 vn.
427 228 478 262 m:
497 230 621 263 MATR.
641 229 769 263 mm).
789 229 873 262 cum
893 220 1305 262 r1nEL.vE1.1N1·.sn.
1327 230 1421 262 Am.
1435 230 1479 262 11.
1554 216 1642 262 331

170 307 473 355 ecclesiastico
517 308 833 373 impedimento
876 308 1036 355 initum
1081 308 1227 365 solvi,
1278 307 1347 356 vel
1394 308 1645 356 confirmari

168 384 350 450 quidem
369 422 379 442 ‚
420 384 501 432 sed
534 402 588 432 ex
622 385 839 433 ecelesiae
871 384 1224 449 dispensatione.
1254 385 1300 431 Si
1334 395 1479 432 autem
1513 386 1649 451 impe-

168 460 415 508 dimentum
446 462 530 509 fuit
550 462 722 526 partim
758 462 869 509 iuris
903 461 1193 509 ecclesiastici
1212 499 1222 518 ‚
1251 461 1410 526 partim
1434 461 1545 509 iuris
1571 479 1649 512 na-

167 548 294 587 turae
325 537 459 585 latius
496 538 688 602 sumpti,
729 538 1104 603 quemadmodum
1140 537 1303 586 accidit
1333 555 1376 586 v.
1406 555 1472 601 gr.
1501 539 1549 586 in
1583 556 1651 587 se-

167 613 314 662 cundo
331 614 758 676 consanguineitatis
779 615 882 662 etin
897 615 1042 679 primo
1066 614 1296 662 affinitatis
1320 614 1483 677 gradu,
1507 625 1653 679 potest

167 688 360 738 ecclesia
391 705 445 736 ea
477 689 686 752 coniugia
731 689 903 737 solvere
935 690 1006 738 vel
1042 690 1423 755 dispensationem
1463 689 1570 739 dare
1603 701 1652 738 ut

164 774 476 830 perseverent,
516 775 648 829 prout
679 765 916 830 prudentia
939 803 949 821 ,
988 766 1158 814 utilitas
1177 803 1187 822 ‚
1226 765 1404 831 aliaque
1427 782 1574 814 rerum
1598 783 1651 816 ao

166 857 462 906 personarum
496 841 709 888 adiuncta
743 842 1064 904 suggesserint.

258 917 427 971 Revera
463 916 729 965 documenta
763 927 1007 981 suppetunt
1044 933 1126 981 pro
1160 927 1348 982 utraque
1382 917 1544 981 agendi
1578 934 1649 966 ra-

162 993 297 1042 tione.
335 992 516 1040 Nullum
550 1003 668 1041 certe
698 992 853 1040 subest
887 991 1075 1041 dubium
1108 1010 1244 1057 posse
1279 1009 1649 1058 romanumpon-

163 1068 329 1117 tifieem
374 1068 579 1116 infideles
620 1068 677 1116 ad
722 1068 856 1116 fidem
895 1084 1134 1116 conversos
1180 1068 1466 1134 dispensare,
1509 1078 1560 1117 ut
1603 1068 1650 1119 in

161 1146 443 1195 matrimonio
472 1145 713 1211 persistant
741 1145 906 1193 talibus
936 1145 983 1192 in
1014 1144 1228 1207 gradibus
1265 1144 1503 1192 celebrato.
1529 1144 1648 1202 Quin

164 1223 315 1289 potius
350 1222 475 1270 nulla
509 1240 586 1270 eos
621 1222 852 1287 pontificia
886 1221 1158 1270 relaxatione
1183 1221 1238 1269 ab
1262 1221 1484 1278 eiusmodi
1509 1221 1651 1288 impe-

163 1299 364 1347 dimento
387 1299 588 1363 indigere
611 1316 862 1347 censemus.
885 1299 996 1345 Nam
1022 1315 1123 1346 cum
1149 1298 1403 1346 istiusmodi
1427 1298 1651 1347 connubia

162 1375 388 1443 prohibita
409 1413 419 1432 ,
469 1374 602 1440 atque
648 1375 772 1422 irrita
806 1374 923 1422 facta
955 1374 1047 1421 sint
1080 1373 1177 1421 sola
1210 1373 1308 1436 lege
1345 1373 1650 1422 ecclesiastica

162 1450 259 1499 sive
287 1451 529 1507 canonica,
559 1468 676 1515 quae
699 1450 801 1497 illos
827 1466 915 1498 non
940 1449 1168 1514 obligabat
1191 1466 1293 1498 oum
1317 1449 1363 1495 in
1387 1449 1650 1498 infidelitate

162 1526 395 1591 degerent,
434 1527 507 1575 his
542 1526 874 1593 impedimentis
894 1564 904 1583 ‚
936 1543 1053 1592 quae
1087 1525 1352 1591 proveniunt
1385 1543 1437 1572 ex
1473 1525 1650 1575 inferio-

162 1603 289 1651 ribus
329 1604 757 1667 oonsanguineitatis
792 1603 1008 1668 gradibus
1042 1603 1226 1650 minime
1260 1602 1439 1650 obnoxii
1486 1613 1644 1662 erant,

162 1680 367 1745 adeoque
397 1681 655 1744 coniugium
685 1681 883 1744 legitime
917 1680 1126 1727 inierunt.
1168 1679 1261 1727 Iam
1299 1696 1404 1727 vero
1447 1689 1649 1744 poterant

162 1774 219 1806 ne
253 1775 471 1823 personas
507 1758 731 1806 inhabiles
767 1758 944 1806 efficere
982 1757 1039 1805 ad
1073 1756 1424 1805 contrahendum
1458 1756 1648 1822 impedi-

161 1844 336 1891 menta,
375 1852 490 1900 quae
522 1835 671 1900 quoad
717 1834 842 1899 ipsos
877 1851 967 1882 non
1001 1832 1289 1881 existebant?
1321 1832 1409 1880 Aut
1442 1844 1648 1898 poterunt

163 1910 320 1959 saltem
339 1912 518 1959 efficere
542 1922 779 1977 postquam
797 1911 1031 1960 christiani
1050 1928 1102 1958 ex
1121 1909 1380 1958 infidelibus
1398 1909 1503 1958 sacti
1521 1920 1641 1968 sunt,

166 1997 216 2035 ut
238 1987 331 2035 sint
353 1986 583 2051 illegitime
607 1987 804 2053 copulati
823 2025 833 2045 ‚
862 1987 940 2052 qui
964 1987 1160 2051 legitime
1183 1986 1321 2034 semel
1346 1986 1524 2034 fuerunt
1547 2003 1649 2035 con-

162 2061 335 2110 iuncti?
358 2063 488 2111 Nulla
511 2063 647 2127 igitur
669 2063 1006 2128 dispensatione
1039 2062 1260 2110 eiusmodi
1294 2062 1506 2126 coniuges
1529 2079 1645 2127 opus

163 2138 331 2187 habent
365 2139 422 2186 ad
458 2140 592 2187 fidem
626 2140 854 2198 conversi,
892 2150 942 2187 ut
975 2140 1021 2186 in
1056 2139 1256 2203 legitimo
1288 2148 1512 2187 contracto
1540 2156 1647 2188 con-

163 2216 287 2279 iugio
322 2225 635 2281 perseverent;
675 2233 758 2264 nec
792 2215 936 2264 solum
979 2217 1176 2282 separari
1210 2215 1296 2263 hac
1329 2215 1386 2263 de
1419 2233 1557 2264 causa
1589 2215 1646 2264 ab

164 2291 356 2340 invicem
391 2309 480 2340 non
514 2291 678 2339 debent
710 2302 841 2357 prout
873 2292 1027 2340 statuit
1051 2291 1334 2341 Innocentius
1359 2292 1438 2339 111.
1463 2292 1543 2341 sed
1568 2309 1645 2339 ne·

163 2385 252 2433 que
285 2385 421 2433 posse
453 2367 643 2416 videtur.

259 2444 307 2490 Si
334 2444 483 2492 nullus
518 2445 670 2510 itaque
703 2444 933 2495 affinitatis
961 2445 1127 2509 gradus
1151 2445 1198 2492 in
1223 2445 1382 2512 quavis
1407 2445 1524 2492 linea
1548 2444 1643 2492 sive

164 2530 283 2568 recta
317 2521 412 2569 sive
445 2520 628 2586 obliqua
663 2521 833 2569 dirimit
877 2522 1207 2582 matrimonium
1250 2532 1381 2587 prout
1413 2539 1466 2569 ex
1508 2520 1641 2568 dictis

162 2597 310 2644 verior
334 2607 451 2645 tenet
474 2598 720 2655 sententia,
760 2598 857 2646 iure
889 2598 1080 2646 naturali
1115 2616 1272 2664 presse
1307 2606 1509 2662 sumpto,
1538 2613 1643 2644 con-

164 2690 359 2738 sequens
387 2685 478 2733 est,
508 2675 716 2739 coniugia
739 2692 856 2740 quae
879 2675 936 2723 ab
960 2675 1217 2724 infidelibus
1246 2684 1347 2723 ante
1369 2673 1642 2739 baptismum

166 2748 239 2796 his
263 2750 308 2796 in
333 2751 546 2814 gradibus
580 2751 810 2799 affinitatis
847 2751 956 2799 inita
985 2763 1117 2810 sunt,
1146 2769 1246 2800 esse
1269 2767 1373 2799 vera
1396 2766 1449 2797 ac
1471 2748 1636 2806 valida,

168 2841 267 2873 cum
302 2844 390 2875 non
425 2827 718 2877 subiiciantur
740 2828 915 2892 legibus
943 2829 1195 2885 canonicis,
1224 2845 1251 2876 a
1274 2826 1438 2892 quibus
1470 2835 1640 2876 tantum
