1980 3260
409 270 497 301 cn».
529 267 557 301 1.
589 270 685 300 Gan.
716 259 824 300 inni
845 265 1009 300 rorssr.
1041 267 1204 299 necrus.
1236 267 1327 298 Aur.
1360 268 1404 298 u.
1589 250 1642 297 21

276 339 401 405 Quod
450 349 629 395 demum
664 345 982 395 vetustissimis
1018 335 1115 391 illisi
1149 345 1422 410 temporibus
1457 345 1545 392 iam
1579 362 1651 392 eo-

178 425 316 473 clesia
363 424 560 472 fidelium
587 422 811 484 coniugia
855 420 1047 477 ritibus,
1089 421 1295 485 precibus
1332 421 1652 470 benedictioni·-

179 501 355 566 busque
392 487 737 547 communiverit·
770 496 935 562 quibus
965 535 974 553 ,
1020 497 1295 561 significaret
1339 497 1650 545 connubialem

180 577 375 624 fidelium
401 574 757 622 coniunctionem
778 612 787 629 ,
816 573 1002 637 gratiam
1031 583 1182 638 utpote
1206 590 1345 621 novae
1366 573 1478 637 legis
1504 590 1652 622 sacra—

180 660 392 706 mentum,
431 649 655 704 conferre,
697 649 823 695 testis
857 659 924 695 est
959 649 1117 695 iterum
1152 648 1526 713 locupletissimus
1550 650 1652 696 Ter·—

177 726 389 774 tullianus
425 725 530 771 dum
561 725 657 771 eius
688 724 958 771 matrimonii
992 724 1184 771 celebrat
1210 725 1491 781 felicitatem,
1531 725 1651 790 quod

173 800 364 849 ecclesia
399 799 630 855 conciliat,
663 799 895 846 confirmat
928 799 1119 856 oblatio,
1155 817 1234 847 seu
1263 801 1561 849 eucharistiae
1583 818 1650 849 ce-

175 876 383 932 lebratio,
408 886 450 922 et
467 875 674 939 obsignat
695 874 946 922 benedictio
975 877 1092 937 (19>;
1116 876 1284 940 quique
1307 876 1413 922 alibi
1443 877 1556 924 inter
1579 892 1652 925 ce-

175 963 292 1000 teros
326 953 579 1018 nuptiarum
622 951 733 998 ritus
757 951 924 998 ‘velum
958 951 1090 998 etiam
1135 962 1482 1008 commemorat,
1530 953 1648 1017 quod

175 1026 342 1094 sponsa
365 1028 420 1075 de
446 1026 688 1075 sacerdotis
718 1026 925 1074 manibus
956 1027 1227 1092 accipiebat,
1262 1028 1472 1092 quodque
1492 1028 1653 1075 distin-

173 1105 270 1170 guit
296 1122 322 1152 a
349 1104 447 1151 velo
469 1103 588 1169 quod
613 1097 871 1150 christianis
900 1103 1153 1167 virginibus
1182 1103 1392 1160 dabatur,
1423 1103 1646 1152 scribens:

175 1198 201 1224 ἀ
215 1180 270 1226 Et
287 1180 584 1244 desponsatae
610 1178 790 1242 quidem
811 1178 976 1225 habent
993 1179 1244 1243 exemplum
1263 1179 1509 1237 Rebeccae,
1538 1197 1652 1245 quae

179 1274 280 1304 oum
307 1256 363 1303 ad
391 1272 609 1321 sponsum
637 1255 836 1318 ignotum
867 1255 1017 1318 ignota
1046 1254 1339 1302 duceretur...
1359 1256 1398 1302 si
1425 1266 1569 1303 autem
1594 1257 1650 1303 ad

173 1328 564 1397 desponsationem
599 1330 799 1378 velantur
827 1342 909 1378 etc.
945 1333 1095 1394 (20).»
1123 1331 1253 1387 Quod
1294 1331 1459 1379 clarius
1495 1343 1651 1397 postea

175 1408 397 1472 expressit
421 1425 458 1455 s.
482 1405 741 1454 Ambrosius
771 1407 877 1453 dum
910 1407 995 1454 ait:
1035 1428 1055 1451 «
1075 1408 1227 1471 Ipsum
1253 1409 1507 1472 coniugium
1531 1408 1651 1458 vela·-

175 1483 296 1530 mine
315 1481 579 1530 sacerdotali
598 1492 640 1529 et
657 1482 967 1529 benedictione
985 1482 1254 1530 sanctificari
1274 1494 1472 1547 oporteat
1495 1486 1591 1547 (21)
1604 1522 1612 1531 .
1624 1504 1645 1530 »

174 1560 334 1607 Poenis
362 1576 466 1606 vero
500 1558 816 1606 ecclesiasticis
854 1558 1026 1605 sancita
1064 1558 1226 1615 fuisse,
1262 1577 1376 1623 quae
1411 1561 1650 1608 constituta

175 1636 350 1696 fuerant
384 1635 504 1683 circa
537 1634 746 1698 coniugia
773 1651 825 1680 ex
862 1633 1007 1681 allatis
1036 1634 1209 1682 concilii
1242 1634 1496 1683 illiberitani
1522 1654 1651 1685 cano-

174 1712 319 1759 nibus·
346 1713 544 1777 apertum
575 1712 639 1759 fit.
1094 1722 1095 1725 ’

231 1790 235 1794 ’
271 1790 326 1835 Et
350 1789 458 1836 haec
479 1789 535 1836 de
561 1789 706 1854 prima
729 1799 869 1836 aetate
893 1790 977 1837 sub
1001 1790 1341 1854 imperatoribus
1366 1790 1642 1846 infidelibus;

172 1865 337 1912 eadem·
366 1864 511 1912 autem
542 1865 712 1912 ratione
733 1882 789 1912 se
823 1865 1020 1927 gessisse
1055 1865 1289 1912 ecclesiam
1319 1867 1365 1912 in
1394 1865 1534 1913 altera
1569 1884 1645 1931 pe-

174 1939 658 2004 riodo‚rquae‘coepit
686 1939 769 1987 sub
804 1940 1146 2004 imperatoribus
1184 1940 1472 1997 christianis,
1505 1942 1565 1988 ita
1601 1953 1650 1989 ut

173 2015 353 2080 propria
376 2015 662 2071 auctoritate,
697 2032 837 2080 eaque
859 2015 989 2080 plane
1014 2015 1338 2081 independente
1365 2015 1422 2063 ab
1446 2017 1648 2082 ipsorum

173 2091 354 2155 politica
383 2101 598 2156 potestate
625 2091 849 2139 connubia
874 2091 1120 2139 christiana
1145 2092 1373 2139 moderata
1395 2093 1475 2150 sit,
1500 2093 1649 2142 adhuc

172 2166 464 2214 luculentiora
497 2168 761 2215 documenta
795 2167 1017 2215 evincunt.
1043 2169 1151 2215 Nam
1175 2168 1220 2215 in
1246 2168 1437 2216 concilio
1464 2187 1647 2218 neocae-

171 2242 389 2298 sariensi,
428 2242 547 2307 quod
581 2243 848 2290 celebratum
886 2254 954 2290 est
988 2253 1088 2291 ante
1118 2243 1358 2291 concilium
1384 2245 1642 2302 Nicaenum,

171 2320 342 2366 vetatur
373 2317 476 2364 iniri
508 2318 764 2382 coniugium
794 2336 821 2366 a
849 2319 1036 2367 muliere
1069 2337 1167 2367 cum
1213 2320 1407 2369 defuncti
1442 2321 1647 2385 coniugis

173 2393 305 2442 fratre
315 2393 407 2442 'sub
423 2394 782 2443 interminatione
799 2395 1269 2444 excommunicationis
1286 2415 1438 2462 usque
1456 2397 1512 2444 ad
1529 2414 1647 2445 mor-

173 2481 293 2526 tem3,
321 2486 467 2536 neque
500 2470 775 2535 indulgentia
803 2471 1078 2537 delinquenti
1109 2473 1155 2519 in
1188 2473 1306 2520 vitae
1339 2473 1458 2520 exitu
1490 2490 1648 2521 conce·

172 2545 318 2603 ditur,
351 2546 438 2594 nisi
470 2546 554 2595 sub
574 2564 786 2612 expressa
808 2548 1083 2605 conditione,
1113 2548 1234 2614 quod
1265 2549 1304 2596 si
1336 2549 1642 2614 supervixerit,

171 2612 396 2671 vinculum
432 2623 574 2672 solvat
607 2623 826 2671 eiusmodi
861 2624 1017 2673 incesti
1048 2625 1261 2689 coniugii.
1283 2625 1349 2672 En
1375 2625 1560 2674 canonis
1585 2627 1640 2677 11.

270 2759 336 2799 (19)
356 2759 427 2792 Lib.
446 2761 486 2792 11.
503 2759 555 2793 Ad
572 2769 663 2793 uxor
682 2769 751 2802 cap.
770 2761 857 2793 vlu.

272 2811 340 2852 (20)
357 2813 407 2845 De
425 2813 620 2853 viminibus
639 2813 778 2846 veland.
800 2822 869 2856 cap.
888 2815 944 2846 xl.

272 2863 337 2904 (21)
359 2866 458 2906 Epist.
475 2867 574 2898 xvu.
592 2866 632 2897 ad
649 2867 746 2906 vigil.
765 2866 815 2897 ed.
832 2868 936 2898 Mam.
