1980 3260
354 211 444 257 178
666 222 747 252 Lm.
778 221 824 251 11.
854 220 967 251 sncr.
998 221 1027 250 1.
1057 220 1109 250 m:
1133 218 1299 251 rorns'r.
1329 219 1494 252 nectus.

353 304 508 350 ditioni
546 298 796 362 pontificiae
837 303 921 344 non
963 296 1262 343 subiiciuntur
1284 333 1293 351 ,
1344 295 1473 342 fuerit
1506 298 1671 360 publici
1709 301 1820 348 iuris

353 378 470 442 quod
503 375 669 439 ubique
687 373 882 420 locorum
901 372 1128 419 obtinebat
1146 371 1425 418 corollarium
1445 371 1712 433 legitimum·⁹
1741 394 1820 424 seu

353 452 668 516 consequentia
703 450 969 497 necessaria.
1000 449 1173 495 Etenim
1208 448 1308 495 ideo
1336 448 1382 493 in
1401 447 1499 511 lege
1532 448 1653 496 civili·
1684 450 1822 501 habe-

351 531 481 576 batur
514 538 738 592 tamquam
775 526 1003 588 illegitima
1026 524 1175 589 proles
1210 534 1304 572 orta
1338 542 1390 571 ex
1424 524 1655 587 illegitimo
1677 528 1827 575 matri-z

354 605 502 651 monio
527 643 536 659 ‚
575 603 694 667 quod
734 602 952 648 eiusmodi
987 601 1313 648 matrimonium
1351 600 1523 647 nullum
1557 619 1609 648 ac
1650 602 1830 650 irritum.-

352 690 470 727 esset
502 680 546 725 in
583 679 694 725 facie
718 681 809 724 tum
833 677 1074 734 ecclesiae,
1104 688 1194 724 tum
1230 677 1454 724 societatis
1479 677 1635 741 ‚quia
1666 677 1825 725 initum'

354 772 451 802 cum
487 754 802 817 impedimento
830 752 1043 799 canonico
1083 753 1333 799 dirimente.
1374 753 1592 808 Quocirca
1628 753 1829 817 pontifex

352 848 429 895 per
461 830 840 893 dispensationem
863 846 940 876 seu
966 829 1239 876 sanationem
1276 830 1321 874 in
1346 829 1496 876 radice
1518 833 1618 876 cum
1654 830 1827 877 auferat

352 907 460 952 illud
496 906 860 969 impedimentum
894 906 1076 970 perinde
1121 923 1172 952 ac
1212 907 1250 952 si
1284 924 1527 970 numquam
1562 907 1816 963 extitisset,

352 1000 454 1031 vere
487 982 620 1030 efficit
656 983 954 1029 conditionem
979 982 1215 1044 coniugum
1250 994 1292 1028 et
1320 982 1458 1045 prolis
1483 982 1643 1040 talem,
1673 982 1824 1048 qualis

354 1069 470 1106 esset
505 1059 543 1105 si
580 1076 757 1122 semper
790 1058 1011 1120 legitimus
1047 1058 1205 1105 suisset
1239 1075 1484 1105 consensus
1507 1096 1517 1115 ,
1555 1076 1608 1106 ac
1631 1059 1821 1123 proinde

355 1144 401 1180 ut
425 1135 572 1198 proles
598 1136 805 1199 suscepta
837 1134 1054 1181 habeatur
1070 1134 1203 1181 veluti
1239 1144 1333 1181 orta
1362 1151 1414 1180 ex
1449 1134 1647 1197 legitimo
1671 1136 1828 1182 coniu-

352 1211 441 1274 gio.
471 1212 604 1259 Porro
628 1213 704 1276 qui
728 1213 858 1258 natus
878 1212 949 1258 'est
969 1211 1019 1257 ex
1039 1211 1244 1274 coniugio
1268 1211 1464 1274 legitimo
1494 1211 1720 1274 legitimus
1743 1211 1831 1259 ha-

355 1286 447 1333 beri
485 1287 642 1343 debet,
668 1287 718 1333 >et
751 1304 892 1351 capax
926 1286 1141 1333 benorum
1174 1286 1405 1343 omnium,
1444 1303 1561 1351 quae
1594 1287 1655 1334 ex*
1680 1286 1830 1350 legiti-

355 1364 440 1409 mis
465 1363 690 1409 natalibus
708 1363 932 1426 profluunt
951 1362 1143 1408 nedum
1133 1380 1179 1408 in
1207 1362 1302 1410 foro
1319 1325 1562 1420 ecclesiae,
1593 1363 1671 1410 sed
1689 1363 1823 1411 etiam

352 1439 395 1484 in
431 1438 524 1485 foro
558 1439 676 1486 civili
717 1440 835 1500 (41).
1063 1439 1065 1441 ’
1655 1451 1658 1454 ⁴

447 1513 683 1560 Clausulae
717 1530 819 1560 vero
858 1513 960 1560 illae
992 1513 1094 1560 ideo
1135 1526 1420 1579 apponuntur
1452 1515 1572 1579 quod
1604 1524 1700 1561 tum
1731 1515 1823 1580 ipsi

350 1590 658 1653 legitimationi
685 1601 776 1637 tum
811 1590 1096 1638 declarationi
1126 1591 1408 1638 authenticae
1442 1591 1643 1638 eiusdem
1678 1591 1824 1655 legiti-

352 1667 558 1713 mationis
583 1667 846 1714 inserviunt.
876 1667 990 1713 Hinc
1012 1667 1216 1714 videmus
1239 1668 1309 1715 vel
1334 1668 1460 1732 ipsos
1487 1667 1737 1714 Galliarum‘
1757 1685 1827 1716 re-

351 1760 428 1805 ges
452 1781 461 1799 ‚
501 1734 600 1789 cum
635 1760 749 1807 opus
783 1743 865 1790 suit
886 1781 896 1800 ,
931 1744 1054 1807 ipsas
1088 1744 1361 1808 expetiisse⁷
1396 1754 1445 1789 ut
1468 1754 1641 1791 constat
1673 1762 1734 1791 exv
1758 1744 1825 1790 di-

350 1819 631 1881 spensatione
665 1836 692 1865 a
725 1818 948 1865 Clemente
971 1820 1018 1864 V.
1058 1819 1102 1865 in
1129 1819 1321 1867 favorem
1357 1819 1501 1866 Caroli
1529 1820 1597 1866 lV.
1637 1830 1681 1867 et
1706 1819 1826 1867 filiae

351 1894 543 1958 Philippi
574 1894 762 1958 ‘pulchri
787 1933 797 1950 ,
836 1913 917 1942 nec
953 1913 1040 1942 non
1082 1913 1108 1942 a
1147 1897 1312 1943 Ioanne
1349 1896 1486 1941 xxu.
1537 1895 1583 1940 in
1627 1895 1823 1943 favorem

352 1968 548 2015 eiusdem
575 1970 722 2016 Caroli
752 1971 820 2016 lV.
849 1988 1063 2018 concessa
1091 1972 1207 2034 (42).
1239 1970 1518 2034 Quapropter
1542 1974 1687 2034 neque
1723 1973 1825 2017 inu‘-

354 2045 447 2090 tiles
477 2062 621 2108 neque
644 2047 849 2093 abusivae
872 2057 947 2093 aut
978 2048 1128 2094 irritae
1152 2046 1371 2094 eiusmodi
1394 2046 1624 2094 clausulae
1647 2047 1820 2095 censeri

354 2119 531 2166 debent.

454 2196 600 2251 Quare
634 2215 714 2245 nec
747 2217 900 2247 omnes
932 2199 1176 2264 iurisperiti
1201 2200 1304 2264 galli
1335 2199 1604 2247 adversariis
1637 2215 1829 2247 consen-

356 2282 524 2319 serunt.
567 2274 684 2320 Inter
725 2286 893 2322 ceteros
935 2287 1167 2324 annotator
1207 2277 1375 2324 Fevreti
1412 2275 1828 2341 apprime'exponit

353 2347 472 2395 hunc
489 2348 839 2412 dispensationis
865 2351 908 2396 in
928 2352 1076 2399 radice
1093 2352 1359 2400 indirectum
1377 2352 1583 2399 effectum
1602 2351 1820 2399 scribens:

352 2424 611 2472 «Doctores
637 2437 868 2489 apponunt
891 2426 937 2472 in
962 2427 1048 2474 hac
1080 2429 1266 2476 materia
1293 2427 1652 2476 distinctionem:
1680 2437 1826 2474 amm

381 2519 383 2521 ’
441 2521 577 2563 (41)1ta
598 2523 665 2562 ⁴rite
692 2523 783 2555 iuxta
809 2525 971 2565 receptum
997 2525 1049 2557 ius
1075 2527 1350 2559 ratiocinabantur
1375 2528 1441 2558 TT.
1469 2527 1502 2558 et
1528 2525 1714 2558 canonistae
1741 2523 1827 2557 Gon-

347 2576 432 2608 zalez
452 2577 496 2608 in·
511 2576 586 2618 cap.
606 2577 670 2618 Qui
692 2576 882 2608 venerabil.
906 2577 967 2609 sub
983 2586 1072 2610 num.
1093 2583 1141 2611 12.
1164 2582 1229 2617 Qui
1244 2578 1319 2620 filii
1340 2579 1413 2611 sint
1428 2578 1584 2618 leqmmi.
1606 2576 1770 2610 corradus
1788 2577 1823 2609 in

354 2630 465 2660 Praxi
477 2627 665 2669 dispensat.
682 2628 752 2660 Lib.
775 2634 804 2661 8.
824 2638 852 2660 c.
872 2634 900 2661 3.
923 2638 955 2661 n.
977 2633 1015 2662 46
1031 2640 1121 2672 seqq.
1138 2632 1234 2664 Oliva
1245 2634 1296 2664 De
1301 2630 1385 2671 soro
1405 2630 1592 2663 ecclesiast.
1609 2629 1643 2661 in
1657 2638 1730 2670 cap.
1746 2630 1825 2662 Rai-

352 2681 460 2713 nulus
487 2682 601 2713 versic.
625 2683 772 2714 Uxorem
796 2684 931 2714 nomine
955 2683 1199 2717 Adelasiamn.
1219 2690 1289 2718 102.
1306 2683 1468 2716 valentin.
1485 2683 1614 2715 Forster
1628 2684 1677 2714 De
1693 2690 1824 2715 succes-

351 2735 438 2765 sion.
464 2733 509 2765 ab
535 2735 690 2766 intestat.
714 2734 772 2766 lib.
791 2739 822 2766 6.
838 2743 867 2766 c
887 2737 936 2766 34
954 2744 987 2775 q.
1007 2741 1036 2768 2.
1057 2746 1089 2768 n.
1115 2742 1161 2770 18.
1182 2738 1302 2778 aliique
1322 2738 1440 2778 passim
1464 2735 1551 2777 apud
1566 2734 1752 2776 Rigantium
1766 2743 1821 2776 op.

350 2785 383 2816 et
407 2785 470 2817 loc.
486 2785 540 2817 cit.
557 2786 591 2818 et
610 2785 773 2818 Benedict.
794 2787 1099 2827 X1v.quaaet.cit.

441 2837 506 2878 (42)
528 2838 576 2870 Cf.
600 2838 685 2880 apud
708 2838 892 2879 Rigantium
914 2839 977 2871 loc
993 2839 1047 2870 cit
