1980 3260
434 251 525 282 cir.
550 251 580 284 1.
604 251 701 284 asu.
725 251 818 284 mss
843 251 1008 284 rorssr.
1031 251 1196 284 civius.
1220 251 1313 283 aar.
1343 251 1372 283 1.
1558 236 1648 282 355

178 325 419 392 disciplina
453 327 670 377 ecclesiae
702 346 780 395 per
812 328 967 377 fideles
1002 329 1251 395 principes,
1293 329 1387 377 sive
1419 327 1649 384 solvatur,

178 402 256 451 ille
288 403 346 452 ab
380 404 448 453 eis
484 405 698 454 rationem
732 405 896 470 exigit,
924 405 1001 471 qui
1026 423 1178 454 eorum
1203 405 1406 471 potestati
1430 422 1559 454 suam
1582 423 1655 454 ec-

183 478 367 528 clesiam
402 480 763 544 credidit(21).»

272 555 331 603 »Et
364 554 475 603 haec
513 556 587 604 vix
628 556 758 605 nobis
802 556 1029 606 delibasse
1074 557 1272 606 sufficiat
1311 558 1430 605 circa
1471 574 1653 605 sensum

177 630 450 680 christianae
473 631 751 696 antiquitatis
775 632 831 680 de
851 632 1141 680 relationibus
1164 650 1278 698 quas
1303 632 1528 698 principes
1551 649 1656 696 erga

171 705 413 755 ecclesiam
448 716 550 770 post
583 707 781 773 ipsorum
824 709 1159 757 conversionem
1205 709 1352 774 adepti
1390 719 1494 757 sunt
1531 710 1648 772 (22).

175 782 243 830 Ex
277 799 331 830 eo
363 782 532 848 quippe
564 783 941 848 deprehendimus
960 823 970 842 ‚
1007 785 1127 851 quod
1160 784 1231 833 vel
1264 785 1363 850 ipsa
1398 802 1509 833 sana
1542 785 1654 833 ratio

178 857 345 915 dictat,
383 858 607 924 principes
641 877 722 924 per
761 877 914 908 eorum
956 860 1291 909 conversionem
1337 860 1407 908 ius
1445 859 1649 916 nullum,

181 932 348 980 nullam
386 950 570 999 prorsus
606 934 1000 999 praeeminentiam
1035 952 1171 1000 super
1203 934 1436 982 ecclesiam
1465 936 1658 1000 acquisi-

177 1009 324 1066 visse,
357 1009 437 1057 sed
473 1010 589 1058 filios
623 1011 927 1060 tantummodo
960 1029 1013 1059 ac
1047 1011 1251 1060 subditos
1285 1012 1484 1060 evasisse
1517 1012 1656 1060 eccle-

177 1085 301 1143 siae,
340 1095 475 1151 atque
498 1085 544 1132 in
567 1086 876 1151 spiritualibus
909 1087 1053 1135 eidem
1087 1087 1269 1136 omnino
1303 1104 1403 1135 esse
1436 1086 1657 1135 subiectos

179 1179 235 1211 eo
270 1179 455 1229 prorsus
488 1162 621 1211 modo
654 1180 745 1229 quo
777 1163 911 1212 ceteri
946 1163 1114 1230 quique
1154 1163 1324 1212 fideles.
1353 1162 1659 1228 Deprehendi-

181 1256 282 1288 mus
317 1249 543 1305 praeterea
577 1240 758 1288 eosdem
791 1250 942 1305 utpote
970 1258 997 1288 a
1024 1241 1139 1298 Deo,
1173 1257 1200 1288 a
1226 1257 1316 1306 quo
1345 1239 1492 1288 omnis
1524 1240 1657 1287 etiam

181 1315 438 1381 temporalis
462 1326 658 1381 potestas
683 1327 774 1373 est,
803 1316 991 1381 imperio
1007 1326 1050 1364 et
1068 1317 1326 1365 auctoritate
1344 1316 1549 1373 donatos,
1571 1334 1658 1364 non

174 1389 327 1440 >solum
362 1390 524 1440 debere
558 1392 812 1458 prospicere
857 1392 980 1457 paci,
1031 1392 1341 1458 tranquillitati
1376 1410 1429 1441 ac
1462 1402 1660 1440 terrenae

182 1466 462 1516 subditorum
487 1469 796 1534 prosperitati,
824 1486 976 1517 verum
1001 1469 1132 1517 etiam
1158 1470 1295 1517 teneri
1319 1469 1377 1517 ad
1402 1469 1658 1517 eorumdem

180 1544 414 1610 spirituale
435 1544 601 1593 bonum
618 1583 629 1602 ,
659 1555 974 1611 aeternamque
1004 1545 1256 1593 felicitatem
1291 1544 1653 1611 promovendam,

180 1638 272 1670 non
310 1621 493 1686 quidem
528 1639 609 1686 per
641 1639 691 1670 se
713 1660 723 1679 ,
762 1622 802 1670 si
836 1622 1051 1688 optimum
1071 1660 1081 1678 ,
1119 1622 1238 1687 quod
1273 1621 1330 1669 de
1365 1639 1414 1669 se
1448 1620 1660 1686 praebere

180 1696 346 1745 debent
386 1697 635 1762 exemplum
669 1698 890 1764 excipias,
929 1698 1009 1746 sed
1043 1697 1241 1745 curando
1275 1697 1560 1762 potissimum
1594 1714 1661 1744 ec-

180 1772 350 1823 clesiae
382 1773 571 1831 bonum,
610 1774 824 1822 auxilium
858 1785 1156 1839 opportunum
1181 1774 1222 1821 ei
1247 1773 1443 1830 serendo,
1461 1791 1558 1821 eam
1592 1783 1661 1821 tu-

183 1849 300 1898 endo
333 1867 387 1900 ac
420 1850 717 1915 protegendo,
756 1860 805 1898 ut
844 1850 941 1898 eius
974 1850 1273 1898 ministerium
1314 1849 1452 1897 libere
1485 1849 1661 1914 explere

186 1926 350 1991 possit,
378 1927 475 1974 eius
502 1926 653 1975 hostes
678 1926 946 1983 coercendo,
975 1938 1209 1992 ceteraque
1233 1926 1518 1992 praestando,
1546 1942 1661 1991 quae

182 2002 330 2051 eidem
364 2002 580 2051 subsidio·
604 2020 705 2051 esse
738 2014 936 2068 quaeunt
969 2003 1026 2051 ad
1062 2003 1195 2050 finem
1226 2019 1482 2068 supremum
1505 2019 1662 2050 conse—

183 2078 411 2144 quendum
444 2078 532 2127 sibi
568 2078 782 2128 divinitus
817 2079 1150 2126 demandatum.

282 2154 408 2211 Quae
431 2155 470 2203 si
495 2172 602 2221 prae
625 2155 767 2204 oculis
804 2155 966 2219 iugiter
998 2155 1224 2220 principes
1256 2154 1547 2211 habuissent,
1584 2171 1662 2201 no—

185 2230 465 2296 luissentque
488 2230 588 2278 iura
612 2247 796 2295 prorsus
821 2230 1020 2279 indebita
1043 2230 1130 2278 sibi
1154 2246 1376 2295 arrogare,
1392 2240 1455 2278 tot
1470 2229 1661 2278 dissidia

282 2352 349 2395 (21)
367 2353 468 2385 conc.
486 2351 662 2393 parisiense
682 2352 739 2383 vl.
759 2359 812 2383 an.
834 2355 906 2384 829.
919 2350 977 2384 lib.
995 2353 1036 2386 ΙΙ.
1057 2360 1128 2393 cap.
1149 2352 1191 2390 Π.
1207 2351 1258 2384 Ita
1271 2346 1412 2384 collect.
1431 2351 1587 2383 inaxima
1602 2350 1660 2382 Ve-

181 2405 255 2437 Ὄθί.
271 2406 354 2438 tom.
367 2405 454 2437 XIV.
468 2404 531 2437 ool.
543 2407 615 2438 578.

284 2457 351 2498 (22)
376 2456 440 2495 Qui
461 2456 555 2498 plura
575 2456 637 2490 hac
658 2456 699 2489 de
720 2465 755 2489 re
776 2455 969 2489 documenta
990 2463 1182 2498 cognoscere
1201 2456 1349 2498 exoptat,
1364 2454 1482 2498 poterit
1496 2453 1664 2487 consulere

187 2507 434 2542 celeberrimum
450 2518 534 2551 opus
547 2508 691 2542 doctoris
707 2508 874 2542 soi-bonici
892 2509 1046 2542 Maucleri
1063 2509 1191 2542 duobus
1212 2510 1333 2542 volum.
1355 2507 1482 2540 in·folio
1498 2506 1660 2547 inscripti:

187 2563 238 2595 Dc
251 2561 459 2595 monarchia
472 2562 626 2595 seculari
642 2562 963 2596 christianamutet.
972 2563 1073 2596 Paris.
1094 2567 1182 2597 1622.
1198 2562 1390 2595 Praesertim
1406 2569 1482 2593 vero
1495 2560 1660 2600 tertpart.

188 2615 247 2648 lib.
261 2617 305 2648 11.
320 2624 392 2657 cap.
409 2620 427 2649 3
449 2624 541 2657 seqq.
552 2617 585 2648 et
601 2616 719 2649 iterum
732 2615 790 2648 lib.
808 2616 867 2648 lu.
882 2624 954 2658 cap.
974 2620 985 2649 1
1003 2624 1095 2658 seqq.
1112 2618 1192 2650 tom.
1210 2616 1252 2648 11.
1266 2617 1331 2649 Nec
1346 2622 1410 2646 non
1424 2612 1583 2646 Mamaclii
1599 2612 1663 2644 Del

187 2666 312 2700 diruto
328 2667 436 2700 libero
450 2667 548 2700 della
558 2667 676 2701 chiesa
692 2667 766 2700 libri
781 2669 839 2700 ΙΙΙ.
855 2670 944 2701 1769.
960 2668 1152 2710 Roskovany
1169 2668 1397 2701 monumenta
1414 2664 1586 2698 catholica
1593 2672 1663 2705 pro

188 2718 457 2762 independentia
473 2722 658 2762 potestatis
674 2720 927 2754 ecclesiasticae
941 2720 986 2753 ab
1001 2722 1144 2762 imperto
1160 2719 1258 2753 civili
1277 2720 1417 2760 quatuor
1436 2717 1557 2749 volum.
1582 2717 1659 2749 in-s.

189 2781 209 2804 a
222 2781 287 2805 sec.
304 2774 361 2805 lv.
379 2772 421 2806 ad
442 2773 521 2806 haec
542 2782 645 2814 usque
659 2775 770 2805 nostra
789 2775 946 2814 tempora.
961 2773 1098 2814 Phillips
1111 2773 1145 2805 in
1159 2782 1212 2813 op.
1228 2774 1285 2804 Du
1298 2770 1392 2803 droit
1410 2769 1665 2810 ecclesiastique

190 2824 279 2858 dam
290 2834 345 2858 ces
351 2827 528 2868 principes
543 2827 754 2868 qenareaux.
769 2826 868 2860 Trad.
881 2826 922 2859 de
934 2826 1119 2859 l'allemand
1134 2835 1192 2867 par
1204 2824 1277 2857 l'ab.
1296 2824 1443 2856 crouzet.
1462 2823 1553 2855 Paris
1571 2826 1659 2855 1850.

190 2879 268 2911 tom.
287 2877 384 2911 deux.
407 2878 479 2911 livr.
497 2880 522 2912 1.
539 2879 591 2912 ch.
609 2882 649 2912 Χ.
673 2879 812 2920 L’e'qlise
832 2881 866 2912 σι
890 2879 926 2912 la
947 2879 1072 2912 sociem
1095 2878 1269 2911 humaine.
1572 2917 1597 2943 ἢκ
