1980 3260
273 207 364 253 210
546 216 627 248 un.
666 215 713 247 ιι.
748 212 862 246 sacr.
900 214 930 246 1.
959 213 1017 246 ‘nn
1048 212 1217 245 rorrsr,
1253 212 1418 249 scetes.

271 298 606 360 relinqueretur.
634 292 831 349 Deinde,
870 290 989 356 quod
1024 290 1063 338 si
1099 290 1209 338 forte
1240 290 1309 338 vir
1341 293 1490 350 uxori,
1527 295 1596 343 vel
1629 314 1740 345 uxor
1809 325 1811 327 ·

268 374 362 421 viro
404 368 682 434 displiceret,
721 384 803 415 nec
835 366 924 415 alia
957 365 1047 413 illis
1081 375 1334 430 suppeteret
1364 366 1464 422 via,
1502 385 1593 432 qua
1627 388 1677 420 se
1710 390 1739 421 a

269 455 491 496 contracto
523 443 700 493 vinculo
733 443 996 498 liberarent,
1034 440 1244 489 facillime
1277 441 1456 489 evenire
1487 454 1664 506 posset,
1691 458 1742 496 ut

269 520 530 570 simularent
561 535 612 566 se
644 518 701 566 ad
735 517 999 565 catholicam
1022 516 1156 564 fidem
1179 515 1402 574 converti,
1436 534 1527 582 qua
1553 518 1643 565 sibi
1666 534 1741 569 so-

270 597 481 646 lutionem
515 612 543 642 a
576 593 890 643 matrimoniali
930 593 1109 642 vinculo
1143 604 1438 658 quaererent,
1475 595 1740 660 requisitam

273 689 433 737 nempe
465 688 710 720 consensus
745 670 1096 727 renovationem,
1134 679 1237 735 post
1270 669 1526 718 simulatam
1561 687 1745 728 convere-

268 748 442 797 sionem
464 786 475 805 ,
519 747 629 796 alter
663 747 790 795 alteri
823 746 1101 811 denegando.
1138 747 1331 794 Tertium
1354 784 1364 803 ,
1404 747 1525 812 quod
1567 748 1742 802 etiamsi

269 824 482 888 coniuges
518 824 575 872 ad
610 835 810 873 sanctam
850 823 1109 888 religionem
1138 823 1255 872 serio
1280 840 1334 871 ac
1357 822 1485 872 firmo
1509 825 1743 890 proposito

268 911 625 950 converterentur
639 939 649 958 ‚
687 912 880 950 attamen
914 900 1008 948 fieri
1043 910 1219 965 posset,
1247 909 1296 947 ut
1318 900 1560 965 praecipua
1582 918 1737 959 causa,

270 976 329 1024 ad
362 977 696 1025 conversionem
732 976 965 1042 impellens
987 1013 997 1033 ,
1031 985 1151 1023 esset
1183 991 1288 1039 spes
1323 976 1654 1039 recuperandae
1691 976 1743 1024 li·

268 1052 452 1102 bertatis
474 1091 485 1111 ,
523 1064 566 1102 et
598 1053 892 1119 abrumpendi
916 1052 1105 1109 vinculi,
1132 1051 1254 1116 quod
1288 1051 1402 1116 ipsis
1429 1052 1486 1100 ad
1509 1052 1739 1102 ferendum

269 1128 636 1178 molestissimum
660 1140 805 1187 esset,
833 1129 953 1194 quod
970 1128 1049 1175 ubi
1066 1128 1260 1176 eveniret
1277 1165 1287 1185 ,
1320 1144 1450 1176 nemo
1465 1129 1629 1193 estqui
1651 1146 1741 1178 non

266 1204 443 1263 videat,
476 1207 631 1271 quanti
662 1206 975 1255 conversiones
1008 1203 1267 1252 huiusmodi
1301 1203 1532 1252 faciendae
1569 1215 1737 1253 essent.

364 1282 502 1340 Sane,
539 1283 683 1348 pergit
709 1281 973 1330 Benedictus
1005 1280 1115 1327 XIV.
1139 1298 1184 1327 n.
1211 1281 1287 1327 10.
1311 1280 1431 1346 quod
1459 1280 1651 1346 pertinet
1680 1281 1740 1330 ad

266 1356 467 1405 timorem
502 1358 826 1415 simulationis,
856 1358 913 1405 de
935 1374 1027 1422 qua
1052 1356 1182 1405 modo
1212 1356 1381 1405 dictum
1414 1367 1510 1414 est,
1535 1357 1740 1422 congruit

264 1432 511 1481 Innocentii
546 1434 624 1480 111.
659 1450 922 1499 responsum
955 1433 1013 1481 ad
1048 1433 1307 1499 episcopum
1334 1432 1643 1481 ferrariensem
1670 1451 1741 1483 re-

263 1507 402 1556 latum
436 1509 483 1556 in
517 1526 616 1576 cap.
642 1510 827 1566 Quanto.
856 1511 921 1557 De
953 1509 1175 1565 divortiis,
1203 1509 1281 1558 ubi
1311 1509 1508 1575 pontifex
1530 1519 1734 1574 rogatus,

264 1602 369 1631 num
400 1585 670 1634 matrimonii
704 1586 932 1634 vinculum
965 1586 1236 1634 dissolvatur
1261 1623 1272 1642 ,
1319 1585 1457 1633 altero
1488 1585 1676 1649 coniuge
1713 1603 1741 1635 a

262 1660 482 1709 catholica
499 1661 713 1726 religione
730 1662 787 1709 ad
805 1662 1027 1711 ethnicam
1049 1661 1409 1727 superstitionem
1425 1698 1436 1718 ,
1464 1671 1543 1709 aut
1557 1661 1616 1708 ad
1632 1661 1741 1710 hae-

263 1737 399 1785 resim
425 1747 683 1787 transeunte
698 1776 708 1796 ,
740 1756 1022 1804 nequaquam
1056 1737 1244 1786 dissolvi
1279 1737 1530 1802 respondit;
1557 1747 1601 1785 et
1623 1737 1742 1786 hanc

263 1812 380 1861 inter
411 1813 523 1862 alias
555 1815 772 1862 rationem
795 1815 949 1863 affert:
979 1814 1273 1871 Quorumdam
1294 1814 1489 1861 malitiae
1512 1814 1734 1870 obviatur,

264 1890 403 1952 quiin
420 1891 564 1938 odium
582 1892 810 1956 coniaqam
822 1929 835 1947 ,
862 1892 934 1939 vel
955 1891 1127 1956 quando
1143 1891 1232 1939 sibi
1245 1892 1429 1941 invicem
1444 1889 1735 1954 displicerent,

261 1965 306 2011 si
324 1982 396 2012 eas
413 1977 587 2030 possent
612 1968 659 2014 in
681 1968 765 2015 tali
785 1985 889 2015 casu
921 1967 1160 2023 dimittere,
1197 1967 1455 2015 simularent
1477 1966 1735 2014 haeresim.»

359 2040 446 2087 Alii
475 2053 730 2106 praeterea,
773 2061 856 2092 nec
889 2044 1040 2093 forsan
1074 2043 1294 2092 immerito
1312 2081 1322 2100 ,
1359 2042 1408 2090 in
1441 2059 1494 2090 eo
1528 2041 1741 2090 insistunt

264 2117 386 2183 quod
426 2118 702 2183 impossibile
733 2138 916 2187 prorsus
956 2131 1075 2169 esset
1113 2119 1351 2168 haereticis
1396 2119 1540 2182 legem
1571 2119 1740 2169 triden-

263 2193 403 2241 tinam
438 2194 693 2254 observare;
732 2198 957 2263 siquidem
991 2198 1265 2246 incurrerent
1287 2197 1334 2243 in
1358 2196 1498 2253 iram,
1532 2195 1735 2244 animad-

262 2270 582 2336 versionesque
624 2272 769 2336 ipsius
815 2285 962 2323 sectae
1006 2274 1313 2322 ministrorum
1335 2310 1346 2330 ,
1384 2282 1464 2320 aut
1500 2271 1738 2335 magistra-

264 2355 415 2404 tuum3
454 2346 511 2394 ab
539 2346 641 2395 aliis
676 2347 876 2396 eiusdem
912 2360 1058 2398 sectae
1091 2348 1348 2397 hominibus
1375 2365 1458 2395 ceu
1491 2347 1640 2404 irrita,
1665 2347 1737 2396 vel

264 2432 383 2470 certe
413 2439 495 2470 ceu
522 2421 679 2471 illicita
711 2422 980 2472 haberentur
1012 2424 1221 2488 coniugia
1256 2439 1404 2472 coram
1438 2422 1634 2488 parocho
1661 2438 1736 2468 ca-

265 2497 396 2546 tolico
437 2497 690 2555 celebrata;
734 2515 887 2547 verum
915 2537 925 2556 ,
963 2500 1084 2565 quod
1120 2510 1255 2565 caput
1286 2508 1355 2546 est
1375 2535 1386 2555 ,
1423 2497 1481 2545 ab
1514 2498 1628 2563 ipsis
1662 2513 1737 2545 ca-

265 2572 442 2622 tholicis
475 2574 686 2640 parochis
717 2574 928 2623 haeretici
963 2577 1270 2625 contrahentes
1293 2573 1351 2622 ad
1374 2572 1643 2621 matrimonii
1667 2588 1740 2620 ce-

267 2649 557 2699 lebrationem
600 2668 747 2699 coram
781 2668 831 2699 se
865 2669 952 2700 non
990 2653 1324 2701 admitterentur
1344 2651 1461 2713 (20).

361 2772 428 2813 (2⁰)
448 2772 499 2805 Cf.
519 2772 666 2806 carriere
677 2775 728 2806 De
739 2775 893 2806 matrim.
910 2774 990 2807 tom.
1007 2777 1049 2807 11.
1065 2783 1099 2807 n.
1117 2777 1207 2808 1214.
1220 2773 1278 2814 qui
1297 2771 1414 2812 allegat
1427 2779 1487 2812 pro
1503 2770 1566 2804 hac
1579 2769 1738 2805 sententia

265 2824 373 2866 plures
387 2824 556 2868 theologos
570 2825 639 2860 sive
651 2825 849 2869 antiquiores
865 2826 934 2861 sive
949 2828 1152 2861 recentiores.
1168 2828 1217 2861 De
1228 2825 1347 2868 quihus
1359 2824 1483 2867 postea.
