1980 3260
203 216 293 247 CAP.
314 216 358 247 11.
379 217 430 248 DE
451 216 592 249 roms.
611 217 747 250 rame.
767 218 849 250 1³11).
866 218 948 250 (ΠΒ.
968 217 1093 250 MATR.
1112 217 1272 249 cumsr.
1290 217 1383 249 AM.
1400 216 1445 249 n.
1505 201 1594 249 883

126 310 259 358 quam
296 304 500 358 poterunt
533 294 756 344 seculares
792 295 1018 360 principes
1052 297 1179 357 (65),
1218 294 1296 345 sed
1332 293 1428 343 sola
1460 295 1598 344 eccle-

124 368 193 416 sia
229 369 299 416 cui
335 369 445 418 haec
481 380 649 419 tantum
685 381 882 435 potestas
907 388 933 418 a
956 370 1134 418 Christo
1168 370 1269 434 ipso
1302 370 1394 423 fuit
1418 370 1592 423 collata»

125 446 235 493 Nam
269 456 521 494 contractus
553 447 767 495 naturalis
792 457 924 512 atque
947 446 1128 494 divinus
1153 446 1285 498 simul
1306 484 1316 503 ‚
1349 446 1599 495 cuiusmodi

123 531 191 568 est
235 522 491 585 coniugium
527 540 554 570 a
588 540 671 570 sua
704 522 1008 580 institutione,
1048 533 1097 570 ut
1130 535 1213 570 suo
1246 522 1597 580 loco'vidimus,

122 615 151 644 a
177 597 270 645 Deo
295 597 391 645 solo
416 598 510 646 sive
534 598 789 647 immediate
813 599 907 648 sive
935 599 1147 656 mediate,
1187 612 1269 666 perv
1295 600 1599 651 auctoritatem

124 684 290 738 nempe
302 673 539 737 spitualem
561 675 652 738 regi
672 674 805 722 debet
822 675 970 740 quoad
990 675 1285 728 substantiam
1305 691 1449 725 suam.
1465 674 1602 724 Nulla

121 747 268 798 civilis
304 759 501 812 potestas
535 750 711 798 efficere
733 751 887 807 .valet‚
934 762 982 798 ut
1015 751 1075 799 sit
1106 750 1276 798 nullum
1311 768 1364 799 ac
1397 751 1597 808 irritum,

121 823 240 889 quod
276 823 348 872 ius
382 825 804 873 naturale-divinum
840 827 1102 892 prevalido
1127 826 1295 883 habet,
1342 838 1417 878 aut
1459 836 1605 892 potest

122 899 306 955 reddere
338 899 535 948 validum
570 901 690 966 quod
720 902 815 949 iure
843 902 1210 950 naturali-divino
1240 901 1596 955 invalidumest.

122 975 251 1032 Quod
276 975 315 1024 si
340 975 531 1024 ecclesia
555 977 600 1024 id
626 977 770 1025 facere
796 977 934 1034 valet,
970 978 1070 1026 ideo
1094 988 1188 1034 est,
1216 978 1322 1043 quia
1356 991 1473 1043 quae
1507 977 1603 1042 lege

121 1052 313 1100 naturali
338 1069 391 1101 ac
414 1052 568 1101 divina
591 1071 680 1101 non
705 1054 815 1109 satis
839 1054 1133 1101 determinata
1156 1064 1281 1110 sunt,
1310 1070 1364 1101 ea
1380 1053 1501 1101 Deus
1526 1070 1604 1118 per

121 1127 356 1177 ecclesiam
387 1129 526 1178 voluit
558 1129 872 1187 determinari,
903 1146 954 1177 eo
980 1130 1080 1194 ipso
1105 1129 1226 1195 quod
1251 1129 1326 1176 hic
1350 1139 1602 1178 contractus

126 1206 215 1253 iam
251 1216 577 1254 sacramentum
605 1206 790 1254 effectus
823 1206 880 1253 ad
917 1223 988 1254 res
1022 1222 1175 1261 sacras
1211 1205 1415 1271 pertinet.

218 1282 390 1329 Exinde
420 1283 615 1330 concidit
645 1283 756 1331 ratio
789 1283 983 1330 adducta
1005 1300 1032 1330 a
1054 1281 1300 1330 Sanchezio
1334 1292 1378 1329 et
1411 1281 1468 1335 ab
1501 1282 1603 1331 aliis

123 1357 358 1422 adoptata;
376 1358 484 1424 quia
503 1358 673 1407 scilicet
690 1359 800 1407 satis
821 1359 1078 1424 prospicere
1095 1368 1240 1423 potest
1258 1358 1467 1423 princeps
1486 1358 1603 1406 bono

120 1451 175 1482 ac
209 1434 519 1500 tranquillitati
555 1435 854 1501 reipublicae,
883 1435 923 1482 si
952 1434 1208 1498 coniugium
1243 1434 1417 1482 irritum
1441 1435 1597 1490 faciat,

121 1521 342 1576 quatenus
377 1521 622 1560 contractus
657 1513 803 1569 civilis
835 1522 918 1567 est,
960 1512 1021 1559 ita
1050 1522 1098 1559 ut
1126 1510 1359 1558 effectibus
1391 1510 1602 1559 civilibus

121 1599 294 1646 careat,
328 1589 408 1654 qui
435 1599 590 1638 contra
617 1588 730 1653 legis
754 1587 902 1636 civilis
927 1587 1271 1652 dispositionem
1297 1587 1418 1635 ineat
1443 1587 1600 1635 coniu÷

120 1665 244 1729 gium
259 1703 269 1723 ,
290 1675 335 1714 et
356 1666 404 1712 in
429 1665 523 1714 foro
538 1676 725 1714 'externo
750 1675 973 1731 spectetur
996 1665 1183 1730 perinde
1200 1682 1253 1712 ac
1271 1664 1311 1712 si
1330 1673 1603 1712 contractum

122 1759 212 1807 non
246 1742 432 1799 fuisset3
470 1742 608 1791 immo
642 1752 788 1808 potest
822 1742 1032 1807 princeps
1069 1741 1226 1806 poenis
1261 1757 1339 1789 eos
1374 1740 1567 1805 plectere
1588 1778 1599 1797 ‚

121 1819 199 1883 qui
234 1818 334 1866 sine
366 1818 486 1867 iusta
519 1836 657 1867 causa
680 1856 690 1874 ‚
731 1817 1064 1883 praetermissis
1101 1835 1127 1865 a
1160 1816 1258 1880 lege
1298 1815 1603 1864 sanctionibus

121 1893 232 1946 illud
257 1893 437 1951 inirent,
470 1911 551 1941 seu
581 1893 682 1943 aliis
704 1893 876 1942 verbis:
906 1903 1053 1959 potest
1075 1892 1257 1958 quidem
1283 1892 1492 1957 princeps
1525 1908 1605 1956 po-

120 1969 271 2019 liticus
304 1970 589 2018 matrimonia
616 1970 869 2035 prohibere,
899 1987 987 2018 non
1022 1980 1168 2018 autem
1192 1970 1384 2017 irritare.
1415 1969 1504 2016 Nec
1525 1985 1604 2015 va-

123 2046 184 2095 let
214 2046 384 2112 paritas
420 2046 538 2096 inter
571 2056 846 2096 contractum
882 2045 1163 2110 coniugalem
1204 2053 1463 2110 ceterosque
1500 2053 1606 2094 con-

123 2132 315 2180 tractus,
342 2122 475 2188 quia,
509 2123 574 2171 uti
609 2123 744 2171 etiam
777 2122 1081 2179 ostendimus,
1121 2120 1473 2176 matrimonium,
1501 2119 1605 2168 dato

123 2199 244 2264 quod
269 2199 329 2247 sit
351 2208 605 2248 contractus
640 2216 796 2264 presse
823 2208 1027 2264 sumptus
1043 2237 1054 2256 ,
1086 2208 1337 2247 contractus
1369 2207 1514 2247 tamen
1539 2207 1607 2244 est

125 2275 363 2341 peculiaris
398 2292 450 2323 ac
485 2276 661 2340 generis
686 2275 783 2332 sui,
811 2292 1035 2341 quemque
1052 2275 1171 2323 Deus
1196 2273 1282 2322 sibi
1306 2272 1604 2321 ordinandum

125 2352 391 2409 reservavit,
413 2363 456 2400 et
473 2362 646 2400 constat
669 2369 721 2399 ex
745 2351 842 2399 eius
868 2351 1169 2408 institutione,
1197 2348 1406 2415 atque'ex
1429 2348 1603 2412 legibus

123 2427 291 2492 quibus
326 2427 450 2475 illum
486 2427 777 2476 communivit
812 2438 855 2476 et
888 2427 934 2474 in
969 2427 1065 2491 lege
1099 2437 1312 2483 naturae,
1351 2437 1395 2473 et
1429 2426 1473 2471 in
1507 2424 1606 2487 lege

123 2503 315 2570 scripta,
347 2505 611 2570 praesertim
646 2521 750 2553 vero
784 2504 831 2552 in
866 2503 963 2568 lege
998 2503 1253 2568 evangelica
1277 2520 1355 2569 per
1378 2500 1603 2567 Christum

122 2579 311 2646 eiusque
334 2580 583 2646 Apostolos.
623 2580 752 2637 Quod
786 2581 966 2629 additur
995 2580 1052 2628 de
1083 2590 1335 2636 contractu,
1374 2586 1505 2642 prout
1538 2586 1606 2623 est

124 2656 308 2705 materia
341 2657 607 2705 sacramenti
642 2657 699 2705 ad
736 2675 827 2705 rem
862 2674 949 2706 non
985 2657 1115 2715 facit3
1143 2656 1315 2705 laborat
1348 2654 1465 2702 enim
1491 2653 1605 2701 falsa

223 2791 289 2832 (65)
306 2792 358 2824 Cf.
375 2792 560 2825 Muzzarelli
571 2792 637 2825 Del
654 2792 745 2825 buon
760 2801 822 2826 uso
836 2791 935 2826 della
949 2792 1072 2834 loytca.
1088 2795 1207 2833 opusc.
1222 2791 1337 2823 xxlx.
1353 2788 1416 2824 Del
1431 2789 1606 2822 contrane

125 2843 182 2876 dcl
204 2845 426 2879 matrimonio
447 2847 483 2879 in
504 2847 638 2888 quanto
660 2847 894 2888 sayramento.
914 2846 1046 2880 Firenze
1066 2849 1155 2879 1822.
1172 2845 1250 2877 tom.
1264 2843 1336 2874 Vll.
