1980 3260
347 213 436 259 132
659 224 739 255 un.
768 222 813 253 11.
842 221 954 254 sacr.
984 222 1014 252 1.
1043 221 1096 252 nn
1123 219 1292 252 rornsr.
1314 221 1479 255 nectus.

344 304 459 352 mala
476 302 590 349 sama
608 309 869 364 putruerunt
882 300 925 361 (9
933 299 998 360 2).
1014 298 1201 344 Istorum
1218 298 1413 344 omnium
1430 299 1662 347 conamina
1679 301 1723 347 in
1742 300 1804 348 ir·

345 381 474 428 ritum
506 392 692 423 cessere.
726 375 887 422 Contra
912 391 1014 422 vero
1040 390 1247 420 romanae
1273 373 1489 420 ecclesiae
1512 374 1610 422 iura
1639 375 1804 428 intacta

345 455 488 503 adhuc
511 453 617 499 dum
643 461 837 498 manent.
861 451 982 497 Idem
1000 450 1073 496 dic
1095 449 1151 496 de
1168 448 1463 513 principibus,
1485 449 1562 514 qui
1579 449 1636 496 ab
1653 450 1805 500 istius-

345 528 462 576 modi
483 526 696 590 theologis
709 536 752 573 et
768 542 984 573 canonum
1003 523 1314 589 interpretibus
1331 523 1504 588 decepti
1522 524 1568 571 in
1582 525 1804 574 mandatis

346 604 582 658 dederunt,
611 612 659 648 ut
684 621 706 646 «
727 601 924 664 episcopi
951 600 1210 664 dispensent
1233 601 1325 646 iure
1347 600 1553 663 proprio,
1579 599 1696 664 ipsis
1719 600 1807 647 sci-

346 680 448 727 licet
469 696 495 724 a
518 677 692 724 Christo
726 675 882 723 collato
898 714 908 731 ‚
936 686 1068 741 atque
1097 676 1286 723 exercito
1310 693 1337 722 a
1363 675 1460 723 suis
1482 675 1806 739 primitivorum

348 766 591 818 temporum
615 752 1080 816 praedecessoribus,»
1099 762 1228 815 prout
1251 751 1472 816 Iosephus
1498 750 1809 816 ILimpera‘tor

346 829 551 894 apposito
579 828 751 875 decreto
782 845 860 875 seu
892 827 1037 876 edicto
1069 828 1171 875 fecit
1193 838 1236 875 et
1258 827 1333 875 alii
1369 845 1468 875 cum
1501 827 1599 892 ipso
1633 837 1677 875 et
1709 837 1811 893 post

349 906 496 970 ipsum
530 903 786 952 solemniter
817 903 1061 951 edixerunt.
1085 903 1141 950 Hi
1170 920 1325 951 omnes
1349 904 1435 952 cito
1462 903 1735 961 defecerunt,
1763 913 1810 952 at

347 980 535 1028 ecclesia
557 997 738 1027 romana
762 979 888 1027 firma
910 996 963 1027 ac
985 979 1167 1027 immota
1189 979 1406 1043 perstitit,
1433 989 1477 1027 et
1505 979 1567 1026 ita
1590 979 1637 1026 in
1661 989 1807 1044 poste-

347 1073 444 1103 rum
477 1054 798 1120 perseverabit,
826 1054 987 1102 frustra
1003 1072 1100 1101 eam
1118 1054 1342 1101 dimovere
1364 1054 1669 1102 adnitentibus
1688 1071 1810 1102 com-

346 1131 469 1179 muni
501 1130 828 1195 conspiratione
860 1131 1033 1178 cunctis
1065 1130 1160 1178 eius
1197 1130 1400 1178 hostibus
1434 1130 1543 1195 quin
1576 1130 1809 1194 quidpiam

349 1207 597 1271 proficiant.
629 1205 775 1271 Atque
798 1206 908 1253 haec
940 1205 1176 1269 utriusque
1199 1205 1337 1269 partis
1361 1222 1458 1254 sors
1480 1204 1564 1253 erit
1584 1222 1729 1270 usque
1751 1203 1813 1259 ad.

348 1281 771 1331 consummationem
796 1281 950 1329 seculi.

894 1410 1168 1447 ARTICULUS
1200 1412 1259 1448 lv.

354 1513 602 1551 Distinctione
624 1511 727 1550 facta
752 1513 852 1550 inter
870 1512 1141 1561 impedimenta
1166 1512 1384 1552 dirimentia
1401 1523 1449 1552 ex
1467 1514 1549 1552 iure
1575 1512 1743 1552 naturast
1767 1516 1806 1551 et

449 1587 497 1628 εξ
517 1578 598 1615 iure
619 1576 785 1626 positivo
810 1575 972 1615 infertur
990 1587 1187 1627 quousque
1217 1588 1258 1616 se
1284 1578 1455 1628 porrigat
1483 1577 1731 1628 dispensandi
1747 1577 1817 1624 fa·⁴

451 1639 589 1679 cultas.

445 1737 491 1783 Si
515 1737 831 1802 impedimenta
855 1738 1179 1786 matrimonium
1204 1738 1458 1787 dirimentia
1483 1749 1633 1787 essent
1649 1739 1814 1804 pariter

356 1813 504 1861 omnia
535 1831 589 1860 ex
630 1813 725 1860 iure
759 1813 1061 1862 ecclesiastico
1083 1852 1093 1871 ‚
1131 1832 1183 1862 eo
1216 1815 1315 1879 ipso
1348 1814 1538 1863 ecclesia
1578 1825 1730 1880 posset
1766 1815 1814 1863 in

353 1889 564 1952 singulis,
603 1889 733 1936 iustis
760 1890 817 1936 de
842 1890 991 1938 causis
1025 1890 1303 1956 dispensare.
1331 1891 1419 1938 Sed
1442 1891 1653 1956 quoniam
1677 1908 1815 1956 quae-

352 1965 455 2011 dam
484 1975 586 2011 sunt
614 1965 723 2012 iuris
758 1966 972 2013 naturalis
1006 1983 1058 2014 ac
1092 1966 1269 2031 positivi
1306 1967 1479 2023 divini,
1517 1966 1680 2014 limites
1712 1967 1814 2032 qui-

353 2040 456 2087 dam
490 2040 535 2086 in
575 2040 660 2088 hac
699 2041 988 2106 dispensandi
1037 2042 1242 2090 facultate
1285 2042 1556 2106 agnoscendi
1591 2052 1709 2090 sunt.
1747 2043 1814 2090 De

356 2116 581 2181 plerisque
613 2117 939 2182 impedimentis
963 2119 1038 2166 vix
1059 2119 1152 2166 ulla
1178 2129 1322 2184 potest
1344 2136 1445 2167 esse
1468 2118 1711 2176 dubitatio,
1739 2118 1815 2166 ¹›ni-

355 2192 516 2239 mirum
548 2192 690 2257 prima
722 2194 862 2241 fronte
895 2206 1016 2259 patet
1048 2195 1281 2243 ecclesiam
1306 2195 1375 2244 vel
1399 2195 1661 2261 dispensare
1682 2198 1815 2260 posse

353 2268 434 2317 vel·
452 2286 540 2316 non
573 2286 723 2332 posse.
767 2270 1015 2319 Difficultas
1066 2272 1300 2336 potissima
1331 2282 1401 2320 est
1432 2271 1580 2337 quoad
1626 2271 1816 2337 impedi-⁴

355 2346 922 2409 menta-consanguinitatis
957 2359 999 2396 et
1025 2349 1269 2397 affinitatis.
1301 2349 1367 2396 De
1398 2348 1472 2396 his
1491 2348 1655 2413 ‘itaque
1685 2365 1815 2414 praes-

392 2514 410 2532 ἢ
422 2531 423 2534 =
443 2508 518 2550 (9η
526 2509 658 2545 pereira
668 2510 841 2544 tractatum
852 2519 948 2551 suum
964 2514 1065 2547 edidit
1076 2515 1117 2548 de
1126 2516 1284 2557 potestate
1295 2516 1520 2557 episcoporum
1532 2522 1586 2547 an.
1598 2516 1689 2547 1765.
1702 2513 1829 2547 adm-⁴

357 2569 413 2593 sus
440 2570 536 2602 quem
559 2562 714 2604 scriptum
742 2563 844 2596 edidit
867 2565 1007 2597 Chatizel
1030 2575 1083 2598 an.
1102 2567 1365 2600 1781.Deedicto
1378 2566 1570 2608 Iooephi11.;
1586 2565 1628 2598 de
1643 2573 1816 2606 congressu

355 2613 493 2646 emsensi
503 2638 513 2654 ,
539 2613 674 2655 offisque
698 2623 756 2656 per
777 2614 811 2647 id
832 2616 986 2657 temporis
1006 2618 1113 2658 gestis.
1127 2618 1178 2651 cr.
1190 2620 1370 2651 Memoires
1384 2626 1477 2660 pour
1489 2619 1603 2650 servir
1615 2616 1640 2650 ὰ
1650 2615 1817 2649 Ρὴίεεοίνο

353 2666 610 2709 ecclesiamque
630 2667 791 2710 pendant
815 2668 847 2701 le
872 2670 1015 2702 XVIII.
1033 2669 1135 2703 siecle
1161 2679 1214 2704 au.
1240 2674 1330 2704 1786.
1348 2672 1430 2704 tom.
1443 2671 1503 2703 111.
1516 2677 1592 2711 pag.
1611 2673 1650 2702 58
1669 2676 1762 2710 seqq.
1783 2670 1817 2701 et

354 2719 450 2760 (ὀαρ
473 2719 575 2753 d’oetl
597 2728 663 2753 sur
688 2720 720 2753 le
741 2720 883 2762 canores
899 2721 1035 2762 d’ssms,
1051 2724 1182 2757 auctore
1195 2724 1299 2756 Feller
1310 2732 1364 2756 an.
1380 2725 1471 2756 1787.
1487 2724 1534 2754 De
1545 2721 1643 2762 gestis
1655 2720 1690 2753 in
1702 2720 1819 2753 Gauiis

353 2769 414 2828 sub
432 2770 528 2854 mitem
548 2772 647 2805 seculi
679 2772 779 2814 elapsi
805 2773 838 2806 et
863 2773 934 2805 init.
951 2781 1014 2806 sec.
1031 2776 1115 2807 XIX.
1134 2775 1184 2807 Οἵ.
1200 2775 1349 2808 carriere
1373 2783 1428 2815 op.
1443 2774 1500 2807 cit.
1516 2774 1597 2807 tom,
1614 2774 1655 2806 11.
1672 2781 1706 2805 n.
1726 2775 1815 2806 1⁰⁶⁶.

357 2830 443 2855 circa
486 2831 570 2856 nem.
