1980 3260
267 241 357 287 310
583 254 664 285 LIB.
694 253 740 284 11.
768 252 882 285 SECT.
911 253 941 284 1.
970 252 1022 283 DE
1056 251 1222 284 POTEST.
1253 251 1418 285 Echns.

261 342 485 387 mentum,
534 340 611 378 aut
643 331 690 377 in
723 340 911 386 neutro;
963 346 1065 377 cum
1111 339 1261 377 autem
1296 330 1343 376 in
1378 330 1549 378 infideli
1594 349 1744 382 sacra-

262 419 458 456 mentum
487 407 676 454 existere
704 424 793 455 non
828 408 997 471 possit,
1037 423 1183 470 neque
1216 406 1263 452 in
1298 405 1487 470 coniuge
1517 407 1638 454 fideli
1658 409 1744 458 ha-

260 484 358 531 beri
382 493 552 548 potest;
583 500 636 530 eo
658 482 729 530 vel
759 483 904 546 magis
935 482 1056 546 quod
1081 492 1408 530 sacramentum
1433 483 1746 533 rationemse-

260 570 422 625 quatur
449 568 700 606 contractus
717 596 728 615 ,
760 558 831 605 cui
857 558 947 605 nisi
976 568 1165 623 utraque
1191 575 1298 623 pars
1321 569 1557 607 concurrat
1573 596 1584 617 ‚
1619 576 1746 607 exur-

260 653 363 699 gere
397 635 566 699 nequit.

356 710 412 758 At
443 728 548 758 vero
588 722 823 758 evanescet
856 710 1078 759 eiusmodi
1111 710 1354 759 difficultas
1393 712 1433 759 si
1469 712 1517 759 in
1551 721 1747 760 mentem

259 798 487 836 revocetur
528 787 882 852 unumquodque
923 798 1249 835 sacramentum
1295 787 1463 836 habere
1508 788 1746 854 quidpiam

260 862 348 911 sibi
377 863 605 928 proprium
624 901 634 919 ,
665 863 784 927 quod
817 861 918 910 aliis
954 881 1042 910 non
1077 863 1298 911 convenit.
1328 864 1484 928 Itaque
1508 874 1559 911 ut
1581 864 1638 911 de
1654 864 1747 911 >mi-

258 939 400 986 nistro
424 939 551 1003 prius
583 938 861 986 disseramus
876 977 886 995 ,
916 938 1030 985 nihil
1054 938 1266 1004 impedit,
1296 939 1538 1004 quominus
1561 939 1610 987 in
1634 956 1745 988 casu

259 1024 411 1063 nostro
435 1015 700 1063 sacramenti
724 1015 929 1063 minister
951 1015 1097 1081 possit
1118 1032 1220 1063 esse
1243 1033 1349 1080 pars
1367 1015 1636 1064 contrahens
1659 1016 1746 1065 etsi

258 1091 481 1150 infidelis,
521 1109 625 1140 nam
659 1092 745 1139 hoc
773 1109 827 1139 ex
855 1092 1123 1139 necessitate
1157 1091 1387 1157 provenit,
1425 1092 1483 1139 ad
1511 1109 1615 1140 eum
1649 1109 1746 1141 mo-

257 1169 389 1226 dum,
423 1186 511 1234 quo
545 1169 680 1217 etiam
713 1169 911 1217 infidelis
946 1169 992 1215 in
1029 1169 1314 1217 necessitatis
1338 1186 1448 1217 casu
1471 1179 1746 1235 potestesse

256 1245 469 1311 baptismi
499 1246 762 1294 administer
785 1247 901 1309 (26).
932 1246 1061 1302 Quod
1090 1263 1195 1294 vero
1224 1246 1382 1294 attinet
1403 1246 1462 1294 ad
1489 1257 1744 1296 contractus

259 1333 304 1370 et
320 1323 588 1370 sacramenti
607 1333 837 1380 naturam,
860 1322 1054 1370 dicimus
1072 1322 1263 1371 alterum
1284 1323 1341 1371 ab
1360 1323 1499 1372 altero
1524 1323 1746 1388 distingui

256 1399 434 1447 debere.
477 1401 589 1448 Nam
625 1400 830 1465 quamvis
865 1400 1151 1448 verissimum
1184 1401 1246 1450 sit
1275 1419 1322 1449 re
1354 1419 1496 1450 unum
1529 1401 1742 1467 idemque

256 1493 358 1524 esse
380 1486 655 1524 contractum
672 1487 715 1525 et
733 1488 1076 1536 sacramentum,
1103 1480 1359 1543 coqitatione
1383 1489 1531 1527 tamen
1553 1477 1744 1526 alterum

254 1553 311 1601 ab
336 1553 473 1601 altero
499 1553 816 1618 distinguitur,
847 1564 891 1603 et
924 1555 986 1602 ita
1018 1565 1068 1603 ut
1100 1566 1354 1604 contractus
1390 1565 1551 1603 natura
1582 1571 1636 1603 ac
1669 1572 1743 1603 ra-

254 1630 376 1678 tione
404 1630 599 1678 anterior
628 1630 687 1677 sit
716 1640 996 1679 sacramento
1014 1669 1024 1689 ‚
1058 1631 1179 1696 quod
1203 1648 1258 1678 ex
1281 1631 1359 1680 illo
1383 1631 1491 1679 dum
1514 1640 1618 1679 actu
1638 1647 1742 1679 con-

254 1705 429 1762 ficitur,
474 1723 554 1754 seu
588 1723 643 1754 ex
677 1723 730 1754 eo
763 1706 948 1754 instanti
991 1724 1081 1772 quo
1123 1707 1348 1772 perfectus
1389 1717 1459 1755 est
1486 1745 1497 1765 ,
1546 1706 1736 1771 exurgit.

254 1782 370 1830 Hinc
415 1783 512 1830 fieri
553 1783 737 1848 quidem
777 1783 955 1848 nequit,
993 1794 1043 1831 ut
1081 1783 1301 1831 habeatur
1333 1794 1590 1832 contractus
1628 1783 1741 1849 quin

253 1876 333 1923 per
366 1859 547 1907 modum
582 1859 719 1907 unius
753 1860 843 1907 duo
878 1860 923 1906 in
959 1860 1133 1926 aliquid
1167 1861 1448 1909 consentiant
1475 1898 1487 1918 ‚
1531 1870 1579 1908 at
1616 1859 1743 1908 nulla

254 1945 323 1983 est
350 1937 642 2001 repugnantia
670 1937 791 2002 quod
826 1954 880 1984 ex
913 1937 1091 1987 duobus
1119 1938 1490 1986 contrahentibus
1513 1936 1652 1995 alter,
1681 1936 1741 1985 ob

254 2011 352 2058 eius
396 2013 726 2076 incapacitatem
745 2051 758 2068 ,
806 2025 1136 2062 sacramentum
1171 2031 1261 2062 non
1296 2013 1512 2078 recipiat,
1552 2012 1740 2078 recipiat

253 2104 357 2135 vero
387 2088 461 2135 ille
490 2090 567 2153 qui
598 2090 655 2136 ad
687 2101 1015 2139 sacramentum
1050 2090 1241 2139 idoneus
1265 2099 1349 2138 est.
1380 2090 1510 2146 Quod
1533 2089 1740 2156 pluribus

253 2163 470 2228 exemplis
500 2164 710 2213 illustrari
735 2176 911 2232 posset,
939 2164 1167 2232 'siquidem
1191 2185 1306 2232 opus
1331 2178 1466 2216 esset.
1490 2166 1563 2215 Sic
1585 2184 1641 2215 ex
1662 2183 1740 2214 ea-

348 2343 415 2386 (26)
436 2346 508 2377 Non
539 2345 658 2378 desunt
688 2349 744 2388 qui
770 2349 955 2382 existiment
974 2350 1009 2382 in
1031 2351 1233 2383 sacramento
1253 2350 1453 2383 matrimonii
1475 2359 1743 2393 unumquemque

251 2398 513 2431 contrahentium
534 2399 599 2431 sibi
620 2399 682 2441 ipsi
704 2401 766 2434 hoc
787 2405 1024 2436 sacramentum
1045 2404 1290 2445 administrare,
1311 2404 1496 2437 cuiusmodi
1513 2405 1599 2438 inter
1615 2406 1742 2438 ceteros

253 2452 304 2484 est
325 2453 440 2484 scotus
457 2451 491 2484 d.
509 2456 559 2484 26.
578 2461 612 2493 q.
631 2457 660 2484 1.
677 2462 709 2485 n.
728 2458 776 2486 15.
788 2455 881 2496 quia,
900 2458 936 2488 ut
957 2457 1043 2489 idem
1065 2457 1215 2499 disserit,
1235 2457 1295 2490 etsi
1311 2465 1397 2489 unus
1417 2458 1621 2490 contractum
1642 2457 1737 2490 adae-

254 2504 354 2545 quate
367 2503 526 2536 conficere
537 2513 603 2536 non
615 2506 739 2546 potest,
752 2515 827 2538 cum
843 2507 884 2539 ad
899 2510 1101 2542 contractum
1117 2518 1247 2543 omnem
1259 2509 1399 2541 duorum
1413 2509 1447 2540 in
1457 2508 1545 2541 idem
1560 2517 1738 2541 consensus

251 2557 437 2598 requiratur
447 2581 458 2598 ,
474 2557 582 2599 potuit
592 2559 699 2590 tamen
712 2558 760 2590 sic
775 2567 794 2590 a
809 2561 877 2592 Deo
891 2562 1044 2594 constitui
1059 2562 1260 2595 matrimonii
1274 2563 1511 2595 sacramentum
1522 2585 1532 2602 ,
1548 2562 1587 2594 ut
1599 2561 1740 2602 quisque

250 2610 335 2642 iliud
357 2610 421 2643 sibi
444 2610 663 2652 ministraret,
683 2619 724 2643 ne
741 2612 793 2643 vel
814 2612 883 2644 eius
905 2614 1007 2654 gratia
1028 2623 1086 2656 per
1106 2616 1241 2648 alterius
1255 2614 1435 2656 nequitiam
1457 2614 1662 2656 privaretur,
1682 2614 1737 2647 vel

252 2672 271 2694 a
284 2664 453 2704 peccatore
476 2664 714 2696 sacramentum
733 2664 938 2705 accipiendo,
961 2666 1126 2707 iniquitati
1147 2668 1217 2700 eius
1238 2666 1478 2708 cooperaretur.
1494 2667 1531 2698 In
1548 2666 1610 2698 hac
1625 2666 1736 2699 autem

249 2716 423 2757 hypothesi
449 2716 644 2749 contrahens
673 2716 810 2757 uterque
824 2717 886 2749 erit
900 2718 1033 2758 quidem
1052 2722 1212 2753 minister
1232 2719 1467 2760 inteyritatis,
1490 2718 1599 2759 inquit
1617 2719 1736 2751 Henno

250 2777 324 2810 pag.
341 2771 414 2801 486.
429 2778 499 2802 mm
515 2771 630 2802 tamn
646 2768 942 2802 indivisibilitatis
965 2774 1125 2813 respectu
1149 2773 1378 2812 sacramenti,
1405 2771 1487 2804 licet
1513 2771 1598 2804 talis
1616 2773 1664 2804 sic
1681 2779 1733 2804 re-

249 2822 370 2862 spectu
388 2822 602 2854 contractus.
619 2820 713 2864 Apud
731 2821 837 2855 coilet
851 2830 883 2854 n.
901 2825 972 2856 273.
984 2825 1106 2857 Verum
1118 2832 1248 2858 necesse
1261 2832 1326 2857 non
1341 2823 1392 2857 est
1403 2823 1446 2856 ad
1461 2823 1557 2857 hasce
1571 2823 1737 2867 angustias

249 2881 310 2906 nos
325 2882 477 2915 recipere.
