1980 3260
352 251 440 296 468
604 265 685 295 Lm.
715 263 760 294 11.
791 262 904 294 sacr.
934 262 1104 293 ALTERA.
1133 262 1185 292 nn
1220 261 1385 293 ron-:sn
1414 261 1554 294 mvm.

350 342 569 398 habuerit;
589 340 830 388 declaravit
845 358 870 387 e
887 340 1106 387 contrario
1125 339 1321 387 invalida
1339 356 1438 387 esse
1456 339 1702 388 infidelium
1722 361 1815 391 ma-

351 419 574 475 trimonia,
613 435 728 482 quae
761 416 934 480 legibus
970 416 1140 480 patriae
1181 416 1456 463 irritantibus
1497 416 1812 477 adversantur,

349 495 435 542 nisi
478 512 556 558 per
589 493 954 542 consuetudinem
988 492 1225 555 abrogatae
1251 492 1414 540 fuerint
1447 492 1549 541 illae
1579 494 1748 558 leges.»

446 570 600 634 Itaque
640 570 762 616 iuxta
796 569 916 615 hunc
950 579 1174 615 auctorem
1198 586 1236 615 s.
1262 568 1409 625 sedes,
1431 587 1546 634 quae
1579 570 1818 619 declaravit

347 646 497 693 valida
533 645 813 693 matrimonia
854 644 1053 691 fidelium
1092 644 1268 691 etiamsi
1311 644 1421 692 inita
1466 645 1628 693 fuerint
1665 658 1817 695 contra

349 722 468 786 leges
493 722 676 788 patrias,
706 721 826 786 quod
857 731 976 768 esset
1002 731 1154 768 contra
1183 730 1379 785 systema
1410 722 1464 768 D.
1493 722 1714 780 Carriere,
1741 741 1816 788 pa-

348 799 452 846 riter
475 799 745 846 declarasset
779 798 977 846 invalida
1009 814 1125 862 quae
1148 797 1428 845 celebrantur
1460 799 1613 847 eadem
1647 800 1816 848 ratione

347 874 403 921 ab
430 874 684 922 infidelibus
720 874 942 938 coniugia.
971 874 1017 919 Si
1041 874 1102 920 ita
1136 891 1184 921 se
1214 891 1284 921 res
1319 873 1502 922 haberet
1532 875 1703 941 absque
1732 877 1816 923 du-

345 949 420 997 bio
459 950 563 997 huic
602 961 720 997 esset
757 950 1089 997 adhaerendum
1124 950 1380 997 sententiae.
1419 951 1500 998 Ast
1530 968 1634 999 vero
1667 951 1816 1000 existit

346 1045 402 1073 ne
426 1027 646 1074 eiusmodi
669 1026 943 1074 declaratio?
961 1026 1145 1074 Constat
1169 1044 1226 1074 ne
1249 1026 1305 1074 de
1328 1027 1527 1074 eiusdem
1551 1028 1817 1076 existentia?

347 1104 493 1167 Longe
519 1103 669 1160 abest,
693 1103 840 1167 inquit
864 1103 1039 1159 Martin,
1064 1103 1170 1167 quin
1198 1103 1254 1150 de
1277 1120 1330 1150 ea
1354 1114 1537 1151 constet.
1561 1104 1672 1160 Quis
1696 1105 1814 1152 enim

346 1197 443 1227 eam
477 1179 584 1242 legit
617 1197 814 1244 unquam
856 1190 932 1226 aut
959 1178 1096 1226 vidit?
1130 1178 1318 1225 Ubinam
1349 1180 1593 1245 reperitur?
1627 1181 1816 1237 Quando

347 1267 423 1304 aut
441 1274 467 1303 a
486 1274 575 1320 quo
612 1273 786 1303 summo
808 1256 1016 1320 pontifice
1040 1255 1210 1320 prolata
1229 1255 1344 1303 fuit?
1363 1256 1581 1312 Quisnam
1605 1268 1673 1306 est
1697 1259 1817 1306 eius-

345 1333 445 1380 dem
465 1331 618 1379 tenor?
643 1332 871 1387 Quaenam
898 1331 1067 1379 forma?
1085 1333 1165 1379 Est
1188 1350 1244 1379 ne
1262 1331 1399 1390 bulla,
1414 1333 1562 1391 breve,
1589 1334 1813 1382 decretum

345 1408 390 1454 in
422 1426 511 1474 quo
542 1408 721 1472 proprie
745 1408 994 1455 declaretur
1027 1408 1209 1455 nullitas
1235 1409 1559 1472 praedictorum
1592 1410 1815 1474 coniugio-

345 1503 440 1532 rum
466 1485 522 1532 ab
553 1484 810 1531 infidelibus
839 1495 991 1532 contra
1017 1484 1137 1548 leges
1156 1485 1407 1549 principum
1435 1485 1658 1534 irritantes
1682 1486 1814 1535 inito-

345 1560 475 1608 rum?
493 1562 579 1608 Sed
603 1561 718 1607 nihil
749 1560 1006 1608 huiusmodi
1040 1561 1250 1618 occurrit,
1279 1561 1324 1607 in
1355 1561 1492 1609 ullius
1521 1580 1559 1609 s.
1577 1562 1812 1627 pontificis

342 1638 535 1686 Bullario
551 1677 561 1696 ,
584 1655 666 1685 nec
689 1637 734 1683 in
758 1637 1015 1685 collectione
1039 1655 1092 1684 ea
1115 1638 1279 1694 omnia,
1302 1655 1417 1702 quae
1435 1638 1492 1685 ad
1510 1638 1747 1686 missiones
1768 1650 1813 1687 et

343 1715 649 1762 missionarios
666 1724 888 1778 spectant,
916 1714 1246 1778 complectente,
1275 1715 1346 1761 cui
1371 1714 1542 1762 titulus:
1565 1715 1813 1763 Bullarium

338 1792 606 1856 pontificium
633 1808 781 1837 sacrae
800 1791 1139 1853 conqreqationis
1158 1790 1208 1836 dc
1221 1791 1508 1854 propaqanda
1523 1790 1605 1855 fide
1626 1794 1695 1854 (5.
1717 1791 1805 1840 vol.

344 1868 388 1913 in
422 1869 465 1913 4.
495 1868 657 1914 Romae
693 1868 834 1913 1740.
875 1867 1012 1932 Typis
1042 1867 1215 1930 collegii
1250 1866 1415 1913 Urbani
1448 1868 1565 1929 (49).
1598 1868 1724 1914 Unde
1771 1868 1811 1916 si

347 1955 502 2006 agatur
534 1944 590 1991 de
614 1944 882 2008 dogmatica,
913 1954 988 1991 aut
1006 1943 1218 2006 generali,
1246 1954 1321 1990 aut
1339 1943 1515 2008 proprie
1537 1944 1656 1991 dicta
1680 1961 1718 1992 s.
1747 1961 1814 1992 se-

344 2019 415 2066 dis
434 2020 730 2068 declaratione
755 2020 810 2067 ad
836 2020 1142 2083 coniugiorum
1167 2019 1342 2067 illorum
1367 2019 1686 2067 invaliditatem
1711 2037 1812 2085 per-

345 2096 536 2152 tinente,
575 2097 697 2144 nulla
731 2113 928 2162 unquam
967 2096 1151 2161 prodiit,
1189 2096 1311 2143 nulla
1339 2113 1522 2160 prorsus
1561 2096 1725 2143 existit.
1763 2097 1809 2143 Si

344 2187 447 2218 vero
487 2183 642 2234 agatur
666 2173 721 2220 de
752 2173 902 2238 aliquo
929 2171 1116 2220 alicuius
1156 2190 1194 2220 s.
1218 2172 1568 2235 congregationis
1605 2189 1812 2221 romanae

347 2265 577 2312 responso,
616 2260 692 2295 aut
721 2250 896 2297 decreto
932 2248 1188 2315 particulari
1231 2266 1311 2295 seu
1339 2249 1396 2295 ad
1430 2266 1583 2296 casum
1617 2249 1812 2314 particu-

347 2323 483 2371 larem
500 2341 582 2388 pro
605 2327 777 2371 attentis
800 2325 1094 2389 peculiaribus
1118 2326 1451 2372 circumstantiis
1474 2335 1716 2390 spectante,
1737 2343 1812 2374 ve-

347 2417 444 2446 rum
478 2399 603 2447 cuius
637 2416 725 2446 non
759 2417 811 2447 ea
842 2401 911 2448 vis
945 2411 1029 2458 est,
1055 2410 1105 2448 ut
1139 2401 1443 2466 quaestionem
1476 2400 1614 2448 ullam
1649 2401 1811 2449 doctri·

443 2553 509 2595 (49)
529 2555 595 2587 Nec
618 2552 833 2586 omittendum
851 2554 939 2594 quod
958 2555 992 2586 in
1012 2555 1163 2588 universa
1181 2555 1305 2596 synodo
1321 2555 1495 2588 vicariatus
1506 2554 1709 2587 sutchuensis
1727 2563 1810 2595 quae

347 2606 457 2639 habita
481 2608 532 2640 est
560 2606 593 2639 in
618 2605 702 2639 Sinis
722 2606 757 2638 in
778 2606 926 2638 districtu
948 2609 1057 2648 Teong
1082 2608 1168 2648 King
1198 2608 1327 2640 Tcheou
1353 2617 1405 2640 an.
1431 2612 1519 2640 1803.
1548 2615 1586 2639 ac
1607 2609 1728 2639 Romae
1750 2606 1810 2639 im-

347 2669 456 2701 pressa
477 2669 530 2692 an.
550 2662 639 2692 1837.
656 2658 754 2701 Typis
779 2667 889 2691 sacrae
922 2662 1104 2701 congregat.
1130 2661 1170 2693 de
1190 2660 1397 2702 propaganda
1424 2659 1508 2700 fide,
1539 2659 1621 2691 nihil
1650 2659 1809 2692 eiusmodi

346 2714 510 2753 occurrat,
527 2712 587 2745 etsi
601 2712 694 2754 plura
713 2713 895 2745 statuantur
910 2712 951 2744 de
971 2714 1163 2745 matrimoiis
1182 2714 1362 2746 infidelium
1376 2713 1492 2746 sivein
1503 2712 1613 2745 fitne
1629 2712 1807 2754 baptismo,

346 2765 462 2798 sivein
477 2766 528 2797 tit.
548 2768 598 2798 De
617 2766 856 2804 matrimonio,
877 2766 945 2798 sive
964 2766 1000 2796 in
1020 2765 1232 2799 instructione
1253 2766 1406 2808 pastorali
1423 2765 1552 2798 loannis
1571 2765 1729 2798 Desiderii
1742 2765 1808 2807 epi·

345 2818 435 2860 scopi
452 2818 653 2851 caradrensis
664 2817 778 2850 vicarii
789 2818 1007 2858 summensis,
1024 2827 1107 2858 quae
1121 2818 1199 2851 satis
1210 2818 1337 2860 prolixa
1350 2819 1409 2851 est.
1417 2820 1517 2851 Porro
1529 2818 1557 2850 si
1568 2817 1735 2861 quidpiam
1747 2818 1811 2851 hac

347 2870 387 2904 de
409 2879 443 2904 rc
459 2872 671 2904 constitutum
687 2871 813 2912 fuisset,
835 2871 947 2913 procul
965 2870 1065 2903 dubio
1080 2872 1339 2912 praetermissum
1357 2870 1489 2904 minime
1510 2873 1603 2905 esset.
