1980 3260
327 283 418 315 cn.
436 283 498 315 ιιι.
516 284 569 316 nr:
587 284 671 317 etv.
689 284 827 317 roras.
847 284 983 317 raum.
1000 284 1082 317 mr.
1102 284 1193 317 nm..
1212 285 1264 317 An
1283 285 1409 317 nna.
1427 284 1519 316 Am.
1538 282 1585 315 11.
1629 268 1717 314 483

251 361 537 423 magistratus
573 362 717 410 civilis
765 364 1014 428 praesentia
1058 362 1216 410 initum
1263 362 1417 419 fuerit,
1455 372 1531 409 aut
1565 361 1721 409 saltem

240 436 362 487 illud
399 438 687 502 probabiliter
728 439 973 490 invalidum
1007 440 1167 487 dicere⁴
1190 456 1241 488 ac
1275 438 1489 486 nullitatis
1527 437 1723 501 periculo

248 512 515 570 obnoxium,
555 514 601 563 id
636 515 739 563 ferri
774 515 897 562 nulla
932 516 1100 564 ratione
1134 526 1293 580 potest.
1328 565 1331 568 s

346 587 522 652 Colligit
557 590 600 636 2.
630 590 791 640 melius
824 591 996 640 consuli
1033 602 1308 639 sacramento
1331 591 1371 638 si
1396 589 1725 637 matrimonium

250 665 377 730 prius
411 665 586 714 ineatur
610 683 766 715 coram
799 668 1015 716 officiario
1048 668 1167 716 civili
1186 679 1359 733 ,quam
1382 666 1626 714 celebretur
1649 683 1725 713 co-

250 758 345 789 ram
370 742 586 805 ⁴parocho
625 745 743 806 (65).
783 744 934 809 Neque
967 744 1053 792 hoc
1088 761 1170 792 nos
1205 743 1443 792 abnuimus
1478 741 1535 790 ob
1567 742 1726 790 'eadem

251 818 419 866 motiva
450 818 583 866 modo
618 820 861 877 recensita,
899 832 1032 885 atque
1055 820 1113 870 ob
1136 831 1299 869 statuta
1327 819 1601 885 synodorum
1627 835 1729 882 pro-

249 893 539 951 vincialium,
577 895 830 953 ritualium,
864 908 940 945 aut
973 898 1312 963 episcoporum,
1341 897 1418 961 qui
1454 895 1731 960 praecipiunt

252 969 491 1035 parochis,
525 987 581 1017 ne
608 971 828 1035 coniugiis
855 973 1106 1030 assistant,
1135 974 1244 1039 quin
1269 972 1577 1021 contrahentes
1604 972 1729 1035 prius

249 1053 306 1094 s'e-
322 1046 637 1097 constituerint.
649 1064 797 1095 coram
813 1048 1078 1111 magistratu
1096 1049 1234 1102 civili.
1253 1048 1560 1114 Improbamus
1580 1059 1726 1097 autem

252 1138 305 1171 ac
322 1138 505 1186 prorsus
525 1122 751 1172 reiicimus
778 1123 1115 1173 fundamentum
1140 1125 1211 1177 cui
1237 1126 1335 1189 ipse
1350 1125 1557 1172 'innititur
1575 1124 1630 1171 ad
1650 1124 1732 1171 hoc

251 1198 541 1246 asserendum
567 1199 750 1263 petitum
774 1218 827 1247 ex
850 1201 893 1248 vi
919 1202 1335 1267 impedimentorum
1369 1200 1588 1250 civilium'
1609 1203 1727 1263 (66).

251 1274 389 1325 Multo.
413 1291 526 1323 *vero
561 1275 711 1338 magis
748 1277 1003 1342 respuimus
1046 1277 1260 1325 rationem
1295 1295 1430 1342 quam
1465 1276 1647 1326 adducit
1680 1294 1732 1323 ex

252 1350 414 1403 Baston
450 1350 507 1398 ad
543 1351 629 1398 hoc
662 1351 813 1416 ipsum
847 1352 1186 1406 adstruendum.
1225 1353 1352 1409 Quae
1396 1352 1579 1417 quidem
1621 1352 1731 1399 ratio

253 1426 365 1475 haec
392 1437 494 1479 est:
519 1427 669 1476 «Cum
705 1440 1030 1481 sacramentum
1062 1446 1151 1477 non
1181 1429 1365 1486 existat,
1399 1428 1462 1476 ait
1483 1421 1614 1492 ipse,
1643 1427 1734 1476 nisi

252 1514 474 1568 quatenus
501 1514 768 1552 ‘contractus
803 1516 871 1552 est
902 1505 1081 1553 validus
1104 1543 1114 1563 ,
1154 1516 1258 1553 tunc
1299 1515 1471 1552 tantum
1506 1504 1735 1570 perficitur

251 1589 610 1637 sacramentum,
638 1575 825 1644 *quando
860 1581 1087 1645 perficitur
1121 1591 1398 1629 contractus:
1431 1580 1469 1628 si
1503 1579 1639 1643 igitur
1661 1597 1733 1627 ce-

255 1654 546 1703 lebrationem
580 1655 755 1707 civilem
791 1657 1026 1721 praecedat
1058 1657 1294 1705 celebratio
1327 1656 1560 1720 religiosa,
1587 1673 1738 1703 sacra-

254 1741 443 1779 mentum
480 1731 702 1796 perficitur
747 1741 914 1779 tantum
948 1750 1092 1780 coram
1128 1734 1389 1797 maqistratu
1422 1732 1573 1779 civili..
1603 1732 1735 1779 Porro

255 1807 416 1860 exinde
449 1807 636 1867 multum
672 1808 959 1872 periclitaturi
976 1809 1196 1872 dignitas,
1226 1808 1316 1856 imo
1340 1818 1382 1855 et
1406 1808 1640 1856 existentia
1665 1825 1738 1855 sa-

258 1883 487 1932 cramenti.
527 1885 572 1931 1.
603 1884 834 1948 Diqnitas:
871 1885 974 1950 quis
1009 1903 1099 1932 non
1131 1885 1279 1947 videat
1310 1902 1445 1950 quam
1482 1884 1738 1932 indecorum

257 1960 319 2013 sit
350 1971 680 2009 sacramentum
716 1961 852 2026 recipi
886 1978 1036 2009 coram
1063 1961 1325 2025 magistratu
1351 1959 1502 2009 civili?
1527 1960 1576 2007 ld
1599 1970 1670 2008 est
1693 1959 1740 2007 in

353 2108 420 2148 (65)
441 2107 525 2139 lbid.
540 2116 574 2139 n.
596 2112 694 2141 1030„
1045 2135 1050 2139 .
1126 2135 1129 2138 .
1268 2136 1271 2140 .

353 2159 420 2199 (66)
442 2158 531 2191 Adeo
546 2158 602 2190 hic
615 2161 730 2192 auctor
747 2158 789 2192 dc
804 2159 957 2193 firmitate
984 2161 1161 2193 sententiae
1186 2168 1264 2193 suae
1288 2161 1376 2192 circa
1400 2159 1467 2191 vim
1495 2158 1740 2200 impedimento-

259 2220 332 2246 rum
353 2211 501 2244 civilium
524 2210 566 2243 ad
588 2210 772 2250 dirimenda
790 2210 943 2254 coniugia
966 2212 1140 2254 persuasus
1160 2213 1223 2246 fuit
1245 2212 1450 2254 (siquidem,
1476 2214 1512 2250 ut
1532 2211 1717 2244 monuimus
1730 2235 1739 2251 ,

259 2272 347 2309 nuuc
366 2262 646 2306 praeclarissimus
663 2263 713 2295 vir
726 2263 768 2295 ab
786 2264 846 2297 hac
864 2265 1024 2297 sententia
1040 2265 1223 2307 discessit),
1236 2266 1273 2297 ut
1288 2273 1362 2296 cum
1376 2273 1414 2296 ax
1427 2263 1599 2296 Benedicto
1613 2265 1696 2295 xlv.
1708 2262 1741 2294 in

260 2316 421 2360 Epistola
441 2315 490 2350 ad
509 2318 707 2349 missionar.
722 2317 936 2351 Hollandiae
955 2319 967 2357 (
987 2320 1034 2351 De
1048 2318 1193 2360 synodo,
1215 2308 1277 2351 nb,
1292 2319 1348 2350 VI.
1364 2318 1526 2351 c.V11.n.
1544 2317 1596 2355 5.)
1615 2316 1738 2348 attulis-

259 2371 310 2404 set
323 2395 334 2412 ,
363 2363 542 2403 consultius
563 2369 674 2403 essesi
688 2364 859 2411 catholici,
880 2380 946 2404 non
969 2365 1031 2404 nisi
1053 2371 1261 2405 matrimonio
1282 2372 1349 2405 iam
1370 2372 1463 2404 antea
1485 2371 1517 2402 in
1540 2369 1620 2402 facie
1641 2369 1740 2403 eccle·

262 2423 330 2466 siae
351 2423 495 2458 interae
514 2422 660 2463 legitime
681 2422 842 2463 celebrato
866 2423 908 2456 ad
934 2423 1024 2456 illam
1052 2424 1243 2466 explendam
1265 2424 1395 2456 civilem
1417 2422 1630 2455 ceremoniam
1651 2429 1740 2454 secu-

262 2476 363 2510 larem
389 2476 614 2518 magistratum
644 2475 771 2508 adirent
791 2488 801 2518 3
834 2475 922 2517 quod
949 2477 977 2509 si
1005 2477 1039 2509 id
1064 2476 1133 2509 fieri
1166 2478 1321 2518 nequeat,
1344 2475 1377 2508 id
1399 2476 1512 2507 saltem
1536 2482 1595 2514 pro
1619 2469 1743 2506 viribus

263 2532 428 2571 satagant,
445 2531 482 2562 ut
495 2531 668 2571 postquam
689 2529 887 2571 reipublicae
908 2539 1032 2563 morem
1054 2530 1103 2563 illi
1124 2531 1290 2571 gesserunt
1311 2537 1376 2560 non
1398 2527 1452 2559 diu
1476 2526 1628 2558 differant
1643 2526 1741 2558 eccle-

263 2583 330 2616 siae
350 2582 476 2624 legibus
493 2590 624 2623 parere;
641 2583 740 2623 atque
761 2590 800 2614 ex
823 2582 882 2615 Pio
903 2584 960 2615 vl.
980 2583 1130 2615 monente
1147 2582 1325 2614 catholicos
1337 2579 1461 2612 Galliae
1473 2603 1482 2618 ,
1505 2578 1561 2618 qui
1584 2586 1648 2609 non
1670 2586 1740 2618 pos·

262 2635 340 2667 sunt
366 2635 545 2676 parochum
568 2633 679 2675 adire,
703 2646 719 2662 e«
735 2643 850 2667 curare
874 2634 991 2668 debere
1015 2635 1207 2667 contrahere
1227 2631 1468 2666 matrimonium
1481 2639 1591 2662 coram
1607 2629 1744 2662 testibus

264 2689 299 2720 et
315 2687 449 2729 quidem
471 2687 580 2729 quoad
601 2688 670 2720 fieri
687 2690 814 2729 posset,
843 2688 1031 2728 catholicis,
1050 2690 1153 2730 prius
1174 2695 1279 2729 quam
1300 2683 1574 2725 municipalilati
1594 2691 1631 2715 se
1643 2691 1744 2724 prae-

263 2741 375 2773 sentes
403 2741 603 2773 sister-enta
614 2749 690 2772 cum
712 2740 813 2781 haec,
835 2740 988 2781 iuquam,
1008 2740 1189 2779 attulisset,
1211 2737 1345 2770 adiecit:
1369 2749 1384 2764 «ι
1401 2735 1453 2768 11Ιί
1479 2734 1546 2767 duo
1576 2734 1745 2776 pontifices

267 2792 302 2824 in
317 2800 354 2824 ea
368 2792 548 2834 loquuntur
563 2794 752 2835 hypothesi,
767 2792 862 2835 quod
881 2792 1074 2826 declaratio
1096 2791 1211 2826 civilis
1234 2798 1302 2822 non
1323 2789 1531 2830 requiratur
1551 2787 1597 2820 ad
1618 2787 1742 2820 valide·-

269 2847 379 2877 tatem
398 2847 649 2879 matrimonii.»
666 2845 792 2884 Quibus
813 2846 934 2878 fatetur
953 2854 989 2878 ae
1010 2844 1070 2879 hac
1093 2846 1124 2877 in
1147 2842 1293 2875 doctrina
1312 2850 1331 2874 a
1348 2842 1455 2874 mente
1475 2842 1509 2872 et
1528 2839 1676 2872 doctrina
1698 2848 1743 2871 re-

269 2897 382 2930 «redere
406 2898 546 2931 duorum
573 2907 775 2931 summorum
796 2899 996 2939 pontificum.

1655 2947 1680 2972 a*
