1980 3260
247 291 337 323 cn».
352 291 413 323 ιιι.
432 290 484 322 nn
499 289 583 322 c1v.
598 290 760 323 rorasr.
777 292 911 324 rame.
930 293 1013 324 mr.
1033 294 1123 325 nm„
1138 295 1189 325 in
1207 295 1330 327 mn.
1349 296 1441 327 Aur.
1462 296 1507 327 11.
1551 278 1634 326 471

181 368 315 415 etiam
348 366 542 433 seposita
573 370 833 415 sacramenti
858 370 1026 416 ratione
1060 370 1115 416 ad
1151 387 1345 427 sacram,
1374 389 1459 419 non
1494 383 1638 420 autem

182 443 241 490 ad
273 443 445 491 civilem
477 443 781 491 auctoritatem
815 444 959 508 quoad
997 446 1219 492 vinculum
1244 447 1287 492 in
1321 447 1418 511 ipso
1454 448 1640 495 naturali

183 519 338 566 ordine
367 518 619 583 pertineret.

268 594 486 659 Sequitur
519 594 564 641 2.
607 596 759 659 Neque
792 596 879 643 dici
913 596 1096 653 debere,
1132 598 1401 645 exclusivum
1431 599 1644 647 ecclesiae

185 671 254 717 ius
291 671 513 718 statuendi
549 671 864 735 impedimenta
894 673 1220 720 matrimonium
1255 674 1505 722 dirimentia
1541 693 1646 739 pen-

183 746 291 794 dere
323 764 376 794 ex
413 747 604 811 positiva
638 747 787 812 aliqua
829 748 1047 795 ecclesiae
1082 748 1200 812 lege,
1242 766 1321 796 seu
1353 767 1406 796 ex
1446 751 1540 797 iure
1573 768 1645 799 ec-

184 823 458 880 clesiastico,
486 841 575 889 quo
608 823 695 871 sibi
728 842 825 871 eam
859 835 1117 889 potestatem
1157 825 1343 872 ecclesia
1378 826 1477 889 ipsa
1512 845 1647 874 reser-

184 899 377 955 vaverit,
398 899 585 964 eiusque
602 917 733 947 usum
757 900 1013 948 christianis
1046 900 1322 964 principibus
1354 902 1641 950 interdixerit.

241 1009 243 1011 .
280 975 488 1040 Sequitur
522 978 566 1022 3.
597 977 749 1041 Neque
784 977 894 1023 illud
929 976 1248 1023 admittendum
1287 993 1386 1025 esse
1417 979 1648 1026 nonnullo-

186 1069 282 1099 rum
316 1052 618 1116 theologorum
644 1053 854 1116 placitum
875 1091 883 1108 ‚
906 1052 983 1116 qui
1009 1053 1199 1115 gratuito
1233 1053 1480 1110 affirmant,
1503 1055 1648 1102 exclu-

185 1128 331 1176 sivum
372 1129 482 1176 illud
523 1128 738 1176 ecclesiae
780 1129 849 1175 ius
885 1128 1077 1193 pendere
1112 1146 1163 1174 ex
1202 1129 1334 1175 tacita
1366 1130 1556 1194 quadam
1601 1148 1651 1178 ac

186 1204 401 1269 implicita
434 1205 775 1253 christianorum
807 1203 1056 1270 principum
1087 1205 1315 1262 cessione,
1354 1206 1430 1270 qui
1466 1224 1544 1271 pro
1571 1224 1651 1254 sua

186 1282 232 1327 in
268 1281 501 1329 ecclesiam
539 1282 700 1346 pietate
722 1280 977 1328 exercitium
1012 1280 1148 1327 huius
1182 1282 1410 1346 potestatis
1440 1282 1654 1330 ecclesiae

187 1355 424 1423 reliquisse
457 1357 679 1406 dicuntur.

280 1433 490 1499 Sequitur
525 1435 566 1480 4.
596 1432 731 1480 Multo
771 1432 913 1496 magis
960 1449 1107 1479 errare
1153 1432 1384 1495 regalistae
1419 1434 1496 1498 qui
1534 1446 1651 1498 pote-

184 1519 342 1557 statem
382 1509 493 1557 iuris
518 1526 607 1574 quo
643 1508 805 1572 gaudet
838 1508 1026 1556 ecclesia
1059 1508 1115 1556 ab
1142 1509 1428 1573 usurpatione
1460 1510 1652 1574 quadam

187 1597 422 1651 repetunt,
463 1604 515 1634 ac
548 1586 755 1634 effutiunt
787 1586 1062 1633 tenebricoso
1086 1585 1162 1632 illo
1195 1585 1341 1633 medio
1376 1602 1484 1633 aevo
1514 1586 1653 1633 eccle-

186 1662 301 1710 siam
327 1662 413 1710 sibi
435 1662 480 1710 vi
505 1672 580 1710 aut
609 1661 764 1709 fraude
796 1671 1057 1726 potestatem
1093 1678 1336 1726 usurpasse
1360 1678 1410 1708 ac
1445 1661 1654 1709 dirimen—

188 1739 248 1786 tia
282 1739 600 1803 impedimenta
633 1738 919 1787 constituisse
945 1737 1066 1785 illius
1090 1738 1246 1785 aetatis
1282 1738 1501 1785 communi
1537 1738 1656 1801 igno-

189 1815 331 1862 rantia
365 1815 492 1863 freta.

283 1891 491 1955 Sequitur
523 1893 567 1938 Β.
606 1891 735 1939 Falso
775 1891 976 1938 laborare
1011 1889 1244 1954 supposito
1275 1889 1535 1953 regalistas‚
1577 1892 1654 1956 qui

188 1967 354 2030 regiam
379 1977 640 2032 potestatem
668 1967 713 2013 in
738 1965 1005 2014 matrimonii
1028 1965 1254 2013 vinculum
1280 1977 1439 2013 vocant
1472 1966 1657 2014 inamis-

187 2041 363 2090 sibilem
382 2079 392 2099 ‚
421 2042 879 2108 impraescriptibilem
899 2051 1031 2106 atque
1054 2040 1354 2089 inviolabilem
1368 2078 1378 2098 ‚
1406 2058 1458 2089 ac
1482 2042 1552 2089 ius
1570 2059 1658 2088 ma-

186 2119 447 2173 iestaticum,
466 2118 585 2183 quod
612 2135 693 2166 nec
717 2118 813 2165 cedi
839 2134 920 2165 nec
941 2117 1103 2165 auferri
1125 2127 1284 2182 potest.
1302 2116 1655 2165 commentitium

187 2193 410 2258 siquidem
435 2204 503 2241 est
527 2193 782 2241 huiusmodi
802 2194 872 2240 ius
891 2211 942 2240 ac
959 2193 1149 2256 gratuito
1183 2210 1365 2258 prorsus
1399 2192 1650 2241 confictum.

284 2269 493 2334 Sequitur
518 2272 561 2315 6.
580 2270 746 2332 Negato
773 2269 1025 2334 principum
1049 2269 1183 2317 etiam
1208 2268 1454 2317 infidelium
1491 2270 1583 2317 iure
1611 2271 1654 2316 in

189 2345 517 2392 matrimonium
541 2345 804 2402 infidelium,
818 2345 960 2393 locum
981 2346 1174 2411 amplius
1193 2362 1280 2393 non
1294 2345 1458 2393 habere
1471 2345 1655 2392 difficul-

190 2431 300 2468 tates
317 2420 536 2486 quasdam
555 2419 861 2484 regalistarum
882 2459 892 2478 ,
915 2438 1029 2486 quae
1046 2439 1207 2485 magna
1225 2420 1268 2468 vi
1289 2438 1370 2469 nec
1388 2421 1484 2469 sine
1510 2421 1657 2468 trium·

188 2496 265 2562 phi
292 2497 441 2562 specie
465 2496 608 2544 solent
630 2507 781 2545 contra
805 2515 881 2545 eos
914 2497 1165 2561 theologos,
1199 2498 1276 2562 qui
1302 2497 1371 2544 ius
1398 2496 1506 2543 illud
1537 2497 1653 2561 quod

188 2572 443 2621 infidelibus
477 2573 754 2638 principibus
780 2573 994 2631 tribuunt,
1022 2591 1073 2622 ac
1096 2573 1352 2622 christianis
1378 2572 1654 2637 principibus

189 2660 351 2713 negant
364 2685 381 2708 i,
425 2650 589 2714 urgeri.
628 2650 786 2697 Rident
829 2650 1036 2698 nimirum
1054 2650 1312 2714 “regalistae
1355 2648 1654 2711 theologorum

188 2724 372 2790 placita,
394 2744 509 2792 quae
526 2726 658 2775 modo
682 2726 985 2775 recensuimus
1015 2728 1138 2790 (53),
1168 2736 1315 2790 utpote
1338 2724 1547 2789 gratuita,
1577 2743 1656 2773 nec

284 2838 352 2878 (53)
373 2836 564 2879 Speciminis
585 2839 687 2880 gratia
708 2839 805 2871 verba
826 2839 978 2880 asseram,
1002 2847 1085 2881 quae
1105 2837 1338 2870 inverecundus
1360 2837 1523 2870 Launoius
1543 2837 1656 2875 habet,

189 2890 233 2920 si(-
256 2889 377 2928 fingens
391 2891 665 2932 rompontifioem
680 2892 839 2932 princ-ipos
854 2892 1085 2932 alloquentem:
1107 2904 1120 2917 n
1136 2891 1218 2921 none
1234 2889 1385 2920 veneritis
1403 2888 1558 2921 carissimi
1576 2889 1653 2927 sitin
