1980 3260
264 276 430 308 CAP.111.
451 274 499 305 DE
521 273 635 305 ECCL.
657 273 745 304 Por.
765 272 868 304 DISP.
888 272 929 303 m
948 272 1038 303 mr.
1055 272 1179 304 MATR.
1198 273 1282 305 mn.
1301 272 1396 304 ΛΒΤ.
1414 270 1475 304 IV.
1551 256 1646 304 147

169 352 502 418 praetermissis
526 389 536 408 ,
575 368 692 415 quae
725 349 917 398 evidenti
954 359 1057 398 sunt
1091 360 1351 413 argumento
1387 349 1464 397 illa
1497 350 1651 397 coniu-

169 430 245 493 gia
263 448 344 494 per
363 447 411 477 se
427 428 599 485 valere,
628 445 680 475 ac
704 426 892 492 proinde
915 426 1169 492 dispensari
1189 426 1234 472 in
1254 443 1306 474 eo
1324 425 1466 489 gradu
1489 443 1645 491 posse,

169 508 215 554 id
250 508 401 572 ipsum
439 523 525 554 non
562 505 712 552 minus
747 504 994 552 luculenter
1027 504 1246 552 evincitur
1280 521 1332 551 ex
1367 521 1493 551 conc.
1521 520 1650 552 aure-

171 584 365 631 lianensi
402 583 479 627 111.
511 599 610 629 can.
642 582 719 627 10.
750 581 823 628 his
852 581 1001 629 verbis
1035 598 1279 646 expresso:
1324 581 1432 627 «De
1464 580 1649 630 incestis

168 657 558 708 coniunctionibus
594 657 656 703 ita
690 673 807 720 quae
841 667 945 703 sunt
986 667 1149 704 statuta
1192 667 1455 714 serventur,
1493 666 1541 704 ut
1574 656 1648 704 his

169 735 247 802 qui
281 743 355 782 aut
387 731 520 778 modo
554 731 611 777 ad
646 730 920 794 baptismum
947 731 1156 788 veniunt,
1186 743 1261 779 aut
1284 733 1449 797 quibus
1467 742 1649 797 patrum

169 819 332 860 statuta
373 806 637 854 sacerdotali
683 803 1017 868 praedicatione
1051 806 1097 850 in
1139 806 1342 852 notitiam
1385 818 1515 855 antea
1559 824 1648 855 non

166 894 404 940 venerunt,
451 882 512 928 ita
554 898 633 946 pro
674 880 867 927 novitate
907 880 1253 938 conversionis,
1298 898 1351 928 ac
1392 882 1497 930 fidei
1538 900 1648 931 suae

164 961 437 1011 credidimus
466 957 810 1014 consulendum,
839 967 887 1004 ut
911 967 1131 1004 contracta
1156 959 1371 1023 hucusque
1397 959 1647 1006 huiusmodi

165 1037 368 1100 com‘uqia
401 1053 486 1082 non
519 1034 772 1091 solvantur;
799 1033 878 1080 sed
908 1032 953 1079 in
982 1033 1203 1091 futurum,
1232 1034 1354 1099 quod
1378 1034 1434 1081 de
1459 1035 1644 1083 incestis

162 1111 555 1161 coniunctionibus
581 1110 626 1156 in
651 1109 946 1157 anterioribus
972 1110 1219 1158 canonibus
1243 1111 1526 1159 interdictum
1552 1121 1640 1169 est,

162 1189 447 1244 observetur;
478 1187 524 1234 id
549 1196 641 1244 est,
681 1197 729 1233 ut
763 1204 818 1233 ne
853 1186 954 1251 quis
989 1185 1076 1234 sibi
1114 1186 1197 1234 sub
1232 1187 1431 1251 coniugii
1465 1188 1644 1236 nomine

164 1265 336 1312 sociare
368 1274 625 1330 praesumat
650 1262 845 1310 relictam
869 1263 1037 1327 patris,
1068 1263 1206 1310 filiam
1238 1263 1415 1321 uxoris,
1444 1264 1644 1313 relictam

163 1341 335 1398 fratris,
377 1358 574 1388 sororem
607 1339 786 1396 uxoris,
819 1339 1134 1387 consobrinam
1170 1351 1247 1388 aut
1282 1341 1536 1400 sobrinam,
1576 1359 1645 1390 re-

161 1418 311 1466 lictam
358 1418 566 1465 avunculi
603 1417 673 1465 vel
711 1417 855 1482 patrui
895 1418 1077 1480 (112).»
1095 1418 1160 1463 Ex
1184 1417 1350 1482 quibus
1386 1429 1505 1483 patet
1537 1436 1644 1469 con-

160 1494 314 1542 cilium
346 1494 545 1542 voluisse
578 1505 626 1542 ut
661 1504 970 1559 permanerent
1002 1493 1223 1542 eiusmodi
1258 1494 1468 1559 coniugia
1491 1495 1538 1542 in
1573 1496 1643 1543 in-

161 1571 375 1619 fidelitate
407 1582 656 1629 contracta,
696 1589 842 1636 neque
875 1571 1063 1619 dissolvi
1097 1570 1275 1618 debere.
1301 1571 1440 1634 Igitur
1474 1572 1642 1635 gradus

160 1647 392 1694 affinitatis
428 1647 542 1694 inter
574 1647 780 1694 vitricum
806 1656 849 1693 et
872 1646 1144 1711 privignam,
1172 1647 1288 1694 inter
1316 1647 1574 1711 privlgnum
1598 1657 1643 1696 et

160 1741 394 1771 novercam
409 1762 418 1780 ,
447 1724 645 1771 relictam
666 1724 834 1780 fratris,
858 1734 934 1770 aut
958 1741 1154 1771 sororem
1180 1724 1332 1771 uxoris
1360 1742 1449 1771 non
1473 1723 1643 1773 dirimit

161 1801 416 1864 coniugium
442 1800 536 1847 iure
561 1811 760 1847 naturae.
786 1800 996 1855 Quinimo
1032 1800 1228 1848 decrevit
1262 1818 1407 1865 neque
1430 1818 1531 1849 6556
1554 1800 1640 1848 hu-

159 1878 353 1925 iusmodi
384 1878 596 1940 coniuges
633 1878 932 1941 separandos,
962 1877 1038 1941 qui
1064 1877 1168 1924 licet
1191 1877 1404 1942 baptizati
1435 1878 1481 1924 in
1511 1878 1640 1941 igno—

158 1956 303 2003 rantia
339 1956 486 2020 legum
528 1956 930 2004 ecclesiasticarum
967 1974 1018 2003 ea
1061 1956 1346 2015 matrimonia
1389 1957 1479 2004 iam
1524 1957 1639 2005 cele-

155 2032 362 2080 brassent
378 2035 506 2095 (113)
520 2072 527 2079 .
543 2033 607 2079 Ex
627 2033 699 2079 his
719 2033 869 2097 itaque
887 2032 1088 2079 conciliis
1109 2032 1439 2097 antiquissimis
1464 2043 1638 2081 constat

157 2120 273 2157 recte
306 2110 589 2156 Benedictum
625 2110 734 2156 XIV.
765 2109 990 2156 iudicasse
1022 2108 1212 2172 primum
1249 2109 1368 2156 hunc
1402 2109 1635 2157 affinitatis

156 2185 343 2247 gradum
378 2184 423 2230 in
458 2184 577 2230 linea
612 2194 730 2231 recta
765 2202 852 2231 non
888 2184 1098 2231 inducere
1129 2184 1496 2248 impedimentum
1530 2184 1636 2231 diri-

159 2277 284 2309 mens
321 2262 416 2307 iure
451 2259 677 2316 naturali,
718 2261 795 2307 sed
832 2260 1047 2325 positivo,
1086 2260 1182 2324 lege
1217 2260 1388 2308 scilicet
1421 2260 1635 2309 ecclesia-

158 2335 295 2393 stica,
334 2347 467 2400 atque
501 2335 611 2382 adeo
648 2334 692 2381 in
729 2335 950 2400 pontificis
986 2335 1155 2383 romani
1192 2345 1409 2400 potestate
1442 2354 1544 2385 esse
1576 2337 1633 2385 ab

158 2411 235 2460 illo
272 2413 552 2477 dispensare.

251 2489 408 2545 Quoad
433 2488 614 2536 alteram
640 2507 743 2537 vero
762 2489 1004 2538 decisionis
1025 2500 1194 2555 partem
1214 2508 1303 2556 qua
1321 2491 1532 2539 iudicavit
1547 2509 1630 2537 non

153 2566 356 2630 expedire
382 2576 522 2613 tamen
546 2566 658 2630 quod
684 2566 929 2614 huiusmodi
950 2567 1289 2632 dispensationes
1324 2567 1623 2622 concedantur,

153 2642 199 2689 id
234 2654 351 2690 certe
386 2642 536 2707 plures
572 2660 741 2708 eaeque
775 2643 1066 2707 gravissimae
1100 2662 1263 2692 causae
1298 2644 1581 2710 persuadent.

245 2845 333 2885 (112)
355 2845 439 2877 lbid.
457 2855 530 2887 pag.
549 2851 621 2879 251.

241 2897 329 2938 (113)
351 2898 400 2931 Cf.
419 2899 571 2932 Pontium
587 2909 640 2941 op.
659 2901 690 2932 et
711 2901 772 2932 loc.
788 2901 843 2933 cit.
856 2909 927 2942 cap.
943 2903 1086 2934 XXXIV.
