1980 3260
249 231 339 262 cir.
358 230 404 262 11.
425 231 475 261 ni:
495 228 610 261 scca.
630 228 770 260 roras.
790 226 934 259 cons-r.
951 226 1039 258 mr.
1056 226 1180 257 nnn.
1196 225 1280 258 mn.
1296 226 1387 257 Aur.
1406 225 1462 257 1v.
1538 210 1595 254 7⁹

130 325 218 355 non
232 325 330 355 raro
343 309 387 354 in
407 309 503 355 iura
519 306 820 354 ecclesiastica
838 303 1044 352 invadere
1061 314 1104 351 et
1120 303 1335 351 ecclesiae
1352 302 1597 350 libertatem

130 385 374 432 contraius
398 401 623 439 coercere,
653 399 739 430 non
765 391 909 429 autem
939 380 995 427 de
1027 379 1220 445 propriis
1255 379 1426 426 iuribus
1466 378 1600 428 ecole-

131 461 226 509 siae
270 462 511 526 aliquando
560 459 800 507 liberaliter
841 475 893 505 ac
934 456 1061 504 facile
1103 455 1273 521 aliquid
1317 455 1557 503 concedere
1587 475 1596 501 :

133 538 238 594 imo,
267 549 317 585 ut
338 537 472 586 verbo
491 537 654 593 dicam,
678 534 901 601 principes
924 544 972 580 ut
995 532 1231 597 plurimum
1255 531 1469 580 ecclesiae
1491 531 1602 579 libe-

133 613 281 661 raliter
306 623 560 668 cesserunt,
593 611 712 676 quod
737 610 882 657 eidem
898 610 1071 674 eripere
1087 625 1176 656 non
1193 618 1429 674 potuerunt
1445 609 1595 670 (100).

130 689 332 736 Attamen
352 687 391 735 si
408 687 687 734 adversarios
719 685 899 741 audias,
928 684 1153 749 principes
1178 702 1258 749 pro
1284 702 1365 732 sua
1397 700 1502 747 erga
1531 702 1601 731 ec-

131 763 310 812 clesiam
343 762 508 827 pietate
531 779 557 807 a
587 760 791 825 pluribus
821 759 1014 807 saeculis
1048 770 1149 807 ante
1182 760 1416 807 concilium
1440 760 1602 807 triden-

133 838 273 885 tinum
314 847 452 884 totum
492 835 829 883 matrimonialis
859 835 1090 900 potestatis
1124 835 1379 882 exercitium
1420 836 1603 883 dimise-

132 911 251 960 rant!
279 912 394 960 Hinc
415 910 685 959 contendunt
709 910 793 958 boc
816 920 984 957 tantum
1011 927 1147 957 sensu
1172 919 1317 974 patres
1342 910 1603 958 tridentinos

134 988 228 1036 suis
253 988 498 1036 canonibus
533 987 747 1036 ecclesiae
780 997 1040 1052 potestatem
1071 986 1346 1041 vindicasse,
1383 985 1453 1032 vel
1488 997 1603 1033 certe

134 1064 386 1113 nullatenus
417 1064 696 1128 significasse
719 1081 775 1110 an
799 1080 851 1110 ea
874 1072 1092 1128 potestas,
1130 1080 1244 1127 quae
1276 1062 1323 1108 in
1357 1061 1603 1109 canonibus

135 1142 348 1190 asseritur
392 1141 632 1205 originaria
672 1142 730 1188 sit
767 1150 898 1205 atque
935 1139 1149 1187 ecclesiae
1190 1139 1327 1186 insita
1350 1177 1360 1196 ,
1405 1157 1462 1186 an
1502 1156 1605 1187 vero

136 1216 307 1265 adscita
347 1234 400 1264 ex
439 1233 651 1282 expressa
688 1216 875 1263 tacitave
916 1215 1166 1281 'principum
1208 1215 1510 1263 concessione.
1551 1215 1605 1261 At

137 1311 270 1358 quam
306 1293 499 1340 absurde
531 1292 710 1341 obvium
743 1309 960 1340 canonum
996 1308 1177 1339 sensum
1207 1301 1523 1356 contorqueant
1553 1308 1605 1338 ex

137 1369 351 1416 hactenus
381 1368 513 1416 dictis
547 1368 722 1416 abunde
757 1378 893 1433 patet.

232 1444 312 1492 Ast
335 1455 547 1510 praestat,
576 1455 812 1509 antequam
847 1445 952 1492 huic
985 1444 1170 1492 articulo
1203 1444 1335 1491 finem
1364 1460 1597 1509 ponamus,

137 1520 385 1585 expendere
407 1521 498 1569 vim
522 1521 643 1569 illius
667 1521 881 1568 formulae
904 1521 1100 1568 omnium
1119 1520 1362 1568 aulicorum
1382 1538 1433 1568 ac
1451 1519 1606 1584 regali·

139 1607 306 1644 starum
326 1614 414 1644 non
434 1597 494 1645 ita
512 1597 683 1663 pridem
701 1615 777 1645 ore
794 1597 937 1653 tritae,
960 1597 1010 1643 de
1028 1614 1231 1661 expressa
1250 1597 1318 1643 vel
1337 1598 1467 1643 tacita
1478 1598 1605 1661 prin-

139 1674 282 1737 cipum
325 1675 594 1721 consensione
634 1673 866 1722 ecclesiam
907 1674 1118 1721 statuisse
1159 1672 1475 1737 impedimenta
1514 1689 1606 1720 ma—

141 1748 394 1797 trimonium
419 1749 694 1806 dirimentia;
726 1750 925 1815 adeoque
948 1749 1025 1796 illa
1043 1749 1280 1813 supposita
1315 1748 1607 1796 consensione

142 1824 377 1872 concilium
410 1825 698 1872 tridentinum
732 1825 989 1873 definivisse
1013 1825 1059 1871 in
1085 1824 1338 1872 memoratis
1363 1824 1606 1872 canonibus

142 1900 374 1949 ecclesiam
391 1904 583 1966 potuisse
607 1919 659 1949 ac
676 1919 800 1966 posse
818 1901 895 1949 illa
918 1901 1200 1949 constituere.
1223 1901 1303 1947 vix
1320 1900 1441 1964 legas
1459 1911 1607 1950 aucto-

142 1994 233 2024 rem
251 1977 445 2042 aliquem
464 1978 709 2042 superioris
727 1977 866 2025 seculi
886 1995 938 2025 ex
962 1978 1017 2024 iis
1031 2016 1041 2034 ,
1064 1979 1140 2043 qui
1160 1977 1406 2042 principum
1427 1994 1607 2024 causam

143 2051 227 2101 hac
249 2052 295 2100 in
314 2071 362 2100 re
379 2064 671 2119 susceperunt
698 2054 1059 2118 patrocinandam
1084 2054 1131 2100 in
1154 2071 1242 2119 quo
1265 2071 1361 2100 eam
1386 2052 1604 2118 phrasim,

142 2145 221 2176 seu
254 2129 486 2177 formulam
522 2148 609 2178 non
642 2130 844 2178 offendas
879 2129 929 2176 de
963 2120 1165 2193 expressa
1192 2130 1259 2176 vel
1286 2130 1419 2176 tacita
1446 2130 1609 2194 princi-

236 2266 323 2306 (100)
342 2265 501 2306 Appositn,
508 2266 715 2298 Guillielmus
729 2265 902 2298 Durandus
916 2266 1022 2298 iunior
1035 2266 1203 2307 episcopus
1214 2265 1414 2297 mimatensis
1425 2266 1457 2296 in
1471 2266 1609 2297 tractatu

142 2318 190 2349 De
211 2317 311 2350 modo
338 2318 508 2359 qeneralz's
532 2319 671 2351 concilii
684 2316 883 2351 celebrandi
898 2319 986 2351 iussu
1000 2317 1174 2351 Clementis
1187 2319 1227 2350 V.
1242 2317 1329 2350 edito
1342 2317 1382 2350 de
1396 2317 1609 2359 potestatibus

142 2370 341 2404 secularibus
356 2380 453 2412 agens
465 2374 547 2413 part.
560 2374 601 2404 11.
618 2372 668 2404 tit.
683 2375 734 2405 70.
750 2372 878 2404 scribit:
897 2385 911 2400 «
920 2371 1017 2409 Quasi
1031 2379 1087 2412 per
1100 2371 1275 2413 quamdam
1289 2371 1484 2403 alluvionem
1500 2371 1610 2403 frusta-

142 2424 203 2455 tim
218 2424 349 2456 Domini
370 2426 562 2466 temporales
584 2425 624 2457 ad
639 2434 672 2457 se
687 2424 796 2457 omnia
810 2425 954 2457 trahunt.
968 2427 1007 2460 Et
1019 2425 1103 2458 sicut
1118 2425 1280 2457 frustatim
1303 2425 1400 2466 lupus
1419 2433 1536 2464 agnum
1555 2432 1608 2455 co-

143 2475 262 2518 medit,
280 2477 325 2510 ita
340 2479 372 2510 et
388 2486 446 2519 per
458 2479 546 2520 ipsos
561 2477 740 2510 iurisdictio
758 2477 973 2518 ecclesiastica
987 2477 1150 2510 frustatim
1165 2476 1406 2519 quodammodo
1415 2476 1608 2517 devoratur;

142 2529 306 2570 quidquid
318 2530 358 2562 ad
373 2531 623 2563 ecclesiasticam
635 2530 889 2563 iurisdictionem
898 2555 908 2572 ‚
923 2531 1088 2572 potissime
1103 2530 1191 2572 quod
1202 2529 1242 2562 ad
1258 2515 1447 2571 temporalia
1458 2529 1609 2570 pertinet,

142 2582 205 2614 sibi
224 2584 406 2624 competere
423 2585 583 2624 putantes.
601 2586 642 2615 Et
658 2583 752 2625 pauci
767 2585 949 2617 sunteasus
966 2583 1007 2616 ad
1023 2584 1192 2616 ecclesiam
1215 2583 1409 2625 pertinentes
1420 2608 1430 2623 ‚
1444 2582 1476 2614 in
1491 2582 1611 2623 quibus

143 2634 264 2668 directe
291 2633 357 2668 vel¹
374 2635 529 2669 indirecte
550 2645 606 2677 per
626 2645 681 2669 eos
704 2635 915 2670 ecclesiastica
942 2636 1123 2669 iurisdictio
1154 2645 1219 2668 non
1243 2636 1388 2668 turbetur
1416 2636 1449 2667 in
1475 2635 1612 2668 diversis

142 2687 255 2720 mundi
281 2688 444 2730 partibus,
462 2698 522 2722 nec
536 2689 602 2722 iam
617 2690 792 2722 constituta
814 2689 954 2723 remedia
973 2689 1127 2731 proficere
1148 2690 1302 2731 possunt,
1319 2689 1403 2722 sicut
1415 2688 1611 2730 experientia

142 2740 268 2773 docet.»
280 2743 357 2774 Post
377 2742 473 2781 haec,
497 2743 629 2784 longum
648 2743 784 2775 attexuit
807 2744 988 2783 catalogum
1011 2751 1144 2775 casuum
1158 2744 1191 2774 in
1206 2742 1325 2783 quibus
1349 2742 1508 2774 seculares
1523 2743 1610 2783 pote-

142 2793 241 2826 states
252 2793 318 2826 iam
332 2795 436 2827 aetate
449 2803 508 2827 sua
523 2795 593 2828 iura
607 2795 821 2827 ecclesiastica
836 2794 897 2827 sibi
911 2794 1266 2828 adscribebantvenet.
1282 2798 1368 2827 1661.
1383 2794 1447 2826 vol.
1462 2802 1515 2825 un.
1529 2793 1607 2825 in-s.

144 2854 215 2887 pag.
236 2851 293 2880 158
311 2855 402 2888 seqq.
