1980 3260
352 208 440 254 114
666 218 743 250 Lm.
773 218 817 248 11.
847 215 959 247 sacr.
990 217 1017 246 1.
1048 215 1098 245 1>ss
1134 212 1296 245 rorsssr.
1328 214 1491 246 rectas.

349 300 494 346 culum
525 296 706 343 definire
728 333 738 350 ,
767 304 908 358 potest
941 293 985 338 id
1015 293 1250 356 episcopus
1275 291 1320 336 in
1345 308 1426 337 sua
1459 292 1650 339 dioecesi
1673 330 1684 348 ‚
1711 293 1797 339 nisi

349 372 595 438 specialiter
627 387 740 434 papa
774 369 880 415 illud
914 368 998 415 sibi
1036 365 1353 422 reservaverit,
1381 385 1403 411 »
1441 366 1664 414 inferunt:
1697 385 1802 431 ergo

349 447 544 511 episcopi
581 446 711 492 etiam
746 461 942 492 seorsum
987 442 1149 507 sumpti
1186 452 1374 507 possunt
1411 442 1456 488 in
1496 459 1579 490 sua
1611 442 1802 508 quisque

347 520 537 568 dioecesi
567 521 671 567 dare
700 519 1008 566 relaxationem
1025 556 1034 573 ,
1073 528 1203 581 prout
1226 534 1323 563 eam
1353 516 1535 581 praebet
1558 533 1668 565 rom.
1692 534 1803 581 pon-

349 596 451 642 tifex
485 597 529 641 in
553 595 757 642 universa
781 593 966 640 ecclesia
988 630 997 648 ,
1036 609 1136 638 cum
1170 609 1256 639 non
1291 602 1461 638 constet
1493 608 1591 638 eam
1616 592 1802 640 faculta-

348 682 432 717 tem
461 687 655 717 summos
691 668 921 733 pontifices
954 667 1039 715 sibi
1063 684 1314 715 reservasse
1336 705 1345 724 ‚
1384 677 1460 714 aut
1482 667 1548 715 eis
1572 667 1629 714 ab
1652 667 1801 732 aliquo

347 744 625 791 oecumenico
658 743 842 791 concilio
878 753 1140 790 reservatam
1170 741 1310 789 fuisse
1340 744 1455 804 (61).

441 821 597 866 Verum
637 819 853 866 eiusmodi
887 818 1151 882 principium
1188 818 1258 865 sin
1301 818 1448 865 minus
1489 818 1676 875 falsum,
1716 818 1805 866 sal-

348 907 431 943 tem
477 894 823 960 aequivocationi
867 894 1097 949 innititur;
1141 893 1261 940 aliud
1300 894 1417 940 enim
1459 904 1528 940 est
1570 893 1802 959 episcopos

347 987 480 1034 posse
508 971 651 1018 facere
685 970 730 1015 in
766 986 847 1016 sua
876 968 1068 1016 dioecesi
1098 986 1213 1032 quae
1246 985 1356 1015 rom.
1391 968 1584 1032 pontifex
1619 969 1664 1015 in
1702 969 1804 1016 uni-

346 1063 475 1092 versa
505 1045 693 1092 ecclesia
726 1044 872 1109 (quod
897 1043 951 1090 de
976 1043 1199 1091 nonnullis
1225 1043 1357 1090 rebus
1375 1054 1491 1090 certe
1513 1061 1664 1091 verum
1687 1047 1798 1106 est),

347 1119 469 1166 aliud
503 1121 735 1184 episcopos
759 1136 892 1183 posse
916 1119 1087 1165 irritare
1111 1118 1155 1164 in
1182 1136 1265 1165 sua
1287 1118 1478 1165 dioecesi
1498 1155 1508 1172 ,
1546 1135 1661 1182 quae
1689 1135 1798 1165 rom.

347 1195 540 1258 pontifex
563 1212 642 1259 pro
665 1205 752 1242 tota
780 1194 968 1241 ecclesia
995 1193 1111 1240 fecit.
1147 1193 1320 1240 Etenim
1355 1193 1439 1240 hoc
1472 1192 1655 1257 perinde
1688 1204 1806 1241 esset

346 1287 398 1317 ac
432 1270 646 1317 affirmare
671 1287 802 1333 posse
826 1269 1075 1316 inferiorem
1102 1268 1345 1332 superioris
1378 1268 1520 1332 legem
1548 1268 1635 1315 sibi
1667 1267 1807 1316 subii—

344 1362 443 1392 cere
480 1362 665 1409 eamque
703 1344 914 1407 abrogare
931 1382 940 1399 ‚
978 1361 1029 1390 ac
1081 1343 1277 1391 relaxare
1294 1382 1303 1400 ,
1354 1355 1399 1391 et
1431 1343 1628 1392 membra
1669 1345 1800 1410 capiti

344 1437 534 1483 aequare
566 1430 699 1482 atque
730 1419 861 1465 etiam
894 1418 1113 1465 anteferre
1142 1436 1243 1466 cum
1278 1419 1470 1466 evidenti
1505 1420 1636 1468 totius
1671 1418 1805 1467 eccle-

343 1495 550 1541 siasticae
581 1493 854 1541 hierarchiae
885 1493 1036 1540 divina
1066 1494 1344 1543 ordinatione
1383 1496 1648 1543 constitutae
1680 1512 1804 1543 ever-

342 1570 485 1617 sione.
533 1570 597 1617 Eo
639 1568 707 1615 vel
749 1569 889 1632 magis
916 1607 926 1624 ,
973 1569 1091 1633 quod
1114 1607 1124 1625 ,
1172 1580 1222 1616 ut
1258 1570 1567 1618 animadvertit
1604 1570 1805 1635 apposite

346 1646 601 1707 Fagnanus‚
642 1661 737 1691 mos
778 1644 835 1692 sit
869 1662 1084 1692 canonum
1117 1656 1161 1692 et
1193 1646 1476 1693 conciliorum
1513 1646 1602 1694 fere
1639 1646 1804 1711 ubique

341 1719 602 1784 simpliciter
632 1720 886 1785 praecipere
926 1731 1001 1767 aut
1039 1720 1273 1785 prohibere
1307 1722 1415 1786 quid
1451 1721 1701 1769 faciendum
1735 1720 1803 1768 vel

344 1813 431 1843 non
455 1795 702 1842 faciendum
720 1833 729 1851 ‚
757 1795 867 1859 quin
896 1795 952 1842 ad
986 1795 1329 1859 prohibitionem
1356 1796 1703 1861 dispensationis
1733 1796 1806 1843 de-

342 1872 571 1918 scendant.
596 1871 897 1935 Quapropter,
931 1871 970 1918 si
995 1871 1218 1935 episcopis
1242 1871 1395 1919 liceret
1416 1873 1678 1937 dispensare
1700 1888 1806 1936 quo-

347 1947 619 2010 tiescumque
641 1947 913 2011 dispensatio
938 1964 1025 1994 non
1050 1946 1306 2011 prohibetur
1324 1985 1334 2003 ‚
1363 1948 1408 1994 in
1431 1965 1581 1995 eorum
1606 1947 1716 1995 foret
1739 1947 1804 1993 fa—

343 2021 507 2068 cultate
540 2022 610 2069 ius
650 2040 883 2070 commune
916 2023 1197 2079 universum,
1233 2041 1286 2070 ac
1317 2023 1585 2071 universalia
1618 2022 1805 2070 concilia

346 2098 600 2145 subvertere
632 2100 676 2145 in
709 2100 895 2163 singulis
927 2100 1107 2148 casibus
1142 2100 1445 2165 dispensando
1468 2137 1478 2155 ,
1521 2098 1641 2164 quod
1674 2098 1805 2146 abso—

347 2191 452 2220 num
475 2191 527 2220 ac
549 2191 776 2222 erroneum
810 2186 878 2222 est
905 2178 1022 2238 (62).

442 2249 618 2296 Falsum
643 2262 866 2314 praeterea
900 2252 1246 2316 deprehenditur
1274 2251 1491 2298 eiusmodi
1516 2251 1799 2316 principium,

347 2323 466 2387 quod
496 2342 522 2371 a
545 2325 639 2372 iure
662 2326 817 2372 iterum
851 2326 1095 2391 iterumque
1124 2327 1254 2374 fuerit
1287 2326 1581 2392 reprobatum.
1621 2325 1800 2374 Omissa

346 2400 462 2445 enim
495 2400 705 2447 decretali
746 2402 985 2449 Innocentii
1022 2404 1099 2448 ΙΙΙ..
1142 2403 1225 2450 hac
1259 2402 1314 2450 de
1348 2420 1395 2449 re
1427 2402 1561 2458 data,
1600 2402 1709 2449 satis
1747 2402 1802 2449 de

435 2544 501 2585 (61)
523 2544 647 2577 collat.
661 2544 829 2586 andeqav.
850 2545 961 2586 doqm.
982 2548 1016 2578 et
1031 2547 1152 2579 moral.
1165 2548 1286 2580 Lconf.
1300 2545 1505 2588 Dispens.de
1518 2548 1622 2578 matr.
1635 2547 1799 2587 2.3quaest.

348 2604 417 2636 pag.
442 2601 500 2629 51⁰
535 2606 626 2638 seqq.
651 2597 775 2630 collat.
802 2599 904 2630 Paris
925 2600 1004 2630 tom.
1027 2601 1085 2631 111.
1105 2600 1161 2632 lib.
1180 2602 1219 2632 V.
1237 2601 1321 2632 conf.
1346 2604 1373 2632 1.
1393 2599 1424 2640 §.
1443 2607 1471 2631 1.
1491 2608 1563 2639 pag.
1581 2604 1652 2631 322.
1675 2598 1801 2631 collat.

346 2649 498 2681 ambian.
516 2649 557 2682 de
574 2650 676 2683 theol.
691 2650 816 2682 moral.
834 2649 890 2682 nb.
908 2652 933 2682 1.
954 2660 986 2691 p.
1007 2657 1061 2684 391
1094 2661 1183 2693 seqq.
1202 2661 1232 2685 n.
1251 2656 1321 2685 782.
1335 2654 1459 2693 praeter
1473 2653 1620 2683 auctores
1633 2651 1673 2682 ab
1689 2651 1802 2683 iisdem

346 2703 624 2734 commemoratos

436 2754 501 2793 (62)
522 2755 634 2794 Prosp.
655 2754 795 2795 Fagnani
809 2755 992 2787 Commeat.
1012 2756 1046 2786 in
1067 2755 1125 2788 lib.
1142 2755 1307 2789 decretal.
1327 2757 1359 2788 in
1380 2764 1450 2796 cap.
1472 2757 1618 2788 Nonnisi
1632 2763 1665 2786 n.
1687 2757 1737 2787 44.
1754 2757 1803 2786 De

340 2804 430 2842 filiis
448 2805 737 2846 presbyterorum,
