1980 3260
294 241 385 273 mr.
404 242 461 273 vt.
478 242 528 273 DE
548 243 671 275 MATR.
690 243 866 274 mnam.
885 243 967 274 INT.
987 242 1033 274 SE
1051 243 1128 273 VEL
1147 242 1230 274 CUM
1245 242 1364 274 cATn.
1383 242 1474 273 ΛΒΤ.
1492 242 1531 271 V.
1599 227 1686 272 293

231 320 422 383 nuptiis.
445 358 452 365 .
477 358 484 365 .
508 320 836 384 ‚obligaverint
867 320 1144 385 Quamquam
1171 321 1288 367 enim
1313 319 1389 367 illa
1413 318 1690 366 familiaritas

229 411 330 441 esse
363 395 505 459 possit
539 396 636 443 sine
669 397 864 459 flagitio,
901 396 1056 459 flagitii
1091 406 1206 442 certe
1240 395 1434 459 periculo
1469 412 1519 442 ac
1544 395 1692 459 suspi-

232 469 357 517 cione
391 488 478 517 non
512 487 683 518 vacare.
725 471 967 535 Utrumque
1002 480 1146 518 autem
1176 470 1324 534 probis
1349 480 1390 517 et
1412 470 1525 516 bene
1548 487 1689 517 mora-

231 546 288 593 tis
321 546 688 594 christifidelibus
724 547 966 594 cavendum
1000 547 1203 596 est....1d
1233 546 1388 594 saltem
1419 564 1498 610 pro
1521 546 1691 593 viribus

230 621 441 684 satagite,
478 637 534 668 ne
568 632 804 687 postquam
840 622 1110 687 reipublicae
1142 640 1307 670 morem
1341 622 1405 668 illi
1440 621 1688 685 gesserint,

231 712 318 743 non
353 695 431 742 diu
464 695 672 743 differant
703 697 916 744 ecclesiae
950 697 1122 760 legibus
1163 714 1338 761 parere,
1383 708 1426 743 et
1464 696 1692 759 coniugale

228 769 465 818 foedus...
507 771 589 817 rite
613 781 657 818 et
678 782 829 819 sancte
853 773 966 819 inire
988 774 1170 834 (200).»
1198 773 1384 818 Demum
1408 773 1447 818 si
1470 772 1559 819 duo
1584 772 1695 819 inter

228 862 278 893 se
310 845 460 893 ineant
492 846 696 910 nuptias,
736 864 923 910 quorum
957 847 1066 894 alter
1099 848 1145 893 in
1179 847 1275 894 loco
1297 857 1494 894 versetur
1516 847 1591 894 ubi
1618 866 1694 912 pu-⁴

228 921 438 970 blicatum
462 933 530 969 est
552 922 776 969 decretum
802 922 1111 978 tridentinum,
1140 922 1249 969 alter
1270 939 1373 969 vero
1396 920 1473 968 ubi
1498 940 1585 969 non
1611 922 1694 968 suit

230 998 575 1064 promulgatum,
614 999 654 1045 si
688 998 1016 1045 matrimonium
1051 997 1294 1045 celebretur
1315 997 1391 1044 ubi
1423 997 1691 1061 publicatum

228 1092 279 1122 ac
313 1086 531 1139 receptum
566 1085 657 1131 est,
695 1074 947 1137 coniugium
973 1074 1059 1120 nisi
1085 1090 1231 1120 coram
1256 1073 1448 1138 parocho
1472 1073 1692 1120 catholico

228 1149 326 1207 fiat,
362 1160 431 1197 est
463 1149 633 1197 nullum
666 1150 839 1197 defectu
871 1149 1267 1205 clandestinitatis3
1307 1149 1475 1197 sivero
1498 1148 1691 1196 celebre—

228 1237 296 1274 tur
328 1226 404 1274 ubi
440 1243 526 1274 non
561 1226 644 1273 fuit
676 1226 949 1291 publicatum
983 1237 1059 1272 aut
1099 1243 1340 1290 numquam
1381 1236 1456 1272 aut
1495 1243 1522 1272 a
1562 1226 1690 1288 longo

228 1302 439 1366 temporis
474 1300 703 1349 intervallo
729 1318 814 1348 non
845 1301 927 1347 suit
960 1310 1178 1347 servatum
1199 1338 1208 1356 ,
1237 1300 1339 1347 licet
1361 1300 1568 1347 alteruter
1591 1318 1696 1348 con—

229 1377 498 1424 trahentium
542 1387 710 1441 spectet
747 1377 803 1423 ad
838 1376 1077 1423 dioecesim
1113 1375 1179 1423 vel
1222 1376 1471 1440 paroeciam
1518 1377 1562 1422 in
1607 1395 1695 1441 qua

227 1452 395 1500 obtinet
416 1451 639 1499 decretum
664 1451 971 1508 tridentinum,
999 1451 1325 1498 matrimonium
1351 1456 1495 1498 tamen
1526 1462 1593 1498 est
1616 1469 1693 1498 va-

226 1528 391 1584 lidum;
430 1527 565 1592 idque
593 1527 763 1591 duplici
798 1527 853 1573 de
887 1544 1048 1583 causa,
1089 1537 1180 1574 tum
1215 1544 1372 1590 nempe
1406 1527 1511 1590 quia
1546 1528 1695 1574 matri-

230 1604 425 1651 monium
458 1614 526 1651 est
557 1603 835 1650 individuum
855 1641 864 1659 ‚
894 1613 984 1650 tum
1010 1603 1117 1667 quia
1144 1602 1344 1667 sequitur
1367 1603 1508 1650 forum
1537 1603 1582 1648 in
1607 1621 1695 1667 quo

226 1678 472 1727 celebratur
505 1679 625 1725 iuxta
659 1679 864 1743 superius
898 1679 1032 1726 dicta.
1448 1674 1450 1677 ’

323 1754 482 1801 Verum
512 1754 568 1802 de
595 1754 666 1801 his
693 1754 923 1802 hactenus.
953 1754 1019 1801 Ad
1050 1755 1245 1819 reliquas
1270 1755 1387 1801 enim
1412 1755 1696 1818 quaestiones

230 1830 349 1896 quod
383 1831 564 1886 attinet,
603 1829 773 1878 consuli
809 1830 970 1877 debent
1006 1830 1254 1893 theologiae
1295 1830 1475 1878 moralis
1510 1841 1553 1878 et
1586 1831 1695 1878 iuris

230 1906 520 1955 ecclesiastici
552 1906 827 1954 institutores
861 1924 911 1954 ac
946 1907 1220 1970 interpretes.

775 2061 990 2098 CAPUT
1020 2062 1138 2097 vu.

406 2185 456 2215 DE
474 2184 693 2216 ECCLESIAE
711 2184 939 2216 POTESTATE
958 2184 1000 2215 IN
1020 2183 1275 2215 MATRlMONlA
1297 2183 1536 2215 lNFlDELlUM

635 2260 718 2291 CUM
747 2259 957 2291 FIDELIBUS
992 2260 1070 2291 VEL
1105 2259 1226 2291 INTER
1261 2259 1322 2290 SE.

803 2378 1076 2414 ARTlCULUS
1100 2379 1131 2414 1.

359 2481 541 2528 Quaestio
573 2480 830 2529 praemittitur
858 2479 1072 2529 theologica
1099 2479 1146 2517 de
1177 2484 1313 2517 natura
1344 2479 1580 2517 Matrimonii

493 2547 581 2581 ante
600 2547 637 2581 et
654 2548 741 2592 post
758 2542 971 2582 infidelium
1003 2544 1207 2593 coniugum
1235 2543 1439 2592 baptisma.

333 2662 479 2710 Mirari
516 2663 624 2710 forte
658 2664 759 2728 quis
790 2675 939 2728 posset
963 2682 1043 2712 nos
1071 2663 1126 2711 de
1150 2663 1429 2711 matrimonio
1454 2660 1699 2708 infidelium

237 2738 481 2795 disserere,
510 2738 587 2803 qui
611 2738 665 2785 de
693 2739 970 2787 matrimonio
997 2739 1239 2787 christiano
1272 2755 1400 2802 agere
1425 2737 1694 2801 profitemur.

336 2837 421 2878 (200)
444 2842 494 2870 20.
507 2837 598 2870 Febr.
618 2842 707 2870 1801.
