1980 3260
383 230 441 275 64
694 238 774 271 un.
803 238 848 270 n.
876 236 988 270 sacr.
1019 237 1049 267 1.
1077 236 1128 266 nn
1154 233 1318 266 rornsr.
1341 234 1505 267 accras.

378 313 568 369 christus
602 327 689 372 est,
728 327 771 363 et
802 315 986 363 violator
1018 323 1197 360 naturae
1220 322 1264 358 et
1288 329 1388 359 reus
1412 312 1560 359 laesae
1582 315 1826 363 maiestatis

377 397 549 444 divinae
577 386 724 456 (78).»
737 392 923 439 Demum
944 389 1118 452 singula
1135 388 1449 454 impedimenta
1465 404 1725 453 percurrens
1739 429 1750 447 ,
1773 391 1829 438 de

378 471 688 537 impedimento
711 468 992 532 impotentiae
1015 466 1075 512 ita
1099 465 1273 512 subdit:
1301 463 1458 519 «Quod
1484 464 1522 511 si
1539 474 1693 527 urgeat
1708 457 1830 514 amor

376 546 613 594 iuventutis
629 583 638 601 ,
660 554 702 592 et
725 543 904 608 quaevis
930 542 1017 590 alia
1039 541 1281 588 necessitas
1305 550 1483 605 propter
1507 557 1641 605 quam
1664 540 1830 605 dispen-

376 632 445 669 sat
467 622 617 685 Papa,
645 620 873 683 dispenset
904 619 1033 665 etiam
1058 617 1244 682 quilibet
1275 617 1409 664 frater
1437 634 1536 663 cum
1569 616 1724 674 fratre,
1757 628 1830 665 aut

377 698 474 762 ipse
496 710 595 743 cum
618 695 790 760 seipso,
825 704 951 759 rapta
982 711 1060 758 per
1082 693 1166 740 hoc
1193 693 1427 740 consilium
1459 710 1594 740 uxore
1617 693 1673 739 de
1695 710 1829 741 manu

375 770 699 836 tyrannicarum
731 770 876 833 legum
908 778 1144 833 utcumque
1178 769 1415 833 poterit....
1439 778 1515 815 aut
1538 768 1576 815 si
1601 786 1679 832 pro
1705 786 1831 833 pecu-

379 847 454 894 nia
476 847 602 911 Papa
625 847 878 910 dispensat,
908 863 985 893 cur
1007 863 1095 893 non
1129 845 1226 909 ipse
1259 862 1339 908 pro
1371 861 1495 891 meae
1528 844 1683 891 salutis
1716 862 1829 892 com-

374 922 582 970 moditate
616 940 785 970 mecum
819 932 894 969 aut
927 939 1026 969 cum
1060 921 1192 968 fratre
1225 919 1509 985 dispensem?
1531 921 1694 967 Statuit
1718 921 1827 984 leqes

378 999 539 1063 Papa?
561 998 653 1045 Sibi
688 1007 870 1054 statuat,
908 1014 1006 1043 mea
1040 997 1163 1044 salva
1195 995 1415 1051 libertate,
1443 995 1511 1042 vel
1545 995 1714 1043 occulte
1736 1013 1829 1043 sur-

376 1084 500 1139 repta
523 1076 670 1137 (79).»
691 1075 793 1120 Post
816 1073 926 1119 haec
950 1072 1143 1136 profecto
1167 1070 1315 1117 nullus
1334 1070 1594 1134 relinquitur
1621 1066 1830 1133 tergiver-

375 1150 506 1198 sandi
529 1150 652 1198 locus
676 1149 731 1196 de
754 1166 805 1196 eo
830 1149 947 1214 quod
978 1148 1063 1195 sibi
1094 1147 1286 1194 furiosus
1319 1146 1391 1193 hic
1419 1145 1667 1192 haereticus
1701 1162 1830 1209 prae-

377 1226 590 1282 stituerit,
634 1226 743 1272 dum.
780 1224 1002 1272 invehitur
1045 1223 1090 1269 in
1137 1222 1244 1286 leqes
1286 1222 1512 1268 hominum.
1560 1221 1655 1268 Non
1699 1221 1829 1269 modo

375 1302 491 1349 enim
509 1311 758 1349 constanter
773 1301 828 1347 de
844 1318 980 1365 papa,
1001 1298 1056 1345 de
1073 1298 1309 1363 pontificiis
1326 1296 1514 1359 legibus,
1531 1296 1587 1344 de
1604 1292 1828 1362 episcopis

377 1376 594 1442 loquitur;
641 1376 718 1423 sed
761 1376 818 1422 de
861 1375 986 1421 laicis
1026 1391 1105 1421 seu
1145 1373 1419 1421 secularibus
1458 1372 1732 1438 principibus
1772 1391 1828 1421 ne

376 1451 558 1499 verbum
581 1451 760 1516 quidem
784 1450 942 1507 habet,
971 1449 1168 1514 adeoque
1186 1467 1265 1514 per
1289 1449 1396 1512 leqes
1415 1449 1628 1494 hominum
1645 1465 1731 1496 non
1749 1466 1829 1513 po-

376 1528 458 1575 tuit
490 1527 610 1591 leges
643 1526 890 1592 principum
924 1525 1197 1589 significare,
1226 1542 1369 1589 neque
1401 1524 1491 1572 ullo
1525 1524 1656 1572 modo
1689 1525 1829 1589 signi-

377 1604 509 1650 ficare
541 1602 743 1650 intendit.
1823 1615 1826 1618 ·

470 1680 514 1725 2.
554 1679 646 1726 Hoc
673 1679 818 1744 ipsum
842 1679 1032 1726 efficitur
1053 1696 1106 1725 ex
1129 1678 1281 1726 eodem
1305 1678 1492 1725 Luthero
1522 1677 1826 1743 suimetipsius

373 1755 619 1820 interprete.
649 1755 756 1802 Cum
781 1755 898 1802 enim
922 1755 1177 1802 collectores
1202 1754 1486 1802 articulorum
1507 1753 1586 1819 qui
1603 1753 1826 1818 desumpti

375 1840 476 1878 sunt
491 1848 542 1877 ex
559 1831 655 1878 eius
672 1831 783 1878 libro
796 1832 857 1877 De
871 1832 1116 1895 captivitate
1133 1831 1385 1895 babylonica
1399 1831 1513 1877 inter
1521 1835 1690 1877 ceteros
1707 1829 1827 1877 hunc

376 1916 622 1954 notassent:
650 1907 952 1955 «Christianis
976 1907 1087 1953 nihil
1110 1907 1201 1954 ullo
1224 1907 1318 1954 iure
1341 1924 1472 1972 posse
1490 1906 1657 1970 imponi
1680 1905 1826 1969 legum

379 1981 473 2029 sive
501 1981 556 2028 ab
582 1982 759 2029 homine
788 1983 880 2030 sive
911 1983 968 2030 ab
1000 1982 1195 2046 angelis,
1230 1982 1318 2030 nisi
1359 1992 1569 2047 quantum
1600 1978 1774 2037 volunt,
1799 2000 1822 2026 »

376 2057 506 2122 Resp.
533 2077 555 2100 «
572 2058 663 2104 Hoc
698 2076 784 2106 non
818 2058 874 2106 de
907 2057 1110 2106 civilibus
1141 2058 1330 2121 legibus,
1355 2058 1435 2105 sed
1458 2057 1509 2104 de
1531 2057 1827 2104 ecclesiasticis

377 2132 469 2179 dixi
487 2134 581 2195 (80)
595 2172 602 2179 .
614 2134 790 2181 »Sermo
805 2152 908 2182 vero
925 2135 1078 2182 eratin
1097 2132 1174 2182 illo
1190 2134 1373 2182 articulo
1390 2134 1447 2181 de
1466 2132 1734 2180 matrimonii
1751 2132 1830 2179 im-

375 2208 654 2273 pedimentis.
685 2208 899 2265 Rursum,
927 2227 1027 2257 cum
1057 2210 1191 2257 iidem
1227 2209 1480 2257 collectores
1514 2208 1629 2256 inter
1657 2217 1827 2254 ceteras

375 2284 576 2331 eiusdem
609 2284 945 2332 haeresiarchae
975 2287 1136 2351 impias
1171 2286 1492 2352 propositiones
1515 2284 1632 2341 hanc
1658 2283 1831 2330 retulis-

375 2371 493 2408 sent:
519 2359 674 2407 «Nullo
693 2360 1003 2425 impedimento
1021 2362 1242 2425 prohiberi
1260 2360 1600 2415 matrimonium,
1623 2369 1699 2406 aut
1722 2375 1828 2406 con-

375 2445 560 2483 tractum
581 2435 764 2483 dissolvi
783 2475 792 2493 ,
815 2447 1118 2502 praeterquam
1142 2439 1284 2502 primo
1307 2436 1534 2486 affinitatis
1557 2452 1608 2482 ac
1631 2434 1828 2484 secundo

375 2512 794 2576 cousanguineitatis
828 2512 966 2576 gradu
982 2549 992 2567 ,
1022 2531 1164 2578 neque
1190 2525 1345 2574 tamen,
1365 2511 1720 2570 universalitcrp)
1746 2529 1826 2576 pa-

471 2636 537 2677 (72)
558 2636 641 2669 lbid.

469 2690 534 2730 (79)
557 2690 639 2722 lbid.
1391 2719 1394 2722 Δ

466 2742 531 2782 (80)
552 2745 589 2775 ln
608 2753 660 2785 op.
680 2746 860 2786 Responsio
880 2747 1135 2787 extemporarta
1149 2745 1195 2779 ad
1210 2745 1377 2779 articulos
1390 2752 1474 2786 quos
1489 2743 1647 2785 maqistrt
1661 2742 1770 2775 nostri
1781 2749 1826 2774 ex

373 2795 576 2879 pabylonica
593 2797 826 2839 (captivitate)
845 2801 1100 2840 excerpserunt.
1118 2802 1199 2841 opp.
1215 2800 1311 2832 Luth.
1332 2800 1411 2831 tom.
1427 2799 1468 2830 11.
1490 2797 1545 2830 fol.
1561 2799 1631 2829 441.
1651 2797 1755 2837 terqo.
1771 2795 1822 2827 ed.

389 2856 465 2879 enac
482 2851 567 2881 1557.
