1980 3260
359 263 448 308 356
612 272 694 305 Lm.
721 272 768 304 11
797 271 911 304 snc'r.
941 271 1114 303 ALTERA
1142 271 1195 303 ni:
1228 271 1396 311 rornsr
1426 270 1567 304 clv-m.

358 353 527 436 passim
560 360 709 398 exorta
738 367 831 396 non
865 349 1094 406 fuissent,
1117 366 1282 414 neque
1294 358 1368 398 tot
1381 348 1684 407 haberentur
1716 362 1830 417 quot

358 427 723 491 ingemiscentes,
763 425 847 472 hac
879 425 1141 490 praesertim
1175 434 1317 472 aetate
1356 422 1500 471 mala
1519 424 1754 473 sentimus
1763 422 1828 475 ⁵ac

359 504 660 569 deploramus.
1770 502 1778 515 ’

456 579 585 635 Quod
619 578 659 626 si
693 577 847 642 optimi
883 588 1017 642 atque
1039 594 1143 625 vere
1165 574 1640 641 christianiprincipis
1664 592 1828 625 munus

359 666 427 703 est
449 655 663 702 ecclesiae
687 654 977 719 patrocinari,
1006 658 1195 719 eamque
1227 649 1465 702 defendere
1492 647 1725 701 adversus
1722 653 1830 701 eius

361 732 513 780 hostes
548 741 682 796 atque
715 730 903 778 rebelles
939 729 1079 787 filios,
1118 730 1164 776 id
1200 730 1483 795 potissimum
1505 729 1599 778 dici
1621 724 1759 777 debet
1766 729 1831 777 de

360 808 571 855 universa
588 807 868 871 legislatione
890 808 1008 854 circa
1030 805 1285 870 coniugium
1304 822 1357 854 ex
1374 824 1463 872 quo
1482 803 1564 854 rite
1579 806 1651 858 vel
1675 800 1831 871 iniqiie

362 894 616 932 conctracto
645 894 714 932 tot
745 884 863 932 bona
898 893 974 931 aut
1006 883 1169 931 mala
1157 901 1204 929 1n
1228 883 1483 931 societatem
1506 883 1653 974 ipsam
1674 890 1832 982 prove-

361 959 504 1007 niunt.
1756 975 1758 979 ’
1787 971 1807 977 ’”

456 1035 599 1101 Atque
636 1036 720 1084 hoc
753 1046 822 1084 est
853 1036 973 1101 quod
1007 1035 1249 1083 identidem
1282 1035 1517 1083 ecclesiam
1550 1034 1731 1100 impulit
1770 1029 1828 1082 ad

335 1128 490 1177 -opem
525 1112 776 1178 principum
809 1113 1018 1161 virorum
1040 1111 1300 1177 petendam,
1339 1129 1430 1177 qua
1465 1121 1590 1159 sarta
1613 1104 1831 1176 fftectaque

360 1187 516 1235 fierent
538 1198 717 1236 externa
738 1189 872 1236 etiam
894 1190 960 1246 vi,
988 1206 1103 1254 quae
1127 1187 1439 1253 spiritualibus
1462 1186 1717 1253 poenis'1’ab5
1732 1187 1834 1252 ipsa

361 1264 552 1312 ecclesia
585 1265 704 1313 circa
736 1265 945 1328 coniugia
978 1265 1151 1312 fuerant
1184 1264 1375 1322 sancita,
1404 1256 1485 1312 sed
1508 1280 1623 1329 quae
1645 1263 1834 1328 obpet-

361 1340 615 1388 versitatem
650 1341 887 1405 impiorum
921 1338 1192 1405 contemptui
1228 1340 1462 1388 habentur.
1492 1339 1619 1397 Quod
1650 1339 1832 1405 quidem

360 1416 564 1464 catholici
587 1415 812 1482 principes
830 1434 919 1464 non
937 1435 1035 1465 raro
1053 1415 1390 1482 praestiterunt,
1412 1416 1632 1482 atque—sui
1647 1409 1833 1482 prorsus

359 1492 557 1539 muneris
590 1510 691 1540 esse
725 1493 961 1541 duxerunt.
1002 1492 1259 1558 Optandum
1294 1493 1446 1559 itaque
1478 1493 1590 1541 foret
1617 1502 1677 1540 vut
1712 1490 1834 1540 (3114*ῗί-

361 1567 496 1615 stiani
531 1568 760 1633 principes
783 1568 903 1633 leges
927 1568 984 1616 ab
1007 1568 1198 1616 ecclesia
1219 1569 1334 1616 latas
1358 1569 1476 1616 circa
1499 1564 1834 1633 nuptialiat'fiqo-

363 1642 471 1690 dera
504 1661 594 1692 non
629 1644 774 1692 solum
809 1662 986 1710 semper
1019 1644 1391 1710 amplecterentur
1401 1660 1417 1702 ‚'
1453 1645 1532 1693 sed
1567 1642 1705 1695 etiam
1725 1658 1835 1692 ‘sau-

361 1719 501 1767 cirent
517 1758 527 1777 ‚
566 1738 682 1786 quae
721 1721 902 1786 quidem
941 1722 1138 1778 sanctio,
1182 1721 1286 1769 licet
1327 1721 1499 1775 nullum
1540 1716 1834 1769 intrinsecum

362 1795 498 1842 robur
531 1795 667 1844 addat
695 1796 1015 1844 ecclesiasticis
1038 1796 1238 1860 legibus
1267 1791 1427 1844 tamen
1438 1814 1546 1845 non
1544 1811 1726 1862 parum
1732 1813 1835 1845 con-

359 1871 491 1919 ferret
523 1882 572 1919 ut
604 1872 739 1920 etiam
773 1873 805 1919 ii
840 1874 917 1938 qui
953 1873 1230 1939 spirituales
1243 1891 1429 1939 poenas
1445 1891 1534 1922 non
1561 1874 1764 1952 timent,
1773 1874 1834 1921 in

361 1947 507 1995 officio
540 1949 864 1998 contineantur.
1483 1964 1486 1969 ’
1672 1959 1673 1963 ’
1787 1964 1802 1968 “

458 2025 715 2088 Optandum
748 2036 868 2074 esset
901 2028 1129 2091 praeterea
1167 2039 1218 2074 ut
1234 2024 1483 2075 christiani
1512 2023 1747 2093 principes-
1770 2003 1835 2075 ci-

322 2146 325 2148 .
360 2099 472 2147 viles
507 2101 626 2164 leges
660 2102 716 2150 de
749 2103 955 2167 coniugio
977 2101 1412 2160 ita⁴conformarent‚
1440 2099 1489 2151 ut
1521 2119 1699 2169 semper
1712 2103 1831 2156 thar-

335 2207 338 2208 ν
358 2176 534 2223 monice
567 2193 666 2224 cum
700 2179 916 2237 ecclesiae
938 2180 1112 2244 legibus
1137 2179 1462 2228 consentirent·.-
1479 2180 1553 2238 Sic
1575 2180 1708 2228 etaiam
1731 2197 1834 2228 con-

361 2251 527 2299 sultu-m
560 2264 679 2300 esset
701 2255 799 2318 paci
823 2273 876 2303 ac
899 2256 1379 2321 tranquillitati··ipsius
1404 2251 1832 2313 sooieta‘tisez‘Qffuffl

363 2327 486 2375 enim
518 2327 564 2374 in
598 2330 817 2387 materiis,
855 2350 976 2397 quae
1003 2333 1168 2381 mixtae
1202 2333 1425 2398 dicuntur,
1464 2331 1714 2403 cuiusmodi
1747 2332 1835 2380 ista
1876 2365 1880 2368 -

361 2412 430 2450 est
462 2402 519 2450 de
555 2420 646 2467 qua
679 2398 971 2463 disserimus,
1011 2408 1169 2455 ambae
1203 2397 1444 2473 potestates
1467 2401 1834 2456 ecclesiastica-et

362 2478 534 2536 civilis,
571 2496 652 2552 per
666 2480 870 2527 modum
904 2483 1037 2531 unius
1073 2485 1216 2532 amice
1250 2483 1526 2550 conspirant,
1559 2490 1670 2542 non
1690 2482 1833 2558 modo

363 2555 612 2602 animarum
644 2555 807 2614 saluti,
850 2575 1001 2606 verum
1042 2561 1176 2609 etiam
1221 2560 1526 2626 tranquillitati
1560 2546 1739 2611 ordinis
1766 2553 1835 2639 ac

364 2641 672 2699 temporaneae
705 2632 902 2682 felicitati
937 2636 1102 2700 optime
1134 2638 1395 2703 consulitur
1774 2654 1777 2659 ·
