1980 3260
325 236 416 283 280
643 247 725 279 mn.
754 246 801 279 11.
829 246 943 279 sacr.
972 246 1003 277 ι.
1031 245 1084 277 nn
1108 244 1275 277 rornsr.
1304 245 1469 279 scetes.

324 344 458 392 quam
493 324 711 373 foeminae
745 324 829 372 loci
862 324 908 370 in
943 340 1032 388 quo
1065 339 1192 371 conc.
1222 322 1511 370 tridentinum
1548 325 1595 371 in
1627 339 1796 390 puncto

323 399 591 449 matrimonii
625 410 694 447 est
725 399 1050 465 promulgatum
1094 408 1377 446 transeuntes
1411 416 1493 463 per
1524 398 1705 459 locum,
1725 404 1790 450 ›in

323 494 410 542 quo
434 476 601 524 dictum
625 475 862 523 concilium
880 492 968 523 non
986 485 1055 522 est
1072 474 1402 538 promulgatum
1420 475 1658 524 retinentes
1674 477 1792 526 idem

321 552 620 608 domicilium,
657 552 806 599 valide
839 551 1016 616 possint
1038 551 1085 597 in
1108 551 1194 598 isto
1215 550 1312 599 loco
1335 551 1666 599 matrimonium
1696 552 1796 601 siue

320 629 514 695 parocho
550 639 593 676 et
626 628 813 676 testibus
846 626 1146 676 contrahere?
1168 626 1412 675 -Secundo
1433 665 1444 684 ,
1483 627 1594 693 quid
1611 665 1621 685 ,
1661 628 1702 676 si
1739 645 1795 677 eo

318 705 535 770 praedicti
569 704 743 752 incolae
763 714 854 752 tam
878 704 1069 755 masculi
1087 742 1097 761 ,
1125 722 1262 769 quam
1286 703 1506 752 foeminae
1529 704 1624 753 mlo
1646 707 1797 754 animo

319 781 421 829 sine
448 781 646 846 parocho
678 791 723 829 et
755 781 943 829 testibus
975 780 1266 828 contrahendi
1303 798 1354 829 se
1384 781 1681 838 transferant,
1714 781 1798 830 ha·-

316 857 576 906 bitationem
610 875 700 906 non
731 857 1022 906 mutantes?-
1040 857 1210 915 Tertio,
1239 857 1371 922 quid,
1400 858 1440 905 si
1464 858 1600 906 iidem
1623 858 1797 907 incolae

318 944 409 982 tam
437 934 627 982 masculi
643 973 654 992 ‚
691 951 825 999 quam
860 934 1082 982 foeminae
1105 951 1158 982 eo
1181 934 1450 982 transferant
1471 934 1794 983 habitationem

318 1011 398 1059 illo
421 1010 517 1059 solo
540 1011 712 1069 animo,
738 1021 790 1058 ut
811 1010 982 1076 absque
1005 1010 1200 1076 parocho
1223 1020 1267 1057 et
1288 1010 1479 1058 testibus
1501 1009 1797 1059 contrahant?

317 1087 458 1135 Iidem
503 1087 755 1135 cardinales
795 1087 851 1134 ad
891 1087 927 1133 Ι.
956 1097 999 1134 et
1024 1087 1081 1132 ΙΙ.
1111 1102 1201 1133 non
1237 1102 1339 1134 esse
1370 1084 1617 1149 legitimum
1638 1087 1795 1142 ‹matri-

319 1163 520 1212 monium
544 1164 659 1211 inter
683 1164 750 1212 sic
767 1180 817 1211 se
833 1162 1150 1212 transferentes
1172 1179 1226 1209 ac
1248 1171 1531 1210 transeuntes
1553 1179 1655 1210 cum
1679 1158 1796 1210 frau-

315 1240 398 1288 de:
436 1240 494 1288 ad
521 1240 600 1287 111.
626 1257 732 1289 vero
760 1239 998 1287 dubiorum
1028 1237 1311 1294 huiusmodi,
1332 1237 1373 1285 si
1391 1236 1668 1286 domicilium
1689 1234 1795 1287 vere

319 1317 634 1374 transferatur,
670 1315 1001 1363 matrimonium
1024 1331 1128 1362 esse
1147 1313 1346 1362 validum
1360 1351 1372 1372 ,
1399 1312 1724 1380 responderunt
1748 1325 1797 1364 et.

318 1391 595 1440 resolvenmt
617 1392 744 1453 (178)
757 1429 765 1436 .
776 1410 799 1436 »

411 1467 521 1515 Cum
551 1467 609 1515 ad
643 1467 844 1515 eamdem
879 1484 918 1514 s.
947 1484 1155 1531 congreg.
1185 1466 1332 1515 delata
1364 1466 1526 1515 fuisset
1551 1484 1579 1515 a
1605 1464 1793 1532 vicsge-

313 1544 452 1593 nerali
486 1543 886 1609 grationopolitano
919 1543 1122 1608 quaestio
1152 1553 1301 1590 utrum
1332 1542 1531 1591 validum
1553 1553 1674 1592 esset
1694 1561 1794 1592 cen-

313 1622 501 1670 sendum
534 1621 867 1670 matrimonium
901 1638 928 1668 a
959 1620 1135 1668 duobus
1171 1620 1310 1668 Gallis
1343 1620 1530 1668 Londini
1562 1630 1666 1685 post
1703 1631 1793 1669 octo

313 1707 392 1745 aut
414 1697 555 1745 decem
580 1697 755 1744 dierum
778 1697 1170 1745 commorationem
1199 1712 1350 1743 coram
1373 1695 1662 1745 missionario
1684 1714 1794 1762 apo-

313 1774 471 1823 stolico
495 1773 780 1832 celebratam,
802 1791 955 1838 resp.«
971 1790 1056 1820 non
1068 1782 1261 1819 constare
1285 1772 1337 1818 de
1359 1772 1588 1820 validitate
1609 1774 1793 1837 (179).»

410 1850 539 1907 Quod
587 1850 755 1898 dictum
795 1860 864 1898 est
908 1850 965 1897 de
1011 1848 1347 1914 acquirentibus
1392 1848 1667 1897 domicilium
1717 1860 1795 1898 aut

317 1927 448 1992 quasi
488 1927 767 1975 domicilium
807 1926 943 1974 relate
983 1926 1039 1973 ad
1087 1925 1358 1974 matrimonii
1410 1925 1749 1974 celebrationem
1777 1964 1788 1984 ,

314 2003 523 2067 analogia
567 2004 762 2068 quadam
804 2003 895 2050 dici
936 2003 1103 2069 pariter
1145 2002 1279 2050 debet
1317 2001 1373 2049 de
1410 2003 1536 2066 vaqt's
1575 2019 1629 2050 ac
1666 2020 1793 2067 pere-

312 2080 455 2144 qrim's
486 2080 664 2144 nuptias
698 2079 958 2128 ineuntibus
1000 2079 1120 2144 apud
1160 2078 1405 2144 parochum
1437 2079 1495 2125 ad
1527 2096 1662 2144 quem
1694 2097 1791 2144 pcr-

315 2155 489 2212 tinent,
539 2173 595 2203 ne
639 2156 918 2204 clandestina
964 2156 1133 2204 ratione
1176 2155 1277 2203 illas
1322 2155 1487 2202 ineant.
1531 2155 1650 2203 Licet
1686 2172 1792 2204 vero

309 2231 483 2297 passim
516 2231 630 2278 inter
664 2250 713 2279 se
740 2235 964 2298 pereqrini
986 2250 1039 2280 ac
1067 2234 1177 2297 vaqi
1208 2231 1468 2297 permisceri
1497 2231 1693 2290 soleant,
1719 2233 1788 2279 in-

309 2326 420 2373 gens
444 2318 592 2355 tamen
615 2308 846 2356 intercedit
879 2310 1028 2374 reipsa
1052 2310 1167 2357 inter
1189 2320 1404 2374 utrosque
1433 2308 1675 2357 discrimen
1691 2347 1701 2366 ,
1735 2326 1790 2358 ac

310 2385 500 2451 proinde
531 2385 758 2432 diversum
794 2386 850 2433 de
883 2386 974 2434 illis
1009 2387 1225 2434 iudicium
1255 2385 1360 2433 ferri
1399 2385 1546 2433 debet.
1582 2386 1639 2434 Ut
1669 2385 1789 2433 enim

309 2462 421 2511 scite
453 2461 765 2510 animadvertit
796 2463 1062 2511 Benedictus
1095 2464 1206 2510 XIV.
1239 2478 1377 2527 eaque
1413 2461 1592 2527 proprie
1614 2460 1690 2509 ille
1717 2470 1788 2513 est¹

407 2610 494 2652 (178)
514 2610 609 2652 Apud
628 2610 749 2643 Bened.
766 2612 852 2643 XIV.
867 2611 917 2643 ed.
931 2613 1024 2644 Rom.
1044 2615 1133 2644 1750.
1150 2612 1229 2644 tom.
1244 2613 1301 2643 XI.
1318 2609 1438 2643 Instit.
1455 2608 1641 2641 XXXIII.
1657 2616 1690 2648 p.
1707 2611 1780 2640 219.

307 2672 367 2696 nec
393 2672 459 2696 non
488 2666 537 2696 De
559 2672 633 2705 syn.
651 2663 758 2696 dioec.
775 2663 831 2695 lib.
848 2665 936 2695 XIII.
951 2673 1022 2705 cap.
1039 2666 1094 2697 IV.
1111 2674 1144 2696 n.
1163 2669 1211 2697 10.
1224 2665 1306 2697 Item
1326 2662 1361 2694 in
1382 2662 1437 2694 cit.
1452 2661 1515 2693 litt.
1539 2660 1579 2692 ad
1602 2659 1781 2710 Antonium

309 2718 408 2759 episc.
425 2719 592 2759 Goanum,
612 2717 669 2750 ubi
690 2717 787 2750 etiam
806 2716 863 2749 dat
882 2717 1041 2749 rationem
1062 2718 1179 2750 harum
1200 2716 1411 2750 decisionum.

402 2771 454 2804 cf.
470 2772 592 2813 pariter
612 2771 685 2804 Nat.
704 2769 797 2803 Alex.
825 2769 940 2803 Theot.
953 2769 1066 2811 doqm.
1080 2770 1207 2803 moral.
1225 2769 1283 2802 lib.
1300 2769 1344 2800 11.
1358 2769 1410 2800 De
1422 2775 1513 2800 sacr.
1530 2767 1637 2799 matr.
1654 2773 1728 2806 cap.
1746 2769 1778 2798 2.

307 2826 366 2858 art·
384 2829 497 2919 {1¹:735
509 2828 560 2910 gf.
578 2875 744 2910 Thesaur.
763 2874 967 2909 resolution.
982 2875 1062 2908 tom.
1077 2876 1129 2907 cl.
1142 2874 1198 2908 die
1211 2878 1241 2908 3.
1257 2872 1360 2915 April.
1377 2874 1466 2906 1841.
1483 2879 1556 2914 pag.
1573 2873 1630 2905 127
1646 2878 1738 2915 seqq.
