1980 3260
270 258 360 288 cir.
380 258 424 288 ιι.
441 258 491 288 nr.
511 255 624 288 sect.
644 255 804 288 roresr.
821 255 962 287 consr.
980 254 1066 286 mr.
1085 254 1207 286 nnn.
1232 253 1314 286 nm.
1331 255 1422 286 Anr.
1448 256 1477 286 1.
1562 240 1610 285 41

165 335 430 382 moi-avimus
455 373 464 391 ‚
502 334 577 399 qui
613 351 662 380 se
686 351 733 381 se
752 344 929 393 strenue
958 344 1259 397 opposuerunt
1284 333 1500 388 Launoio,
1529 350 1623 397 per-

163 411 337 458 strinxit
371 411 647 458 Petzeckium
682 409 868 457 celebris
904 410 948 455 in
983 408 1270 455 universitate
1303 408 1520 456 catholica
1553 426 1624 455 ar-

163 487 410 550 gentinensi
450 487 560 534 iuris
603 486 802 534 canonici
839 486 1062 550 professor
1104 485 1364 531 Franciscus
1410 485 1621 548 Georgius

162 563 382 610 Dieterich
420 564 548 624 (23);
587 562 853 609 Launoianis
897 571 940 608 et
979 560 1218 624 professori
1256 560 1500 607 taurinensi
1531 561 1620 607 Bon

164 657 263 686 sese
295 638 504 702 opposuit
539 639 691 684 Petrus
724 637 980 691 Deodatus‚
1021 636 1096 700 qui
1131 653 1322 683 canones
1357 635 1620 682 tridentinos

163 725 338 761 strenue
372 712 568 759 defendit
590 714 685 773 (24)
709 731 718 767 ;
742 714 808 758 sic
835 711 1049 757 adversus
1080 711 1410 775 neapolitanum
1447 711 1617 757 Petrum

162 789 388 835 Giannone
410 825 419 843 ‚
461 787 537 851 qui
575 797 767 834 sectatus
804 797 870 833 est
905 786 1086 832 Launoii
1126 786 1340 833 theoriam
1375 797 1418 832 et
1449 804 1618 833 errores

161 863 380 928 praeclare
405 862 584 926 scripsit
613 863 660 908 P.
687 863 747 909 Io.
773 861 873 908 Ant.
902 861 1084 908 Bianchi
1116 861 1309 908 lucensis
1334 863 1427 923 (25)
1449 899 1457 916 ‚
1487 872 1618 926 atque

159 938 259 986 aliis
283 938 462 986 omissis
480 976 490 994 ,
522 938 803 1002 praecipuam
834 937 1008 984 laudem
1035 936 1119 984 sibi
1144 937 1416 1000 comparavit
1440 938 1483 982 in
1520 955 1619 1000 pro-

158 1015 396 1080 pugnanda
429 1014 646 1062 catholica
685 1014 885 1061 doctrina
923 1013 979 1060 cl.
1025 1013 1147 1060 card.
1195 1013 1414 1059 Gerdilius
1451 1023 1541 1059 tum
1575 1014 1618 1058 in

158 1090 415 1138 defensione
447 1089 770 1137 constitutionis
803 1089 1077 1152 dogmaticae
1109 1089 1329 1135 Auctorem
1357 1088 1480 1153 fidei,
1526 1099 1617 1135 tum

160 1166 416 1230 praesertim
441 1166 486 1212 in
515 1166 719 1230 apposito
744 1176 928 1212 tractatu
952 1165 1007 1212 de
1032 1165 1335 1219 matrimonio,
1365 1183 1452 1229 quo
1477 1165 1618 1212 solide

158 1252 200 1288 et
227 1242 352 1289 docte
368 1280 377 1295 ‚
416 1252 544 1306 prout
567 1241 677 1289 solet
698 1279 707 1297 ,
735 1258 887 1288 omnes
912 1241 1143 1304 potestatis
1169 1240 1495 1288 ecclesiasticae
1518 1258 1619 1288 oso-

159 1335 228 1366 res
246 1356 257 1374 ,
296 1318 468 1365 initium
497 1335 675 1365 sumens
703 1317 759 1364 ab
782 1317 977 1364 omnium
1005 1316 1194 1364 ducibus
1223 1318 1279 1363 M.
1314 1317 1365 1363 A.
1395 1317 1450 1364 de
1468 1317 1618 1364 Domi-

157 1395 226 1441 nis
259 1406 302 1442 et
331 1395 523 1442 Launoio
547 1433 556 1450 ‚
595 1394 798 1441 refutavit
832 1405 963 1458 atque
996 1393 1158 1441 devicit
1206 1395 1321 1455 (26).
1367 1394 1617 1441 Novissime

156 1471 378 1534 egregium
411 1489 462 1518 ac
496 1471 715 1518 eruditum
745 1487 858 1534 opus
895 1470 950 1517 de
984 1470 1068 1517 hoc
1102 1470 1200 1534 ipso
1230 1480 1488 1533 argumento
1519 1471 1617 1517 vul-

155 1547 274 1610 gavit
299 1547 570 1610 Augustinus
601 1547 656 1594 de
682 1546 971 1611 Rosckovany
999 1563 1115 1593 nunc
1147 1546 1385 1610 episcopus
1417 1547 1462 1594 in
1492 1547 1616 1593 Hun-

155 1623 277 1686 garia
293 1661 303 1678 ,
324 1624 369 1669 in
387 1641 475 1687 quo
493 1623 770 1671 adversarios
790 1622 1118 1670 ecclesiasticae
1135 1623 1363 1686 potestatis
1381 1622 1617 1685 exagitavit

155 1709 288 1763 atque
317 1699 473 1746 refellit
495 1701 609 1761 (27).
644 1699 809 1763 lmpios
845 1716 948 1747 vero
977 1716 1058 1746 seu
1084 1698 1380 1746 rationalistas
1403 1737 1412 1755 ,
1441 1717 1519 1746 seu
1545 1716 1615 1746 se-

156 1774 316 1821 ctarios
335 1784 377 1821 et
403 1774 797 1839 pseudo-politicos
822 1775 1089 1823 matrimonii
1114 1775 1258 1822 civilis
1277 1786 1518 1823 assertores
1544 1794 1616 1839 ag·

238 1978 304 2019 (23)
326 1979 362 2010 ln
384 1978 504 2020 duplici
520 1981 596 2013 diss.
616 1983 661 2014 De
676 1983 845 2023 potestate
865 1982 1026 2014 ecclesiae
1044 1983 1080 2014 in
1102 1981 1297 2015 statuendis
1313 1985 1528 2016 matrimonii
1549 1985 1611 2016 im·

141 2031 356 2073 pedimentis.
385 2035 584 2074 Argentorati
611 2038 698 2067 1784.

238 2086 302 2127 (24)
323 2090 359 2119 ln
382 2097 434 2129 op.
462 2087 620 2127 Defensio
643 2088 913 2120 tridentinorum
939 2097 1110 2121 canonum
1135 2088 1177 2121 de
1201 2089 1363 2122 ecclesiae
1381 2091 1554 2131 potestate
1575 2093 1610 2123 in

145 2138 346 2172 dirimentta
367 2142 628 2173 matrimonium
658 2141 901 2181 impedimenta
926 2141 1094 2173 adversus
1108 2143 1321 2181 Lanuvium,
1347 2143 1612 2175 Tamburinium

146 2191 300 2234 aliosque
326 2196 520 2234 scriptores.
539 2194 698 2234 Hierapoli
724 2197 810 2226 1786.
841 2195 922 2226 Tum
943 2194 975 2226 in
991 2194 1054 2226 alio
1068 2203 1120 2235 op.
1143 2196 1270 2227 Naeva
1287 2194 1401 2235 disesa
1424 2195 1477 2228 de'
1489 2199 1613 2229 canoni

146 2245 202 2277 nl.
225 2254 242 2277 e
260 2247 312 2276 lv.
331 2246 416 2278 della
431 2256 511 2278 sess.
527 2249 639 2278 XXIV.
661 2246 719 2278 del
739 2246 882 2279 concilio
897 2246 934 2278 di
953 2249 1086 2279 Trento.
1100 2247 1180 2279 Nell’
1191 2257 1274 2280 anno
1298 2247 1383 2280 dena
1397 2250 1500 2282 salute
1519 2253 1606 2282 178³.

144 2299 222 2330 Item
236 2298 393 2339 Epistola
406 2299 451 2331 ad
468 2308 677 2341 anonymum
691 2301 936 2332 antecessorem
953 2302 1186 2333 taurinensem
1200 2302 1296 2341 (Bon.
1306 2302 1328 2341 ),
1343 2310 1414 2343 qua
1427 2302 1610 2334 illustran-

144 2353 204 2383 tur
230 2354 303 2383 eius
332 2352 444 2385 editae
467 2355 735 2394 propositiones,
758 2353 800 2385 de
818 2356 986 2394 potestate
1011 2354 1221 2387 ecclesiaein
1247 2357 1481 2387 matrimonia.
1505 2357 1607 2396 Mega-

144 2403 244 2444 lopoli
266 2413 317 2437 an.
344 2408 431 2437 1789.

235 2458 299 2498 (25)
320 2460 381 2499 Op.
401 2459 519 2499 pariter
540 2461 595 2491 cit.

233 2510 298 2550 (26)
323 2511 479 2543 Trattato
506 2511 564 2543 del
589 2512 830 2551 matrimonio,
860 2514 951 2545 assia
973 2513 1217 2553 consutazione
1251 2513 1444 2546 de'sistemi
1472 2516 1608 2546 contra-

141 2562 188 2593 rii
219 2561 282 2593 att’
301 2562 457 2595 autorita
486 2562 580 2595 della
608 2563 722 2595 chiesa
753 2565 846 2596 circa
879 2564 907 2596 il
937 2567 1169 2598 matrimonio.
1195 2568 1277 2607 opp.
1309 2566 1360 2598 ed.
1392 2568 1485 2598 Rom.
1515 2572 1603 2599 1819.

142 2614 221 2646 tom.
245 2616 314 2647 xv.

231 2668 296 2708 (27)
323 2669 358 2700 ln
378 2677 473 2710 saepe
495 2669 582 2701 tenid.
600 2678 675 2711 opp.
702 2672 749 2702 De
763 2671 984 2703 matrimonio
1002 2673 1037 2704 in
1065 2671 1208 2704 ecclesia
1225 2671 1396 2705 catholica
1420 2671 1519 2704 duob.
1538 2672 1604 2704 vol.

133 2727 270 2759 quorum
286 2720 426 2761 primum
446 2722 567 2762 prodiit
587 2724 748 2763 Augustae
767 2722 924 2755 Vindelic.
941 2733 993 2755 an.
1012 2727 1100 2756 1837.
1112 2725 1248 2756 alterum
1264 2728 1417 2758 an.1840.
1436 2724 1499 2761 Qui
1520 2733 1608 2766 prae·

138 2773 224 2804 terea
257 2772 336 2806 bene
369 2774 501 2807 meritus
527 2777 575 2807 est
600 2775 641 2807 de
665 2785 699 2807 re
733 2776 892 2808 catholica
916 2777 976 2809 hac
1002 2777 1033 2809 in
1060 2779 1150 2819 parte
1178 2778 1220 2809 ob
1246 2778 1309 2809 tria
1336 2777 1503 2809 voiumina
1523 2786 1607 2819 quae

137 2823 241 2908 celtll‘issit
267 2824 307 2856 de
337 2826 551 2859 matrimoniis
585 2828 716 2867 mixtis,
748 2829 780 2861 et
812 2829 952 2869 qunatuor
979 2839 1062 2870 quiae
1087 2829 1268 2870 inscripsit:
1296 2831 1522 2864 Monumeuta
1549 2839 1603 2861 ca·

211 2886 275 2909 ica.
