1980 3260
357 254 447 302 374
609 268 690 299 un.
721 268 767 299 11.
795 266 909 298 sacr.
938 265 1111 297 ALTERA.
1140 265 1192 296 m:
1217 264 1381 298 rornsr.
1410 265 1554 298 crvm.

355 363 603 413 supponere
624 345 861 392 dicendum
890 355 959 391 est
975 381 985 401 ‚
1014 347 1088 390 aut
1115 343 1323 391 vim2non
1347 343 1562 392 habuisse
1585 344 1824 410 nisispost-

353 440 485 489 quam
503 432 547 469 et
562 431 782 486 quatenus
799 419 856 467 ab
869 419 1056 467 ecclesia
1070 419 1248 468 fuerunt
1262 419 1514 485 adoptatae.
1529 418 1749 475 Quocirca
1762 422 1820 473 ud

353 515 506 546 omnes
527 496 705 545 extendi
729 496 860 543 debet
877 496 996 560 quod
1014 495 1182 543 Natalis
1200 495 1323 543 Alex.
1337 495 1397 543 de
1421 496 1669 544 Iustiniano
1691 496 1826 553 adno-

352 575 474 622 tavit.
495 574 570 620 «si
594 590 708 638 quas
731 590 837 620 vero
860 588 998 620 novas
1021 571 1141 635 leges
1167 571 1265 620 tulit
1286 572 1344 619 de
1366 571 1669 625 ecclesiastica
1686 572 1826 629 disci.-

355 650 478 714 plina
514 648 814 703 IustinianuS,
853 647 943 694 vim
978 647 1081 694 illae
1115 665 1204 694 non
1243 646 1496 695 habuerunt
1527 647 1693 706 ullam,
1733 646 1826 704 nisi

352 727 459 791 quia
492 736 596 773 sunt
629 724 686 772 ab
720 724 910 772 ecclesia
945 734 1146 788 receptae
1179 734 1224 770 et
1256 723 1529 788 approbatae
1556 725 1777 788 (50).».„
1799 764 1816 769 .,

449 803 512 849 Ne
545 810 692 849 autem
726 800 956 848 videamur
991 809 1044 846 ex
1079 799 1262 846 arbitrio
1286 799 1333 846 id
1358 799 1632 857 affirmasse,
1666 799 1830 858 iuverit

354 878 580 926 nonnullis
604 877 818 943 exemplis
845 877 890 923 id
915 876 1186 941 patefacere,
1208 893 1261 924 ac
1279 867 1334 922 1(
1350 876 1396 923 id
1421 876 1613 924 efficitur
1634 894 1689 930 ex
1710 876 1827 942 ipsis

354 955 442 1002 iam
477 955 681 1002 adductis
706 953 951 1001 canonibus
974 952 1261 1000 conciliorum
1296 952 1586 1017 agathensis,
1622 963 1666 1000 et
1676 969 1828 1018 epati-

354 1030 538 1087 nensis,
576 1029 742 1094 quibus
774 1028 970 1076 vidimus
994 1039 1085 1075 tum
1111 1027 1234 1075 irrita
1258 1027 1375 1076 facta
1396 1027 1572 1075 fuisse
1559 1045 1606 1074 1n
1629 1027 1826 1085 futur-nm

352 1107 561 1170 coniugia
595 1106 710 1153 inter
741 1105 925 1162 affines,
965 1114 1055 1152 tum
1090 1103 1241 1157 valida
1264 1103 1488 1152 declarata
1511 1103 1678 1163 fuisse,
1707 1120 1829 1169 quae

353 1193 485 1230 antea
518 1182 630 1230 in'ita
663 1181 850 1229 fuerant.
874 1182 1008 1228 Porro
1042 1189 1209 1227 certum
1233 1190 1302 1228 est
1324 1179 1494 1227 iamdiu
1514 1179 1597 1236 illa
1619 1179 1830 1244 coniugia

355 1259 497 1307 fuisse
530 1257 764 1323 reprobata
796 1256 853 1304 ab
886 1257 1154 1321 imperatore
1174 1255 1425 1313 Theodosio
1450 1256 1824 1321 seniore‚;„qua‚m

351 1335 494 1399 legem
529 1335 605 1382 alii
639 1333 910 1382 contendunt
942 1332 1084 1379 fuisse
1117 1331 1326 1388 aholitam
1360 1332 1418 1384 ab
1436 1332 1563 1385 illius
1596 1349 1828 1391 successae

356 1411 482 1473 ribus
515 1410 704 1458 Arcadio
737 1420 781 1457 et
803 1409 1020 1466 Honorio,
1049 1408 1126 1456 alii
1148 1420 1253 1460 jv'ero
1275 1409 1550 1464 contendunt
1567 1410 1742 1469 infisuss
1762 1427 1831 1460 που

353 1487 459 1535 bore
475 1487 675 1550 viguisse
691 1504 836 1551 usque
858 1485 915 1533 ad
939 1486 1234 1537 Iustinianum
1261 1487 1453 1549 (51).‚1n,
1471 1486 1830 1552 utraque‘hypoe

354 1563 468 1611 thesi
488 1573 610 1628 patet
625 1563 815 1611 concilia
827 1570 1082 1628 supremam
1095 1562 1219 1615 illam
1228 1563 1486 1611 exercuisse
1499 1562 1822 1621 auctoritatem.

353 1640 527 1687 Etenim
553 1639 591 1687 si
615 1639 685 1686 lex
709 1639 785 1686 illa
810 1639 957 1687 adhuc
973 1639 1176 1703 vigebat,
1200 1649 1439 1705 utrumque
1460 1639 1698 1695 concilium
1721 1656 1828 1694 con-

353 1716 537 1763 trarium
554 1715 763 1764 decrevit
795 1715 918 1762 dum
925 1715 1075 1763 valida
1099 1715 1341 1770 declaravit
1363 1715 1573 1779 coniugia
1596 1715 1692 1771 iam
1714 1715 1828 1763 inita

353 1810 469 1857 quae
502 1809 582 1858 per
614 1792 736 1839 illam
770 1792 913 1856 legem
940 1793 1072 1841 irrita
1106 1803 1256 1850 erant,
1294 1803 1346 1846 et
1372 1793 1434 1840 ita
1467 1792 1636 1856 legem
1651 1791 1828 1866 civiLem

353 1869 565 1926 correxit;
594 1869 633 1916 si
657 1886 762 1918 vero
796 1886 884 1917 non
917 1869 1121 1954 vigebat,
1136 1880 1386 1934 utrumque
1409 1868 1653 1925 concilium
1675 1868 1830 1926 decla-

354 1946 465 1993 ravit
483 1946 605 1994 irrita
624 1947 670 1993 in
690 1956 915 2011 posterum
939 1946 1172 2010 coniugia,
1186 1956 1314 2011 quae
1337 1964 1390 1995 ex
1413 1946 1514 2009 lege
1533 1945 1652 1994 civili
1678 1944 1827 2001 valida

354 2020 644 2070 habebantur
676 2027 719 2066 »ᾖ
1325 2068 1327 2070 .
1380 2071 1383 2074 ,
1514 2068 1518 2072 .
1588 2035 1646 2082 L„
1724 2066 1726 2069 ,

450 2097 493 2142 2.
516 2097 551 2143 A
583 2098 679 2162 lege
713 2064 934 2164 imperiaii
959 2061 1315 2146 concedebantur
1339 2071 1521 2163 nuptiae
1550 2098 1596 2144 in
1627 2063 1827 2145 secundo

353 2172 584 2222 affinitatis
618 2175 780 2237 gradu,
809 2174 980 2228 scilicet
1003 2175 1116 2223 inter
1138 2174 1430 2223 consobrinos
1469 2175 1593 2237 (52);
1630 2183 1825 2229 attamen

354 2266 380 2295 a
414 2266 451 2296 s.
476 2249 680 2312 Gregorio
714 2253 770 2297 M
800 2251 993 2317 aliisque
1025 2269 1135 2300 rom.
1176 2250 1462 2316 pontificibus
1498 2251 1648 2299 irritae
1682 2250 1827 2299 factae

354 2336 458 2375 sunt
483 2328 611 2389 (53),
650 2327 849 2392 adeoque
882 2328 1003 2393 leges
1038 2328 1192 2383 civiles
1228 2338 1332 2377 sunt
1365 2317 1663 2377 emendatae.

449 2463 515 2503 (50)
535 2464 626 2495 msc.
646 2463 728 2495 eccl.
744 2464 822 2495 sect.
839 2466 894 2496 VI
917 2473 987 2506 cap.
1003 2468 1075 2498 VH
1090 2467 1151 2498 art.
1164 2470 1197 2498 2.
1211 2465 1242 2507 §.
1256 2467 1293 2498 Si
1305 2467 1396 2507 quis.
1534 2495 1537 2497 ,

414 2514 518 2558 (51)
530 2517 599 2548 Hac
612 2515 660 2548 de
666 2524 703 2548 re
716 2524 782 2548 nou
796 2516 930 2550 minima
944 2518 1049 2559 viguit
1063 2519 1283 2552 controversia
1297 2519 1381 2552 inter
1392 2517 1583 2551 Simondum
1603 2519 1637 2551 et
1657 2517 1825 2551 Gethone-

353 2569 450 2609 (ἰωῇ,
467 2568 519 2601 de
528 2575 593 2610 qua
610 2568 684 2610 agit
693 2569 864 2602 Launoius
882 2570 915 2601 in
935 2579 994 2603 suo
1014 2573 1155 2604 tractatu
1168 2574 1219 2605 De
1231 2574 1328 2613 reqia
1342 2573 1381 2605 in
1399 2572 1622 2604 matu-monio
1638 2571 1822 2612 potestate.

355 2624 445 2664 opp.
455 2622 508 2655 ed.
516 2622 582 2655 cit.
596 2630 669 2664 pag.
686 2625 745 2655 727
762 2624 795 2655 et
809 2626 880 2655 728.

298 2679 300 2681 “
354 2676 357 2679 “
421 2676 517 2716 (52)
538 2677 615 2721 Lag.
634 2674 857 2708 celebrandis
877 2684 907 2708 o.
924 2678 974 2708 De
991 2679 1134 2718 nuptiis.

415 2729 516 2770 (53)
535 2731 618 2762 Nam
637 2736 666 2761 s.
683 2728 859 2770 Gregorius
879 2728 915 2761 in
935 2729 1029 2770 epist.
1043 2730 1085 2762 ad
1100 2732 1317 2772 Augustiuum
1337 2703 1484 2772 permisit
1508 2730 1615 2763 solum
1635 2730 1766 2771 nuptias
1787 2730 1824 2762 in

352 2782 458 2814 tertio
470 2781 583 2822 gradu.
598 2781 650 2814 cf.
665 2781 770 2814 Natul.
788 2781 1008 2814 Alexandrum
1030 2782 1065 2814 in
1084 2785 1176 2816 litat.
1190 2783 1308 2817 eccles.
1324 2791 1389 2816 sec.
1403 2784 1460 2816 lv.
1476 2791 1547 2824 cap.
1566 2784 1621 2815 lv.
1637 2783 1699 2816 art.
1717 2787 1748 2816 3.
1765 2781 1822 2815 ubi

353 2834 452 2865 eum
465 2834 622 2867 adversus
635 2834 803 2873 Rivetum,
816 2833 964 2875 aliosque
976 2834 1244 2875 pseudo-criticos
1258 2835 1354 2868 huius
1367 2834 1522 2876 epistolae
1542 2843 1626 2876 quae
1643 2836 1693 2869 est
1705 2835 1821 2868 xxxi.

354 2886 426 2918 libri
442 2888 512 2919 ΧΙΙ.
524 2888 752 2927 genuinitatem
763 2886 918 2920 vindicat.
929 2887 979 2919 cf.
988 2887 1084 2920 etiam
1096 2888 1234 2921 editores
1241 2890 1341 2921 Maur.
1350 2890 1432 2929 opp.
1442 2896 1468 2921 s.
1482 2888 1628 2928 Gregorii
1638 2887 1822 2921 M.tom.11.
