1980 3260
340 240 429 284 408
594 254 673 285 un.
704 254 750 284 ιι.
779 252 893 284 secr.
922 253 1094 284 ALTERA.
1124 252 1176 283 un
1201 251 1366 283 rores-r.
1396 251 1543 284 cmm

338 331 475 377 retici.
499 332 651 395 Neque
687 330 851 377 adiecit
877 329 1156 377 'Ludovicum-
1189 329 1245 377 ob
1280 329 1391 377 adeo
1428 340 1555 377 atrox-
1586 330 1814 381 facinusa

337 406 561 453 Clemente
579 405 804 453 Benedicti
829 422 1088 453 successore
1111 422 1228 453 novo
1249 405 1390 453 fuisse
1412 405 1693 453 anathemate
1716 421 1816 471 pei-'-

333 499 541 537 cussum,
581 481 773 546 aliisque
805 480 1087 544 gravioribus
1120 481 1278 545 poenis
1308 481 1520 529 affectum
1537 483 1687 544 (111).
1707 482 1807 530 Non

333 557 492 604 adiecit
516 569 606 604 tum
632 557 868 605 divortium
899 556 1139 621 petulantis
1160 575 1212 604 ac
1229 557 1492 622 impudicae·
1507 557 1816 621 Margarethae

333 633 504 679 irritum
535 651 561 680 a
590 633 802 697 pontifice
838 634 1174 698 pronunciatum
1211 633 1375 692 fuisse,
1403 644 1496 681 tum
1522 652 1689 683 novum-
1709 651 1816 683 con-

333 708 501 772 iugium
518 709 639 757 velut
655 709 1112 757 adulterinum‘fuisse
1131 710 1339 758 reiectum
1362 712 1489 773 (112)
1502 748 1516 757 ,
1529 710 1661 758 Nulla
1678 710 1816 774 igitur

331 785 446 832 ratio
467 796 560 832 erat
582 803 662 833 cur
686 786 797 833 adeo
821 785 1038 833 exultaret
1060 786 1134 833 hic.
1156 796 1309 834 auctor
1332 803 1412 851 pro
1435 797 1653 851 usurpata
1672 787 1820 835 avi-ro»

332 861 618 909 schismatico
653 872 871 926 potestate
898 872 1050 909 contra
1073 862 1144 909 ius
1168 879 1220 909 ac
1250 861 1334 909 fas.
1363 862 1428 908 Ex
1452 862 1526 910 his
1549 862 1686 910 etiam
1708 879 1814 928 spe-

331 937 473 983 cimen
506 953 664 1001 capere
701 954 940 1001 possumus
976 936 1140 985 indolis
1174 936 1395 984 eiusmodi
1429 947 1659 985 auctorum
1681 975 1698 995 7
1730 937 1811 1003 qui

331 1013 599 1078 apostolicae
634 1015 729 1064 sedi
766 1014 1048 1062 adversarios
1078 1031 1127 1061 se
1157 1013 1384 1078 praebent.

428 1091 525 1147 Qua
557 1109 659 1139 vero
692 1092 876 1141 ratione>
894 1091 1248 1138 demonstraverit
1270 1090 1345 1137 hic
1368 1099 1526 1138 auctor·
1546 1090 1815 1141 diri-mentes

332 1167 663 1214 matrimonium
691 1168 814 1231 leges
843 1168 1034 1215 condere
1066 1167 1123 1214 ad
1160 1166 1410 1232 principem
1429 1204 1439 1224 ‚
1468 1184 1555 1214 non
1583 1177 1732 1215 autem-
1752 1168 1811 1216 ad

334 1242 568 1290 ecclesiam
587 1282 597 1300 ,
625 1261 920 1308 romanosque
943 1243 1177 1308 pontifices
1197 1242 1432 1307 pertinere,
1455 1260 1508 1290 ex
1527 1253 1658 1291 antea
1680 1243 1817 1293 dictis

333 1318 510 1366 abunde
544 1331 743 1376 constat,
783 1320 892 1384 quin
923 1319 1045 1366 aliud
1082 1319 1301 1367 addamus
1335 1319 1393 1367 ad
1426 1319 1524 1368 eius
1557 1319 1814 1369 iactantiam

331 1395 669 1442 retundendam.

429 1472 534 1519 Post
557 1471 668 1519 haec
698 1473 842 1537 pergit
865 1473 1047 1520 Nestius
1070 1472 1295 1520 scribens:
1326 1472 1524 1521 Profecto
1550 1471 1810 1521 non'solum

334 1548 638 1611 superioribus
657 1548 929 1614 temporibus
947 1587 956 1606 ‚
979 1549 1059 1597 sed
1078 1567 1134 1597 ne
1150 1549 1387 1597 undecimo
1410 1549 1592 1615 quidem
1613 1559 1815 1598 vertente

331 1622 481 1682 seculo
506 1635 729 1689 receptum
753 1642 876 1672 more
898 1625 1038 1672 fuisse
1062 1624 1197 1672 tradit
1220 1626 1409 1672 Ioannes
1433 1624 1632 1672 Mariana
1653 1625 1810 1688 (113),

329 1708 378 1744 ut
411 1699 645 1763 pontifices
678 1700 723 1746 in
758 1701 905 1748 vetitis
951 1701 1221 1749 matrimonii
1262 1700 1478 1764 gradibus
1515 1701 1694 1750 veniam
1727 1700 1810 1750 da·-

331 1785 427 1822 rent
461 1777 608 1839 (114).
644 1777 754 1833 Quis
790 1778 901 1825 haec
934 1777 1087 1841 legens
1121 1795 1210 1826 non
1245 1778 1332 1825 sihi
1368 1778 1658 1843 persuaderet
1688 1778 1812 1828 iuxta

330 1852 572 1900 Marianam
606 1853 678 1901 ius
727 1853 930 1902 solvendi
974 1854 1230 1903 illicitorum
1270 1854 1578 1918 coniugiorum
1621 1853 1812 1920 impedi-

330 1939 477 1975 menta
504 1947 593 1977 sec.
611 1931 689 1976 XI.
704 1931 901 1979 nondum
926 1931 984 1979 ad
1009 1948 1119 1980 rom.
1144 1930 1379 1996 pontifices
1403 1930 1697 1996 pertinuisse,
1728 1930 1808 1980 sed

431 2117 515 2156 (111)
539 2119 624 2150 Satis
643 2119 807 2160 ingeniosa
831 2120 881 2152 est
902 2121 1012 2152 evasio
1029 2128 1129 2161 quam
1152 2121 1318 2152 Launoius
1336 2120 1471 2162 reperit,
1488 2121 1527 2153 ut
1541 2129 1582 2153 se
1593 2119 1636 2152 ab
1654 2120 1718 2152 hac
1737 2119 1809 2152 eie-

331 2168 449 2201 mentis
463 2170 578 2210 agendi
595 2171 717 2204 ratione
728 2173 913 2205 extricaret.
931 2173 1051 2205 Scribit
1064 2173 1168 2206 enim:
1184 2186 1199 2201 α
1209 2174 1360 2206 Clemens
1373 2175 1430 2206 Vl.
1442 2173 1476 2205 in
1492 2173 1650 2206 sententia
1664 2181 1731 2215 qun
1743 2174 1808 2206 Lu-

328 2221 482 2254 dovicum
500 2222 634 2263 imperio
651 2225 814 2264 privatum
831 2225 1035 2259 denuntiavit
1055 2227 1140 2259 inter
1155 2228 1276 2268 septem
1293 2226 1511 2259 damnationis
1535 2227 1643 2268 capita
1666 2227 1810 2259 recenset

328 2275 429 2315 illud,
449 2275 539 2316 quod
567 2277 740 2309 nonnullos
762 2279 795 2309 in
819 2280 993 2320 prohibitis
1021 2279 1176 2320 gradibus
1199 2280 1434 2313 coniunxisset.
1458 2278 1523 2312 Sed
1546 2279 1579 2311 id
1599 2279 1677 2312 feeit
1690 2278 1810 2312 doetis-

330 2329 433 2360 simus
456 2329 622 2370 pontifex,
646 2338 711 2361 non
741 2331 829 2370 quod
853 2332 999 2365 crederet
1027 2333 1191 2374 legitimos
1217 2334 1382 2375 principes
1408 2332 1529 2374 gradus
1549 2332 1717 2365 affinitatis
1737 2332 1810 2365 solo

328 2381 419 2412 civili
441 2380 512 2413 iure
536 2382 655 2413 vetitos
679 2382 823 2414 relaxare
849 2393 915 2416 non
944 2394 1058 2426 posse,
1082 2386 1138 2418 sed
1161 2385 1249 2427 quod
1275 2385 1478 2418 Ludovicum
1509 2386 1671 2417 Bavarum
1694 2393 1810 2418 verum

327 2442 364 2465 ac
393 2432 572 2474 legitimum
591 2433 819 2474 imperatorem
839 2443 903 2466 non
928 2445 997 2469 esse
1012 2462 1021 2477 ‚
1043 2446 1232 2478 persuasum
1253 2437 1397 2470 haberet.
1414 2438 1486 2474 Qua
1506 2436 1540 2468 in
1559 2445 1594 2468 re
1608 2437 1754 2478 pontifex
1770 2437 1808 2469 il·

326 2485 427 2517 latam
455 2485 609 2525 legitimis
635 2485 836 2526 principibus
865 2487 1017 2520 iniuriam
1044 2489 1222 2522 vindicavit
1249 2490 1374 2530 potius,
1398 2497 1497 2530 qnam
1515 2488 1622 2520 nilum
1642 2489 1732 2521 civili
1749 2497 1806 2530 po-

325 2538 432 2569 testati
448 2538 561 2579 *regiae
572 2538 623 2569 vel
635 2538 863 2579 imperatoriae
883 2539 1114 2572 detrimentum
1141 2542 1283 2573 attulit.»
1298 2543 1392 2574 Certe
1407 2541 1457 2573 sin
1476 2540 1584 2572 minus
1600 2540 1742 2582 veritas,
1757 2539 1804 2573 in·

326 2590 454 2631 genium
480 2590 679 2622 laudandum
702 2590 815 2623 saltem
841 2592 891 2623 est
914 2591 948 2623 in
972 2592 1036 2624 hoc
1054 2594 1174 2634 effugio
1198 2593 1406 2626 inveniendo.
1844 2635 1845 2638 Ἴ

423 2644 509 2685 (112)
532 2644 582 2676 Cf.
601 2644 755 2676 Bzovium
771 2644 900 2677 Annal.
917 2645 1035 2678 eccles.
1055 2647 1096 2678 ad
1111 2656 1164 2679 an.
1181 2650 1271 2680 1340.
1286 2657 1320 2680 n.
1335 2649 1423 2680 vul.
1439 2646 1496 2687 qui
1509 2647 1672 2688 praeterea
1685 2646 1807 2680 ibidem

328 2706 361 2728 n.
378 2699 435 2729 lx.
455 2697 553 2730 refert
567 2697 773 2730 Ludovicum
791 2698 953 2730 Bavarum
975 2698 1029 2731 his
1046 2700 1252 2740 perterritum
1267 2700 1308 2733 ad
1324 2699 1523 2742 pontificiam
1546 2699 1656 2732 sedem
1673 2699 1803 2740 legatio·

327 2758 399 2781 nem
425 2748 553 2782 misisse
578 2748 667 2790 pacis
688 2749 914 2782 conciliandae
938 2758 1063 2783 caussa.
1076 2753 1141 2784 Nec
1158 2761 1222 2785 non
1238 2751 1441 2794 Raynaldnm
1457 2751 1498 2784 ad
1517 2754 1800 2786 an.1341.n.xv.

424 2802 510 2842 (113)
537 2801 609 2834 Lib.
626 2805 667 2834 Χ.
683 2803 818 2835 Histor.
834 2811 905 2844 cap.
924 2808 954 2836 8.

422 2855 507 2895 (114)
530 2859 589 2896 Op.
607 2856 662 2888 cit.
681 2865 752 2897 pag.
771 2858 822 2889 171
843 2864 910 2896 seq.
