1980 3260
234 257 325 292 cu».
342 260 389 294 ιι.
407 260 460 293 nn
477 259 618 293 roras.
637 260 772 293 nunc.
792 260 874 294 rm.
893 260 975 294 cm.
994 260 1120 294 uara.
1137 259 1299 294 cnmsr.
1316 259 1410 294 aar.
1423 258 1482 292 tv.
1525 245 1551 290 t
1563 243 1621 292 33

155 347 279 386 'notet
299 337 419 387 velut
441 338 630 387 abusum
655 338 927 388 auctoritatis
960 337 1198 397 ecclesiae,
1229 355 1361 386 usum
1383 337 1480 387 eius
1504 347 1627 403 pote-

156 414 286 462 statis
319 425 527 480 acceptae
559 432 586 463 a
618 415 710 463 Deo
732 453 742 473 ‚
780 432 870 480 qua
903 414 975 462 usi
1008 424 1112 462 sunt
1143 424 1186 462 et
1218 414 1398 480 ipsimet
1427 412 1626 479 Apostoli

159 490 207 537 in
230 490 471 555 disciplina
509 491 722 539 exteriore
760 490 1070 539 constituenda
1104 501 1148 538 et
1180 490 1437 539 sancienda.
1465 490 1629 538 Haere—

157 566 362 613 ticam-V.
385 585 407 611 «
424 566 522 622 Qua
539 577 663 632 parte
680 567 904 624 insinuat,
933 566 1166 615 ecclesiam
1185 582 1272 615 non
1292 567 1456 615 habere
1479 577 1627 615 aucto·

156 641 332 689 ritatem
366 641 655 691 subiectionis
690 643 786 691 suis
822 643 1010 691 decretis
1053 643 1298 708 exigendae
1331 642 1459 691 aliter
1492 660 1627 708 quam

154 734 235 783 per
266 718 441 775 media,
465 736 579 784 quae
611 719 807 785 pendent
829 736 856 767 a
880 719 1186 784 persuasione.
1222 718 1452 775 Quatenus
1483 719 1630 766 inten-

155 793 235 842 dat
263 793 500 841 ecclesiam
534 813 618 841 non
656 796 806 844 habere
839 796 1041 842 collatam
1072 795 1161 843 sibi
1196 812 1225 842 a
1259 795 1347 842 Deo
1374 804 1628 859 potestatem

153 887 239 938 non
262 869 402 917 solum
429 870 650 934 diriqendi
668 888 750 936 per
775 872 957 920 consilia
980 881 1021 918 et
1041 871 1284 926 suasiones,
1312 870 1387 918 sed
1414 870 1544 918 etiam
1566 872 1630 918 εὐ-

157 945 285 994 bendt'
293 963 375 1010 per
393 946 529 1011 leqes,
552 964 603 995 ac
621 946 792 1004 devios,
823 957 1169 1012 contumacesque
1198 948 1407 995 exteriore
1434 945 1622 1002 iudicio,

154 1040 207 1071 ac
237 1022 487 1070 salubribus
520 1025 671 1087 poenis
710 1022 932 1071 coercendi
952 1058 967 1079 ,
1013 1032 1142 1087 atque
1181 1022 1373 1087 coqendi.
1400 1051 1423 1060 -
1444 1021 1511 1070 Ex
1549 1021 1631 1070 Be-

156 1099 259 1148 ned.
280 1099 389 1146 xlv.
418 1099 465 1146 in
498 1100 624 1149 Brevi
653 1099 719 1148 Ad
752 1098 952 1147 assiduas
986 1099 1092 1146 anni
1127 1101 1270 1148 1755.
1309 1099 1514 1164 primati,
1558 1116 1631 1146 ar-

155 1175 456 1242 chiepiscopis
491 1187 535 1225 et
567 1176 792 1242 episcopis
827 1176 950 1240 regni
985 1175 1453 1224 Poloniae-inducens
1485 1177 1534 1223 ἐπ
1554 1192 1631 1242 sy-

158 1261 294 1300 stema
322 1252 439 1299 alias
472 1251 726 1300 damnatum
747 1261 795 1299 ut
819 1251 1124 1299 haereticum.»
1146 1251 1327 1300 Omisso
1350 1268 1481 1317 porro
1503 1250 1631 1299 Brevi

158 1327 323 1376 Bened.
359 1328 469 1375 XIV.
508 1328 719 1376 damnata
763 1327 930 1376 iamdiu
965 1327 1076 1376 haec
1119 1328 1221 1392 ipsa
1253 1327 1454 1376 doctrina
1487 1326 1573 1375 fuit
1602 1343 1631 1374 a

157 1404 323 1452 Ioanne
353 1404 490 1452 xxll.
513 1405 559 1451 in
584 1405 750 1452 Ioanne
767 1421 794 1451 a
810 1404 1011 1451 lauduno
1034 1402 1349 1451 constitutione
1380 1402 1631 1466 dogmatica

155 1479 273 1528 Lt'cet
304 1482 421 1528 iusta
452 1491 502 1528 ut
534 1480 758 1528 haeretica
795 1481 946 1543 (154).
986 1479 1042 1527 Et
1074 1479 1186 1527 haec
1227 1478 1357 1527 nobis
1390 1479 1630 1527 adnotasse

156 1556 353 1605 sufficiat
374 1557 589 1606 adversus
613 1574 714 1605 eum
739 1556 816 1622 qui
843 1573 892 1604 se
915 1555 1180 1604 catholicum
1205 1555 1451 1621 profitetur.
1479 1555 1635 1620 Neque

157 1633 276 1681 enim
309 1633 441 1682 nobis
475 1634 522 1681 in
556 1634 705 1681 animo
739 1643 807 1681 est
839 1632 959 1680 hunc
993 1630 1232 1696 specialem
1268 1647 1462 1679 errorem
1508 1628 1633 1678 refel-

156 1707 246 1757 lere
263 1747 273 1767 ‚
311 1709 431 1775 quod
466 1709 617 1775 plures
640 1709 716 1757 alii
742 1709 917 1773 egregie
941 1707 1254 1774 praestiterunt
1274 1708 1425 1771 (155),
1447 1723 1529 1755 nec
1552 1706 1632 1754 hu·

158 1784 229 1832 ius
262 1784 348 1834 loci
381 1794 465 1835 est.

254 1907 342 1948 (¹5⁴)
363 1905 457 1949 Apud
479 1908 682 1949 Raynaldum
697 1906 738 1940 ad
752 1916 805 1941 an.
826 1908 916 1941 1327.
928 1906 1089 1941 n.xxx11
1104 1914 1196 1949 seqq.
1212 1904 1332 1949 quibus
1349 1904 1441 1949 prius
1460 1914 1542 1940 rom.
1554 1914 1633 1948 pon·

156 1958 236 1991 tifex
266 1958 414 1992 confutat
434 1968 476 1992 ex
504 1961 606 1993 sacris
632 1957 769 2001 litteris,
793 1969 831 1992 ex
854 1968 897 1992 ss.
914 1956 1079 2001 patribus,
1095 1960 1127 1992 et
1140 1959 1235 2001 praxi
1256 1956 1358 2001 ipsius
1379 1959 1533 1991 ecclesiae
1552 1956 1637 1991 hanc

156 2020 223 2053 qua
237 2011 279 2044 de
292 2012 417 2053 agimus
443 2012 647 2053 doctrinam3
673 2012 804 2045 demum
823 2022 856 2045 n.
874 2012 1004 2045 XXXV.
1016 2013 1064 2045 sic
1081 2021 1154 2045 eam
1172 2011 1362 2053 proscribit:
1376 2025 1392 2040 «
1404 2009 1528 2044 Ultimo
1545 2009 1636 2052 quod

155 2066 262 2106 Papa,
289 2065 341 2097 vel
363 2065 432 2098 tota
453 2065 590 2097 ecclesia
611 2065 708 2097 simul
730 2066 860 2106 sumpta
881 2065 1007 2097 nullum
1031 2064 1194 2097 hominem
1217 2065 1517 2105 quantumcumque
1536 2063 1634 2096 scele-

154 2117 263 2150 ratum
288 2119 395 2159 potest
419 2118 535 2159 punire
560 2115 732 2160 punitione
753 2117 918 2159 coactiva,
933 2118 997 2150 nisi
1017 2118 1192 2159 imperator
1209 2117 1309 2151 donet
1321 2115 1368 2150 eis
1383 2116 1609 2150 auctoritatem
1623 2140 1634 2156 ,

154 2171 246 2204 velut
258 2180 369 2204 sacrae
380 2171 567 2213 scripturae
579 2172 760 2204 contrarios
777 2172 788 2213 (
801 2172 888 2204 hunc
900 2171 934 2204 et
949 2174 1091 2213 quatuor
1106 2172 1188 2204 alios
1203 2170 1429 2213 praecedentes
1444 2170 1633 2210 articulos),

153 2225 187 2256 et
199 2222 289 2265 fidei
316 2223 508 2256 catholicae
538 2225 694 2256 inimicos
711 2247 720 2264 ,
753 2223 961 2264 haereticos,
983 2226 1057 2256 sive
1078 2223 1303 2257 haereticales
1324 2224 1359 2256 et
1377 2231 1556 2262 erroneos,·
1576 2231 1635 2254 nec

155 2285 222 2309 non
239 2278 271 2309 et
285 2276 468 2318 praedictos
491 2276 672 2308 Mai-silium
688 2278 721 2309 et
738 2276 889 2309 loannem
910 2277 1154 2318 (landunum),
1181 2277 1282 2309 immo
1310 2274 1549 2308 haeresiarchas
1570 2276 1637 2307 t'ore

155 2329 343 2362 manifestos
357 2331 390 2362 et
405 2329 550 2361 notorias
563 2329 799 2362 sententialiter
813 2329 1033 2371 declaramus3
1046 2329 1264 2370 articulosque
1278 2337 1316 2361 ac
1330 2328 1429 2361 libros
1442 2328 1635 2370 praedictos,

155 2391 215 2416 nec
230 2391 295 2414 non
310 2384 343 2415 et
358 2391 601 2423 quamcumque
620 2382 719 2414 aliam
740 2382 935 2423 scripturam
961 2383 1179 2415 continentem
1195 2381 1343 2423 eosdem;
1360 2381 1542 2422 praedictos
1557 2388 1636 2420 quo-

160 2444 224 2477 que
239 2434 418 2468 Marsilium
432 2436 466 2468 et
478 2436 652 2475 Ioannem,
673 2436 711 2467 ut
732 2435 911 2467 haereticos
933 2433 1120 2467 manifestos
1141 2436 1174 2467 et
1194 2434 1360 2474 notorios,
1383 2434 1484 2465 immo
1502 2434 1539 2463 ut
1561 2432 1634 2463 liae·

155 2489 336 2521 resiarchas
352 2488 462 2530 potius
481 2488 693 2531 reprobamus
705 2489 739 2520 et
750 2488 983 2521 sententialiter
998 2487 1263 2520 condemnamus.
1274 2487 1308 2519 Si
1321 2487 1396 2528 quis
1411 2485 1497 2517 enim
1517 2483 1636 2516 doctri-

152 2550 227 2574 nam
243 2541 440 2583 praedictam
454 2542 626 2574 defendere
642 2541 692 2574 vel
709 2541 888 2583 approbare
904 2541 1172 2583 praesumpserit,
1194 2541 1428 2580 cuiuscumque
1450 2537 1635 2578 dignitatis,

153 2594 296 2635 ordinis,
326 2596 384 2627 aut
407 2596 511 2628 status
541 2596 709 2635 tamquam
739 2594 919 2627 haereticus
940 2595 1166 2627 confutetur.»
1182 2594 1308 2626 Viderit
1334 2601 1420 2624 nunc
1444 2591 1560 2632 Nuylz
1582 2590 1639 2622 aut

158 2648 272 2690 Nuyls
293 2647 483 2689 (siquidem
497 2647 558 2680 sibi
575 2655 693 2679 nomen
708 2647 916 2687 immutavit)
932 2656 1010 2679 num
1031 2648 1065 2679 in
1087 2647 1204 2679 horum
1219 2654 1353 2678 censum
1375 2644 1443 2685 ipse
1464 2642 1583 2675 veniat.

251 2700 337 2742 (155)
359 2701 409 2733 ct'.
430 2701 592 2734 Mamacln
602 2701 667 2734 Del
686 2699 810 2733 diruto
829 2700 941 2733 libero
954 2700 1051 2734 della
1066 2700 1181 2734 chiesa
1194 2699 1249 2731 lib.
1261 2700 1301 2730 ll.
1314 2698 1512 2739 par.ll.cap.
1526 2700 1556 2728 3.
1567 2694 1597 2736 §.
1607 2699 1637 2728 3,

155 2754 287 2787 Bisnclii
312 2753 563 2788 Dell’esterior
591 2755 726 2796 polizia
746 2754 842 2788 della
863 2754 995 2794 chiesa,
1015 2757 1095 2787 tom.
1112 2756 1167 2786 lll.
1183 2762 1253 2793 cap.
1266 2754 1291 2784 1.
1305 2751 1335 2792 §.
1354 2756 1383 2783 3.
1401 2751 1479 2782 item
1502 2758 1574 2790 cap.
1596 2751 1637 2782 V.

149 2806 181 2848 §.
197 2812 226 2840 2.
242 2808 275 2839 et
289 2809 368 2839 tom.
384 2809 439 2839 lv.
456 2808 512 2840 lib.
530 2810 571 2840 ll.
588 2817 619 2840 c.
637 2811 669 2840 4.
683 2807 714 2849 §.
735 2813 744 2840 1
765 2817 858 2850 seqq.
875 2808 1033 2841 zacharia
1048 2808 1180 2840 Dissert.
1199 2806 1311 2837 xxvt.
1328 2803 1432 2836 sulla
1441 2801 1578 2844 potesta
1590 2810 1639 2834 re-

152 2859 322 2901 volatrtce
337 2859 434 2894 della
454 2860 664 2904 disciplina,
688 2862 772 2902 part.
791 2863 849 2894 lli.
868 2862 930 2894 art.
949 2867 979 2896 2.
995 2862 1028 2894 in
1047 2859 1208 2893 Raccolea
1222 2857 1259 2890 dt
1276 2857 1459 2890 dissertas.
1473 2854 1511 2888 dt
1530 2857 1641 2888 storia

262 2930 295 2965 ll
1533 2929 1577 2962 28
