1980 3260
266 247 354 279 CAP.
374 247 418 278 11.
435 246 485 277 nt:
503 244 619 277 mccl..
638 243 800 276 Porzsr.
817 242 959 274 CONST.
978 241 1064 273 mr.
1082 242 1206 273 MATR.
1225 242 1308 273 Dm.
1326 241 1418 272 Aur.
1435 240 1497 273 111.
1571 227 1620 270 61

180 324 530 389 persuadendam
542 361 552 380 ‚
576 322 750 369 tandem
769 338 817 368 se
833 321 961 367 vertit
978 319 1033 366 ad
1051 319 1225 366 concilii
1245 318 1469 365 tridentini
1487 320 1641 367 aucto··

181 401 368 448 ritatem.
402 400 546 456 Quum
575 399 690 446 enim
726 396 960 445 concilium
988 394 1162 442 duobus
1197 394 1441 441 canonibus
1475 394 1635 441 defini-

177 477 317 524 visset
361 476 592 524 ecclesiam
634 474 832 538 potuisse
864 489 916 519 ac
949 489 1080 537 posse
1118 470 1381 518 constituere
1416 470 1631 518 eiusmOdi

181 552 495 616 impedimenta
513 588 522 606 ,
561 549 781 596 Launoius
818 548 1042 595 contendit
1074 546 1307 594 concilium
1335 546 1532 592 ecclesiae
1556 563 1643 593 no·-

179 645 279 674 men
312 643 554 689 usurpasse
590 625 646 671 ad
680 623 1024 686 significandam
1052 623 1232 669 alteram
1262 622 1459 668 ecclcsiae
1486 639 1633 685 perso-

178 719 301 756 nam,
330 700 536 747 nimirum
561 699 782 762 principes
798 736 807 753 ‚
835 698 911 761 qui
937 708 1039 744 sunt
1062 698 1251 745 nobilior
1273 697 1484 745 ecclesiae
1507 714 1643 761 pars.·

181 776 306 832 Quod
334 774 513 840 quidem
539 773 700 838 triplici
724 790 776 819 ex
800 772 944 836 capite
966 773 1163 835 ›repetit,'
1188 783 1276 819 tum
1311 791 1482 837 nempe,
1510 773 1628 838 quod

178 852 354 898 ecclesia
387 851 431 896 in
467 849 743 913 amplissima
777 849 845 895 sui
882 848 1205 910 significatione
1237 848 1497 895 univerSum'
1525 849 1633 896 fide-

179 927 287 974 lium
308 937 478 974 coetum
503 926 683 982 referat3
712 934 802 971 tum
832 923 950 988 quod
976 924 1060 971 hoc
1084 924 1183 987 ipso
1199 923 1245 969 in
1264 928 1398 970 sensu
1424 923 1633 972 ecclesiae

179 1020 337 1051 nomen
378 1002 656 1067 usurpaverit
696 1001 931 1048 tridentina
971 1000 1169 1065 synodus
1203 1000 1248 1046 in
1287 1000 1374 1047 hac'
1410 1000 1509 1063 ipsa
1541 1018 1634 1047 ses-

180 1079 304 1126 sione
341 1078 487 1124 XXIV.
526 1095 623 1141 cap.
654 1078 688 1122 1.
717 1077 779 1123 De
813 1077 983 1140 reform.
1019 1076 1123 1122 dum
1159 1075 1383 1123 constituit
1417 1076 1636 1124 matrimo-

180 1154 302 1201 nium
335 1153 644 1200 celebrandum
678 1169 778 1199 esse
801 1153 846 1198 in
869 1152 1223 1216 facie'ecclesz'ae,
1253 1151 1298 1198 id
1322 1162 1389 1198 est
1412 1151 1630 1209 fidelium,

183 1230 278 1277 sive
312 1229 458 1276 clerici
494 1229 566 1276 isti
602 1229 717 1284 sint,
746 1228 839 1276 sive
872 1227 998 1285 laici;
1029 1239 1118 1275 tum
1144 1228 1361 1293 denique,
1389 1228 1495 1292 quia
1517 1230 1637 1276 e'rrOr

182 1305 359 1351 Lutheri
394 1322 524 1369 quem
557 1304 642 1351 sibi
678 1304 982 1367 configendum
1018 1305 1244 1370 proposuit
1267 1305 1465 1370 synodus
1487 1310 1637 1352 Versa-

178 1379 307 1427 batur
341 1381 458 1427 circa
493 1380 741 1444 principum
766 1390 1023 1443 potestatem
1048 1381 1093 1426 in
1117 1380 1358 1428 condendis
1382 1380 1554 1443 legibus
1578 1381 1634 1428 ad

181 1456 395 1503 irritanda
418 1457 625 1520 coniugia
647 1458 762 1519 (72).
787 1456 928 1511 Quam
964 1457 1362 1521 interpretationem
1389 1457 1488 1504 ideo
1520 1457 1636 1505 veri-

180 1533 370 1581 similem
404 1534 712 1580 Tamburinius
746 1534 1037 1591 existimavit,
1070 1535 1187 1599 quod
1217 1533 1406 1581 «nullus
1431 1534 1487 1581 ab
1511 1535 1638 1582 initio

180 1619 273 1656 erat
313 1609 541 1656 conflictus
577 1609 621 1655 in
656 1609 740 1656 hac
774 1627 820 1656 re
854 1610 967 1657 inter
1008 1611 1256 1658 sacerdotes
1291 1620 1334 1657 et
1372 1610 1592 1675 principes
1621 1649 1633 1666 ,

181 1695 223 1732 et
255 1684 327 1731 vix
360 1684 537 1749 aliquod
571 1685 704 1733 huius
739 1686 1013 1750 quaestionis
1042 1687 1275 1749 vestigium
1309 1686 1555 1733 inveniatur
1589 1687 1633 1732 in

182 1759 419 1807 tridentina
460 1761 628 1825 synodo
666 1763 813 1824 (73).»
831 1761 957 1817 Quod
998 1772 1112 1809 certe
1152 1779 1239 1809 non
1278 1761 1557 1824 contigisset,
1595 1762 1633 1809 si

182 1845 397 1883 coarctata
434 1836 631 1882 ecclesiae
675 1853 757 1884 vox
797 1837 952 1884 fuisset
985 1837 1040 1884 ad
1075 1837 1420 1884 ecclesiasticum
1465 1846 1634 1884 coetum

181 1910 535 1974 significandum.
581 1913 673 1960 Hoc
708 1923 860 1977 postea
898 1913 1210 1978 expendemus.
1254 1912 1436 1959 Interim'
1466 1923 1514 1959 ut
1545 1912 1636 1960 lau-

179 1985 386 2033 noianum
432 1987 703 2051 paradoxum
744 1999 990 2036 evertamus
1025 1989 1085 2035 ita
1119 1987 1437 2052 progredimur.

273 2062 308 2109 1.
336 2062 373 2108 A
389 2064 455 2109 rei
478 2064 622 2127 ipsius
645 2074 803 2112 natura
827 2062 1130 2129 auspicantes,v
1146 2064 1375 2128 multiplex
1399 2068 1636 2127 argumen-

178 2147 268 2185 tum
303 2139 499 2203 suppetit
531 2139 588 2186 ad
621 2157 773 2188 verum
805 2158 985 2188 sensum
1009 2141 1298 2189 evincendum
1323 2140 1369 2186 in
1393 2142 1635 2205 quo'eoole-

176 2215 266 2262 siae
300 2232 459 2262 nomen
495 2232 521 2262 a
555 2215 804 2264 tridentinis
840 2216 1038 2281 patribus
1071 2226 1329 2282 usurpatum
1364 2216 1422 2264 sit
1453 2234 1505 2264 ex
1529 2221 1636 2264 con-

179 2290 271 2337 cilii
305 2291 449 2355 ipsius
484 2292 608 2339 actis.

272 2367 334 2415 Ac
358 2370 402 2415 1.
420 2369 526 2433 quia
543 2370 589 2415 in
607 2370 791 2418 concilio
808 2371 1020 2434 agebatur
1035 2371 1091 2420 de
1104 2361 1321 2437 >potestate
1342 2389 1394 2419 ac
1413 2371 1630 2426 doctrina,

178 2453 226 2489 ut
259 2452 376 2508 patet
403 2461 455 2491 ex
485 2444 595 2508 ipsis
629 2445 775 2493 verbis
810 2446 1040 2512 utriusque
1073 2448 1281 2505 canonis,
1321 2448 1484 2513 quibus
1524 2446 1636 2494 defi-'

178 2518 299 2566 nitur
320 2519 549 2567 ecclesiam
569 2522 757 2585 potuisse
786 2539 837 2569 ac
862 2541 983 2587 posse
1011 2525 1275 2571 constituere
1299 2524 1629 2588 impedimenta,

179 2605 221 2643 et
254 2595 298 2642 in
334 2596 390 2644 iis
424 2598 744 2646 constituendis
780 2616 865 2647 non
900 2617 1079 2647 errasse.
1120 2601 1251 2648 Por'ro
1283 2600 1360 2647 ubi
1401 2600 1546 2663 agitur
1579 2598 1635 2646 de

179 2682 391 2737 potestate
413 2685 511 2721 cum
535 2674 733 2722 doctrina
760 2675 1014 2734 coniuncta,
1044 2694 1285 2742 numquam
1315 2686 1461 2741 potest
1492 2692 1637 2723 sermo

274 2796 339 2836 (72)
358 2799 407 2829 De
423 2799 519 2839 reaia
534 2800 597 2831 etc.
613 2800 695 2840 part.
715 2800 739 2830 I.
757 2800 817 2831 art.
835 2800 890 2831 1v.
904 2807 974 2840 cap.
990 2801 1044 2832 lv.
1061 2799 1116 2832 cit.
1132 2799 1183 2832 ed.
1199 2808 1271 2841 pag.
1288 2801 1344 2832 757
1360 2806 1450 2839 seqq.

279 2849 343 2889 (73)
365 2851 426 2891 Op.
446 2851 499 2882 cit.
521 2853 566 2883 De
583 2853 804 2884 matrimonio
820 2860 890 2893 cap.
909 2853 963 2884 lv.
979 2851 1009 2893 §-
1026 2855 1075 2884 87.
