1980 3260
263 235 353 268 cir.
371 235 431 267 111.
450 235 500 266 ni:
520 234 633 267 scer..
652 235 814 267 rorrsr.
833 235 935 267 msr.
955 235 997 267 m
1012 235 1097 266 nir.
1112 236 1235 267 uun.
1256 236 1338 267 mn.
1357 236 1447 267 Aur.
1464 237 1492 267 1.
1567 222 1623 265 85

171 314 262 369 fici,
297 324 340 360 et
370 314 624 361 nominatim
648 331 806 361 causas
831 313 1175 360 matrimoniales
1199 314 1254 360 ad
1282 314 1430 360 sedem
1456 322 1626 379 aposto·

169 387 296 434 licam
338 389 587 454 pertinere,
633 390 695 435 uti
738 406 944 453 expresse
988 388 1210 435 affirmant
1246 399 1412 437 veteres
1457 390 1622 436 romani

169 465 396 528 praesules
415 504 425 521 ,
453 465 627 512 nemine
661 464 998 512 contradicente.
1032 465 1081 510 In
1111 464 1180 511 his
1210 482 1246 511 s.
1278 465 1558 512 Innocentius
1584 465 1619 510 Ι.

171 558 215 587 ιιι
249 542 379 606 epist.
419 542 474 588 ad
508 541 756 587 victricium
791 541 851 587 ita
885 540 1063 588 scribit:
1115 541 1198 586 «Si
1244 541 1433 588 maiores
1469 557 1628 587 causae

171 616 215 661 in
239 617 433 663 medium
456 615 616 661 fuerint
639 615 891 671 devolutae,
921 616 977 661 ad
1003 615 1151 662 sedem
1178 614 1485 678 apostolicam,
1517 615 1630 662 sicut

169 691 368 756 synodus
396 690 727 752 (sardicensis)
756 690 927 746 statuit,
958 700 1001 736 et
1023 690 1151 737 beata
1175 691 1444 738 consuetudo
1467 691 1625 754 exigit,

170 776 269 831 post
291 764 502 812 iudicium
526 763 778 827 episcopale
809 763 1051 810 reserantur
1077 766 1170 825 (2);
1198 785 1219 808 »
1253 776 1295 811 et
1324 783 1360 811 s.
1392 766 1474 813 Leo
1499 766 1554 811 M.
1585 765 1628 810 in

169 842 298 906 epist.
337 839 393 887 ad
431 838 788 902 metropolitanos
824 855 902 903 per
936 839 1159 903 Illyricum
1201 841 1496 888 constitutos:
1541 841 1630 886 «Si

169 933 282 982 quae
312 932 415 963 vero
449 931 634 970 causae,
669 914 839 978 inquit,
877 915 1100 977 graviores
1126 952 1135 961 .
1164 953 1171 960 .
1202 954 1209 961 .
1243 917 1525 972 emerserint,
1554 934 1629 963 eas

169 990 253 1038 sub
286 990 428 1055 ipsius
462 989 671 1037 relatione
698 989 754 1034 ad
783 1005 863 1035 nos
897 989 1010 1054 mitti·
1043 989 1203 1036 debere
1241 990 1544 1046 decrevimus,
1585 1001 1632 1038 ut

168 1077 319 1115 nostra
356 1065 598 1113 secundum
637 1063 984 1111 ecclesiasticum
1022 1082 1185 1112 morem
1220 1065 1437 1112 sententia
1472 1065 1632 1112 finian-

170 1152 240 1189 tur
267 1144 351 1205 (3).
378 1161 399 1185 »
438 1141 544 1187 Item
579 1139 855 1186 Caelestinus
879 1140 956 1185 Ill.
985 1177 994 1195 ,
1029 1141 1105 1204 qui
1135 1141 1180 1186 in
1214 1141 1343 1205 epist.
1375 1141 1430 1188 ad
1461 1141 1632 1188 archie—

170 1219 400 1283 piscopum
434 1232 722 1264 senonensem
760 1214 869 1262 haec
892 1214 1050 1262 habet:
1083 1217 1273 1263 «Nonne
1298 1216 1380 1264 hoc
1404 1217 1628 1281 negotium

169 1294 224 1341 de
257 1292 506 1357 praecipuis
538 1300 581 1338 et
613 1290 754 1353 magis
797 1290 949 1337 arduis
983 1308 1083 1338 esse
1121 1291 1434 1355 dignoscitur?
1477 1292 1633 1356 Utpote

168 1368 287 1435 quod
311 1368 425 1415 inter
447 1367 630 1413 eximias
655 1365 824 1429 regales
855 1384 1066 1430 personas
1091 1405 1099 1413 .
1129 1406 1136 1413 .
1165 1406 1173 1413 .
1214 1367 1388 1422 Quanta
1412 1367 1470 1414 sit
1500 1368 1631 1415 etiam

169 1443 436 1492 matrimonii
466 1442 660 1505 dignitas
689 1451 732 1489 et
756 1459 890 1506 quam
920 1442 1239 1507 circumspecta
1267 1443 1425 1490 debeat
1454 1443 1509 1490 ad
1546 1454 1633 1490 tra-

169 1519 376 1568 ctandum
409 1518 466 1564 de
493 1534 545 1565 eo
579 1516 816 1581 procedere
848 1518 1070 1580 gravitas,
1110 1518 1324 1566 Dominus
1348 1519 1514 1575 innuit,
1554 1519 1630 1582 qui

169 1613 306 1662 quum
335 1595 627 1656 interrogatus
653 1593 835 1649 fuisset,
865 1594 903 1640 si
928 1593 1095 1640 licitum
1131 1605 1249 1642 esset
1281 1612 1457 1642 uxorem
1484 1593 1633 1640 dimit-

170 1682 282 1727 tere,
320 1680 363 1717 et
395 1668 644 1734 quaesitum
679 1680 796 1716 esset
825 1669 880 1715 ab
906 1686 957 1717 eo
993 1687 1128 1734 super
1152 1670 1420 1718 haereditate
1447 1671 1631 1718 duorum

171 1747 352 1794 fratrum
373 1744 661 1792 communiter
682 1744 922 1791 dividenda
937 1782 947 1800 ,
977 1745 1021 1790 in
1046 1762 1133 1792 uno
1158 1755 1307 1792 tacens
1324 1784 1333 1800 ,
1362 1756 1404 1792 et
1427 1746 1471 1791 in
1495 1745 1632 1792 altero

172 1823 237 1871 sic
266 1820 570 1886 respondens:
605 1819 866 1882 Quicumque
900 1830 983 1867 etc.
1024 1838 1102 1884 per
1135 1821 1217 1868 hoc
1245 1821 1451 1867 nimirum
1484 1831 1632 1868 osten-

170 1898 265 1954 dit,
295 1895 413 1960 quod
447 1894 634 1942 ecclesia
666 1894 712 1939 in
745 1895 992 1956 cognitione
1023 1896 1287 1942 matrimonii
1312 1933 1321 1951 ‚
1350 1897 1479 1959 quasi
1517 1905 1632 1943 cete—

172 1973 233 2020 ris
265 1970 505 2019 difficiliori
529 2008 539 2027 ,
567 1986 665 2017 cum
690 1970 845 2016 maiori
868 1987 999 2034 quam
1026 1971 1070 2016 in
1094 1970 1194 2017 aliis
1219 1971 1453 2035 procedere
1477 1970 1634 2018 debeat

171 2047 382 2113 gravitate
419 2047 503 2109 (4).
530 2065 552 2090 »
591 2045 868 2110 Quamquam
903 2045 975 2093 his
1021 2057 1133 2110 opus'
1167 2064 1253 2093 non
1289 2047 1371 2102 sit,
1410 2063 1509 2093 cum
1545 2063 1631 2093 non

172 2133 326 2188 agatur
345 2122 401 2169 de
423 2121 796 2169 reservationibus
821 2122 1087 2186 apostolicae
1110 2122 1245 2170 sedis.
1281 2122 1508 2187 Siquidem
1531 2161 1540 2179 ,
1567 2123 1632 2169 uti

173 2210 286 2249 recte
321 2197 629 2246 animadvertit
659 2197 838 2254 Devoti,
866 2207 915 2243 ut
949 2198 1108 2244 summi
1144 2197 1372 2262 pontifices
1406 2198 1477 2245 ius
1522 2198 1632 2245 illud

173 2282 426 2329 exerceant,
465 2271 583 2336 quod
618 2288 793 2336 semper
823 2283 1132 2330 exercuerunt,
1170 2272 1346 2320 laxandi
1382 2273 1633 2320 dirimentia

174 2349 498 2397 matrimonium
533 2347 870 2412 impedimenta,
898 2347 1010 2394 nihil
1039 2348 1124 2395 sibi
1149 2349 1387 2413 praecipue
1410 2365 1632 2396 reservare

173 2425 440 2481 debuerunt,
478 2440 621 2487 neque
653 2421 820 2487 aliquid
854 2422 909 2470 de
938 2423 1109 2471 iuribus
1144 2424 1472 2490 episcopalibus
1502 2424 1633 2470 dimi-

262 2565 309 2605 (2)
329 2564 422 2606 Apud
442 2565 600 2597 coustant
619 2572 670 2606 ep.
691 2565 731 2595 11.
749 2572 820 2606 cap.
840 2565 896 2597 111.
913 2565 975 2597 col.
996 2568 1067 2599 749.
1087 2574 1119 2598 n.
1138 2571 1169 2598 6.

263 2617 310 2658 (a)
329 2616 423 2658 Apud
444 2617 595 2649 Ballerin.
618 2617 713 2658 epist.
734 2618 774 2648 V.
792 2625 863 2658 cap.
879 2618 934 2650 vt.

262 2669 306 2709 (4)
328 2668 429 2710 Epist.
447 2669 502 2701 lx.
524 2668 611 2709 apud
638 2668 801 2701 Labbeum
823 2669 900 2701 tom.
915 2671 986 2702 xu.
1014 2670 1153 2702 collect.
1169 2670 1334 2702 conc.col.
1354 2674 1425 2702 698.
1442 2669 1493 2702 ed.
1511 2671 1622 2702 venet.

260 2720 320 2753 His
339 2720 541 2753 documentis
559 2720 633 2753 addi
655 2721 790 2762 possunt
808 2730 891 2762 quae
908 2723 1081 2763 suppetunt
1099 2731 1138 2755 ex
1155 2722 1347 2755 Annalibus
1360 2723 1572 2755 Bertinianis
1592 2722 1632 2754 ad

170 2782 223 2806 an.
244 2777 315 2806 831.
338 2774 424 2815 apud
447 2774 619 2806 Echartum
643 2773 759 2806 Gallia
778 2775 900 2806 orient.
917 2775 1047 2806 tom.ll.
1066 2775 1121 2807 lib.
1139 2777 1283 2807 xxviii.
1297 2775 1329 2816 §.
1351 2777 1418 2807 193.
1439 2783 1497 2807 nec
1515 2783 1578 2806 non
1594 2783 1633 2808 ex

173 2825 323 2867 Sigifrido
334 2827 522 2866 moguntino
534 2826 625 2867 epist.
645 2826 684 2859 ad
700 2826 871 2859 Alexandr.
891 2827 945 2859 111.
962 2828 1090 2860 concil.
1107 2829 1265 2860 Geman.
1282 2827 1456 2860 liarizeim.
1473 2835 1543 2868 pag.
1561 2831 1627 2859 152.
