1980 3260
245 273 335 303 cir.
350 273 411 302 111.
429 272 478 303 mc
499 272 613 303 nect..
630 270 911 303 rorsssr.msr.
927 268 1207 302 mmmmm.
1226 269 1309 300 om.
1326 268 1419 300 Aur.
1437 267 1500 299 111.
1542 251 1631 297 123

163 347 227 394 uti
263 365 314 394 ex
349 347 641 403 Cabassutio,
679 358 722 393 et
755 364 808 393 ex
842 345 1054 409 suffragio
1096 344 1184 391 lato
1222 345 1267 390 in
1308 344 1497 391 concilio
1535 344 1632 408 ipso

165 423 403 471 tridentino
438 423 493 470 ab
526 423 736 488 episcopo
765 432 1013 486 augustano
1046 421 1372 468 adnotavimus.

263 500 308 546 2.
346 498 639 547 Adversarius
684 508 734 545 ut
774 509 899 545 eruat
941 497 1010 544 ius
1051 497 1096 543 in
1142 496 1333 543 subditis
1375 496 1431 542 ad
1473 495 1635 542 haben·

163 572 266 619 dam
307 573 640 629 relaxationem,
679 583 812 637 atque
852 571 1163 634 obligationem
1204 572 1260 618 ad
1300 588 1397 618 eam
1438 570 1632 617 dandam

170 665 223 695 ex
259 659 383 713 parte
417 648 695 712 superiorum
718 685 727 703 ,
758 664 836 711 pro
869 657 987 693 certo
1022 646 1160 693 sumit
1183 646 1293 692 illud
1322 645 1635 710 praestandum

164 723 477 787 obligationem
502 722 663 768 inferre
679 760 688 778 ‚
716 732 759 768 et
783 733 928 768 tamen
944 760 953 777 ,
981 732 1028 768 ut
1053 731 1172 785 patet
1188 739 1240 768 ex
1258 722 1470 768 orationis
1492 721 1606 768 serie
1621 759 1630 777 ‚

169 816 223 846 ea
256 816 339 846 vox
360 798 698 862 praestandum,
738 815 825 844 non
860 797 1064 861 exprimit
1097 797 1285 843 debitum
1320 797 1601 844 relaxationis
1621 835 1630 853 ,

165 875 244 922 sed
269 874 440 921 modum
463 873 703 939 praecipit,
728 890 816 938 quo
840 873 1058 920 eiusmodi
1084 872 1375 919 relaxationes
1407 873 1635 920 faciendae

165 950 280 1006 sint,
309 967 446 997 causa
470 950 661 1014 primum
694 949 895 1014 cognita,
923 966 976 996 ac
1004 952 1178 995 summa
1202 949 1478 1005 maturitate;
1507 959 1636 1013 prout

165 1026 307 1090 magis
344 1026 496 1090 patefit
531 1043 584 1073 ex
619 1043 788 1090 poena,
827 1043 906 1073 seu
944 1025 1285 1072 comminatione
1320 1025 1517 1073 adiecta:
1557 1026 1636 1071 ali-

166 1112 310 1165 terque
344 1102 607 1165 dispensatio
637 1103 779 1166 facta,
819 1102 1075 1165 subreptitia
1110 1111 1345 1148 censeatur.

262 1179 305 1223 3.
346 1176 618 1224 Universalis
660 1176 877 1224 ecclesiae
910 1177 1060 1241 praxis
1097 1177 1350 1223 immediate
1387 1188 1486 1241 post
1531 1194 1636 1224 con-

164 1252 257 1300 cilii
295 1253 521 1300 tridentini
558 1252 895 1300 celebrationem
942 1252 1109 1299 iamdiu
1140 1270 1292 1299 verum
1332 1252 1495 1299 decreti
1541 1271 1636 1300 sen-

163 1345 262 1375 sum
307 1328 629 1376 determinavit.
675 1329 784 1374 Nam
827 1328 896 1375 vel
934 1328 965 1374 ii
1010 1325 1098 1392 ipsi
1142 1328 1370 1392 episcopi,
1409 1345 1434 1374 e
1468 1328 1632 1392 quibus

166 1404 391 1452 decretum
427 1404 670 1460 emanavit,
702 1404 758 1451 ad
790 1404 918 1452 sedes
954 1421 1059 1451 suas
1083 1404 1248 1451 reversi
1279 1421 1504 1451 recurrere
1537 1421 1637 1451 con-

166 1490 406 1528 sueverunt
439 1480 495 1528 ad
531 1480 821 1544 apostolicam
857 1480 1007 1527 sedem
1041 1491 1090 1527 ut
1123 1480 1370 1528 obtinerent
1409 1480 1635 1527 relaxandi

166 1555 434 1603 facultatem.
474 1556 528 1603 At
561 1567 677 1603 certe
710 1556 797 1620 ipsi
832 1556 997 1603 decreti
1034 1556 1260 1603 tridentini
1297 1574 1476 1603 sensum
1512 1557 1637 1619 igno-

169 1649 268 1679 rare
292 1650 380 1679 non
404 1642 621 1696 poterant.
649 1633 746 1679 Duo
770 1633 957 1680 concilia
982 1632 1272 1696 provincialia
1290 1671 1299 1688 ‚
1329 1650 1443 1697 quae
1468 1634 1511 1678 in
1537 1633 1637 1679 Gal-

166 1708 239 1756 liis
265 1719 365 1773 post
391 1707 675 1755 tridentinam
710 1708 931 1773 synodum
957 1719 1196 1756 convocata
1220 1719 1347 1764 sunt,
1377 1708 1544 1755 scilicet
1569 1718 1637 1754 tu-

168 1801 356 1831 ronense
388 1794 431 1831 et
464 1783 741 1840 tolosanum,
769 1794 818 1830 ut
852 1802 934 1832 suo
969 1784 1065 1832 loco
1098 1784 1295 1830 vidimus
1319 1822 1328 1840 ,
1357 1784 1638 1831 declararunt

165 1859 399 1924 episcopos
435 1858 555 1905 haud
590 1875 722 1924 posse
754 1858 1016 1923 dispensare
1041 1859 1096 1906 ab
1122 1859 1453 1923 impedimentis
1489 1859 1638 1905 matri-

167 1934 366 1981 monium
394 1934 722 1982 dirimentibus.
751 1935 937 1982 Demum
957 1973 966 1991 ,
994 1935 1175 1982 omissis
1200 1935 1419 1999 theologis
1444 1946 1487 1982 et
1511 1952 1640 1982 cano-

171 2027 276 2056 num
300 2010 618 2074 interpretibus
635 2049 644 2066 ,
683 2011 759 2075 qui
783 2011 1017 2058 unanimes
1043 2011 1127 2058 hac
1152 2010 1197 2056 in
1222 2029 1268 2059 re
1293 2022 1421 2067 sunt,
1456 2028 1639 2074 congre-

168 2086 370 2149 gationes
405 2104 612 2134 romanae
644 2105 795 2134 verum
831 2105 1178 2152 germanumque
1212 2087 1439 2134 tridentini
1475 2087 1639 2135 decreti

170 2179 349 2209 sensum
370 2173 665 2226 aperuerunt,
689 2173 737 2209 ut
761 2173 946 2210 testatur
968 2164 1231 2211 Benedictus
1247 2164 1356 2210 XIV.
1380 2163 1452 2210 his
1470 2164 1638 2210 verbis:

170 2257 193 2281 «
215 2238 374 2284 Sacrae
403 2237 526 2284 urbis
552 2238 941 2301 congregationes,
966 2239 1141 2286 concilii
1165 2239 1394 2296 videlicet,
1418 2250 1460 2286 et
1485 2257 1641 2304 supre-

169 2331 267 2360 mae
291 2313 596 2377 inquisitionis
613 2351 623 2368 ‚
653 2330 740 2360 non
767 2314 902 2361 semel
928 2315 1284 2379 proscripserunt
1314 2325 1538 2379 tamquam
1564 2315 1642 2362 fal-

169 2406 266 2435 sam
302 2399 344 2436 et
389 2389 665 2436 temerariam
708 2390 1056 2453 propositionem
1101 2402 1374 2438 asserentem
1418 2391 1640 2455 episcopis

169 2465 238 2512 ius
285 2464 577 2529 dispensandi
625 2483 761 2530 super
794 2466 1108 2531 impedimento
1158 2468 1395 2514 dirimente
1430 2467 1634 2531 publicO,

167 2540 288 2605 quod
323 2540 512 2588 obsistat
535 2542 820 2589 matrimonio
845 2542 1166 2599 contrahendo,
1199 2543 1372 2590 etiamsi
1398 2543 1546 2606 gravis
1571 2559 1641 2588 ur-

167 2627 270 2678 geat
303 2616 413 2663 illud
447 2617 737 2664 contrahendi
774 2619 1014 2666 necessitas
1046 2621 1202 2680 (78).»

269 2694 312 2739 4.
352 2693 479 2740 Falso
518 2694 706 2741 assumit
747 2693 1027 2742 adversarius
1072 2695 1358 2743 tridentinum
1407 2695 1462 2741 ad
1503 2694 1643 2759 perse-

168 2769 360 2817 ctionem
396 2770 571 2817 tandem
607 2770 848 2818 adduxisse
888 2771 1067 2820 decreto
1101 2790 1182 2819 suo
1218 2770 1538 2818 relaxationum
1572 2788 1643 2834 sy-

264 2871 326 2909 ”78)
349 2872 397 2900 Dc
418 2869 545 2909 synodo
563 2868 668 2902 dioec.
686 2869 741 2901 lib.
762 2870 815 2901 lx.
839 2878 909 2910 cap.
933 2871 971 2901 11.
