1980 3260
345 269 433 318 462
597 282 680 314 Lm.
707 262 765 314 Π.ι
783 281 898 314 SECT.
926 281 1099 313 ALTERA.
1127 279 1181 312 DE
1217 280 1382 312 POTEST.
1412 281 1552 313 clvlm.

342 371 493 410 auctor
536 357 749 422 allegatae
793 357 1119 405 dissertationis
1157 357 1202 403 in
1245 357 1528 405 nobilissima
1567 356 1815 407 lovaniensi

342 436 560 485 catholica
586 433 874 482 universitate
897 435 1016 496 (39),
1048 443 1097 480 ut
1126 432 1237 481 alios
1267 433 1466 480 omittam
1501 434 1579 499 qui
1616 433 1816 498 philoso-

340 512 472 578 phico
498 511 581 559 sub
608 520 825 575 respectu,
847 509 932 557 hoc
966 509 1084 556 idem
1120 520 1427 573 argumentum
1452 511 1615 558 Romae
1643 510 1700 558 ad
1731 521 1818 558 tru-

339 589 477 636 tinam
522 597 813 643 revocarunt‚
863 603 916 633 ac
956 586 1237 651 principibus
1281 586 1540 635 infidelibus
1580 588 1652 635 ius
1696 586 1816 635 istud

339 663 461 711 nulla
494 663 663 711 ratione
697 662 932 710 convenire
963 663 1254 710 'ostenderunt
1297 664 1413 726 (40).
1453 664 1549 711 Non
1582 676 1651 711 est
1685 664 1820 728 igitur

338 739 538 787 doctrina
578 757 656 786 seu
705 738 927 786 sententia
959 738 1071 785 haec
1103 749 1256 786 nostra
1290 750 1366 786 aut
1399 756 1513 788 nova
1537 779 1546 797 ‚
1586 751 1662 788 aut
1694 743 1818 805 pere—

340 809 493 880 grina,
527 815 703 863 omnive
736 814 996 862 auctoritate
1024 813 1259 872 destituta3
1293 815 1428 863 immo
1456 833 1562 864 vero
1594 834 1682 864 non
1707 833 1819 881 pau-

338 909 488 940 corum
513 901 582 951 est
613 891 873 939 auctoritate
913 890 1114 939 suffulta.
1153 892 1339 938 Tantum
1376 892 1503 940 abest
1541 903 1591 940 ut
1622 903 1813 958 pugnet,

338 967 462 1033 quod
490 967 622 1032 vulgo
656 967 869 1024 traditur,
912 985 1013 1016 cum
1048 967 1354 1032 theologorum
1395 967 1818 1044 canonistarumque

336 1044 559 1102 communi
586 1043 823 1091 sententia
1583 1059 1585 1061 ’

372 1134 374 1136 ·
431 1120 587 1168 Dicam
617 1122 661 1167 2.
686 1120 991 1168 auctoritatem
1016 1119 1340 1184 praecipuam,
1376 1117 1589 1166 nimirum
1619 1118 1819 1184 Angelici

337 1194 556 1254 doctoris,
595 1196 723 1244 cuius
757 1195 1041 1260 potissimum
1087 1194 1303 1257 suffragio
1338 1194 1583 1243 adversarii
1625 1194 1822 1255 innitun-

339 1281 409 1320 'tur
437 1273 477 1320 si
509 1273 703 1339 penitius
744 1271 1076 1336 introspiciatur
1105 1271 1380 1336 deprehendi
1415 1272 1528 1336 ipsis
1556 1271 1822 1337 planeco'n-

342 1350 524 1397 trariam
560 1349 975 1413 adversantemque.
1016 1349 1127 1395 Nam
1164 1349 1210 1394 1.
1239 1366 1278 1396 s.
1308 1348 1500 1396 Thomas
1535 1349 1743 1414 nuspiam
1772 1350 1822 1396 'et

338 1443 583 1491 numquam
620 1425 774 1473 tribuit
812 1425 1094 1490 principibus
1130 1425 1225 1473 sive
1259 1425 1468 1473 fidelibus
1503 1426 1598 1474 sive
1632 1424 1820 1485 infideli·-

338 1500 425 1550 bus
454 1502 524 1550 ius
545 1501 670 1567 leges
697 1501 868 1549 ferendi
896 1501 1155 1549 dirimentes
1193 1502 1490 1569 matrimonia.
1513 1502 1689 1550 Etenim
1721 1502 1819 1550 eius

337 1579 592 1627 testimouia
619 1617 629 1637 ,
673 1595 790 1644 quae
823 1578 912 1625 huc
947 1578 1199 1626 referuntur
1233 1578 1470 1645 desumpta
1503 1589 1608 1627 sunt
1639 1589 1732 1626 tum
1766 1595 1820 1646 ex

338 1733 411 1766 pag.
429 1730 459 1758 2.
475 1724 516 1757 ad
541 1729 609 1758 115.
629 1725 684 1758 ubi
708 1724 851 1757 ostendit
874 1723 989 1757 Nulla
1012 1726 1149 1757 ratione
1171 1725 1318 1766 probari
1341 1734 1439 1767 posse
1460 1727 1613 1768 principi
1642 1725 1821 1759 saeculari

333 1779 516 1819 propriam
536 1786 606 1810 esse
623 1779 831 1819 potestatem
852 1779 1070 1810 matrimonia
1090 1779 1312 1811 contractum
1335 1778 1823 1820 dirimend13argumentaque

338 1830 465 1871 singula
488 1832 558 1863 tum
584 1840 604 1863 a
625 1830 773 1863 carriere
797 1832 867 1862 tum
892 1829 933 1862 ab
962 1830 1035 1862 aliis
1062 1830 1223 1871 theologis
1245 1832 1300 1863 aut
1322 1831 1499 1863 canonistis
1523 1831 1565 1863 ad
1587 1823 1821 1863 vindicandam

337 1883 475 1925 principi
505 1883 628 1916 infideli
653 1884 878 1916 auctoritatem
905 1883 1079 1915 dirimendi
1110 1883 1218 1925 quoad
1244 1884 1414 1916 vinculum
1447 1893 1581 1916 suorum
1613 1883 1821 1916 subditorum

339 1936 519 1969 infidelium
546 1938 754 1970 matrimonia
774 1937 920 1978 apprime
938 1937 1098 1978 discutit,
1122 1946 1299 1979 eorumque
1318 1937 1540 1971 infirmitatem
1563 1937 1684 1979 detegit
1699 1946 1738 1970 ac
1752 1937 1819 1970 ina-

337 1989 471 2022 nitatem
495 1991 674 2023 ciarissimo
689 1990 724 2022 in
741 1990 866 2023 lumine
880 1990 983 2032 ponit.

435 2035 505 2083 (39)·
522 2045 594 2075 Ant.
603 2044 724 2076 Reuser
740 2043 772 2074 in
787 2043 842 2075 eit.
855 2043 1306 2084 Diss.ti1eoiogico·canonica
1320 2045 1369 2075 De
1379 2045 1551 2085 potestate
1564 2042 1745 2075 stat-uendi
1761 2044 1821 2075 im-

331 2095 535 2137 pedimenta
553 2096 773 2136 dirimentia,
785 2098 908 2129 Lovan.
932 2100 1022 2129 1853.
1040 2098 1131 2134 Quae
1144 2098 1181 2128 ut
1196 2096 1294 2137 paulo
1309 2098 1383 2128 ante
1398 2097 1524 2138 monui,
1540 2096 1580 2128 ad
1597 2104 1713 2129 manus
1732 2104 1820 2129 meas

338 2148 506 2189 pervenit,
522 2157 623 2188 quum
635 2149 892 2182 lucubrationem
911 2157 1016 2181 meam
1034 2149 1258 2181 absolvissem.
1273 2149 1336 2181 Hic
1350 2149 1449 2189 igitur
1462 2148 1496 2180 ln
1511 2148 1610 2181 docta
1629 2148 1691 2181 hac
1705 2148 1821 2181 disser-

337 2201 461 2234 tatione
476 2209 508 2242 p.
527 2202 583 2233 111.
599 2211 670 2243 cap.
685 2204 725 2234 V.
743 2205 815 2235 tum
831 2202 986 2243 Gerbais,
1003 2203 1075 2234 tum
1100 2202 1246 2234 Carriere
1265 2202 1470 2242 aliorumque
1488 2201 1684 2243 principium
1705 2201 1823 2234 evertit

339 2253 381 2286 de
400 2254 559 2294 potestate
582 2254 764 2295 principum
787 2255 938 2296 propria,
955 2255 1144 2296 praesertim
1164 2253 1344 2286 infidelium
1361 2253 1402 2286 ad
1417 2253 1597 2286 infidelium
1616 2253 1821 2287 subditorum

337 2305 488 2348 coniugia
510 2306 702 2339 dirimenda.
721 2308 818 2340 Plura
837 2308 965 2340 addidit
983 2308 1023 2340 iis
1052 2316 1139 2349 quae
1157 2307 1334 2349 scripserat
1355 2307 1495 2347 Martini,
1519 2309 1619 2349 atque
1639 2306 1822 2341 eruditione

339 2368 404 2392 non
420 2360 547 2400 vulgari
561 2360 749 2400 confirmat,
762 2363 798 2392 et
811 2362 963 2394 illustrat.

435 2413 502 2455 (40)
526 2413 576 2445 Cf.
603 2412 791 2445 Liberatore
821 2416 939 2446 inscie.
965 2413 1165 2456 Philosoph.
1187 2413 1255 2446 vol.
1277 2415 1334 2446 111.
1354 2413 1485 2446 Ethica
1511 2414 1553 2449 ct,
1575 2415 1631 2446 tus
1658 2414 1821 2446 naturae.

343 2465 395 2498 ed.
409 2467 497 2499 vm.
515 2467 636 2498 Romae
663 2469 751 2498 1855.
769 2465 825 2498 lib.
843 2468 886 2498 li.
900 2475 971 2507 cap.
990 2468 1016 2498 1.
1030 2468 1092 2498 art.
1111 2468 1167 2499 lV.

434 2520 500 2551 Nec
514 2518 729 2550 omittendum
746 2520 857 2559 Prosp.
873 2520 1018 2560 Fugnaui
1039 2519 1162 2551 iamdiu
1184 2520 1217 2551 in
1239 2528 1311 2561 cap.
1327 2520 1379 2552 Nc
1395 2519 1563 2552 innitaris
1581 2520 1671 2551 extra
1685 2517 1728 2551 dc
1742 2522 1820 2550 con-

339 2571 532 2604 ditionibus
546 2572 628 2603 inter
643 2571 878 2613 propositiones
893 2572 1080 2604 temerarias
1097 2575 1130 2605 et
1144 2572 1351 2605 scandalosas
1363 2573 1396 2605 et
1409 2572 1494 2611 lianc
1510 2579 1693 2613 recensereg
1704 2584 1721 2599 ει
1731 2571 1822 2603 Prin·

340 2625 429 2666 cipes
458 2623 619 2657 seculares
647 2633 692 2656 ex
714 2632 836 2665 yenere
862 2625 896 2655 et
921 2626 1054 2657 natura
1081 2634 1167 2658 suae
1189 2627 1375 2667 potestatis
1398 2625 1549 2667 possunt
1575 2623 1823 2666 impedimenta

341 2675 606 2710 matrimonium
628 2675 829 2709 dirimentia
841 2675 1011 2716 fidelibus
1023 2677 1089 2709 sibi
1101 2677 1251 2710 subditis
1264 2687 1305 2711 ex
1319 2676 1404 2710 iusta
1423 2685 1522 2710 causa
1540 2677 1608 2709 suis
1628 2675 1752 2719 iegibus
1773 2668 1821 2708 iri-

344 2729 452 2762 dicere
463 2739 502 2762 eo
513 2730 612 2763 modo
626 2740 692 2772 quo
706 2739 852 2763 summus
867 2729 1044 2771 pontifex.»
1055 2732 1216 2772 Loquitur
1227 2731 1360 2773 quidem
1377 2731 1430 2763 hic
1442 2730 1610 2763 canonista
1620 2729 1661 2762 de
1669 2730 1821 2771 principi·

343 2782 405 2815 bus
435 2783 545 2824 quoad
565 2783 714 2816 subditos
730 2782 856 2823 fideles
883 2784 1027 2815 attamen
1053 2783 1181 2825 impetit
1206 2783 1402 2826 principium
1430 2782 1578 2824 generale
1600 2782 1642 2815 de
1667 2783 1826 2824 potestate

341 2836 528 2869 inhaerente
553 2837 747 2879 principatui
775 2837 810 2869 in
839 2845 971 2878 genere:
1000 2845 1044 2869 ex
1067 2845 1190 2878 yenerc
1220 2839 1255 2869 ct
1282 2839 1415 2870 natura
1437 2845 1523 2870 suae
1551 2837 1753 2879 potestatis,
1783 2844 1821 2869 ac

340 2891 511 2931 propterea
534 2891 663 2931 attingit
683 2891 778 2923 etiam
796 2889 957 2932 principes
973 2889 1118 2923 infideles
1138 2890 1246 2931 quoad
1265 2890 1415 2923 subditos
1430 2889 1586 2923 infideles.
