1980 3260
310 218 401 268 cir.
420 234 479 267 vi.
498 233 549 266 m:
566 232 692 266 nii-n.
710 231 887 265 ninum.
906 232 990 265 mr.
1003 232 1051 265 si:
1068 231 1148 264 vm.
1160 230 1244 265 cuni
1264 231 1388 265 cim.
1403 232 1496 265 inr.
1514 231 1560 265 11.
1621 216 1715 265 ‘215

342 311 661 361 Recentissime
690 310 805 358 hanc
828 309 1090 358 sententiam
1107 309 1153 357 in
1170 310 1355 359 Bavaria
1377 310 1577 359 defendit
1598 309 1717 359 Ada-

244 406 345 437 mus
380 388 597 454 Iosephus
633 388 773 451 Uhrig
807 386 1033 453 professor
1065 386 1342 451 Dilingensis
1381 389 1499 451 (24).
1527 387 1717 436 Glande-

244 465 361 514 stina
383 464 665 512 matrimonia
687 474 780 511 tum
805 463 1141 529 protestantium
1166 473 1258 510 tum
1281 463 1419 512 mixta
1440 463 1591 512 valida
1615 481 1717 512 esse

242 541 372 590 docet
401 541 672 605 ubicumque
706 540 799 587 sint
831 540 1062 587 societates
1097 540 1394 598 acatholicae,
1422 538 1602 589 innixus
1636 557 1716 605 po—

242 617 466 665 tissimum
498 615 793 662 Declarationi
834 615 1057 662 Benedicti
1097 614 1206 662 XIV.
1244 617 1384 680 Super
1426 618 1716 664 matrimoniis

243 689 504 740 Hollandiae
539 689 613 736 die
650 691 692 736 4.
722 691 1101 738 Nov.1741.nec
1135 707 1223 738 non
1257 691 1415 740 litteris
1449 709 1476 739 a
1509 693 1586 741 Pio
1619 693 1710 739 vll.

242 768 318 815 die
342 768 419 813 20.
443 765 557 813 Iunii
584 766 726 811 1805.
749 765 805 812 ad
829 764 1127 829 Napoleonem
1151 766 1290 822 datis,
1318 777 1411 815 tum
1435 768 1568 815 etiam
1587 768 1715 817 Brevi

241 843 308 890 Pii
338 842 453 889 VIII.
490 841 565 888 die
606 842 681 887 25.
722 840 865 888 Martii
900 842 1042 888 1830.
1082 852 1216 906 atque
1261 842 1542 891 instructioni
1577 861 1715 909 quam

240 917 314 964 die
364 918 440 964 27.
474 916 675 965 eiusdem
719 916 891 964 mensis
937 916 1055 964 idem
1100 916 1296 982 pontifex
1338 916 1462 965 dedit
1504 918 1562 965 ad
1606 936 1718 984 qua-

239 1002 339 1041 tuor
368 992 604 1058 episcopos
638 992 893 1058 provinciae
925 991 1068 1039 Rheni
1102 991 1341 1040 inferioris.
1372 992 1519 1048 Quum
1552 1010 1656 1042 vero
1688 1012 1715 1043 a

238 1068 293 1116 D.
317 1069 482 1135 Knopp
510 1069 798 1134 impugnatus
832 1068 992 1126 fuerit,
1026 1067 1144 1116 idem
1179 1069 1406 1134 professor
1439 1069 1578 1133 Uhrig
1613 1087 1714 1118 sen-

238 1146 421 1193 tentiam
440 1163 566 1194 suam
585 1145 878 1194 confirmavit.
891 1144 1215 1193 Animadvertit
1232 1162 1364 1210 porro
1382 1146 1574 1211 supponi
1593 1146 1715 1195 nullo

237 1222 369 1270 modo
392 1239 548 1287 posse,
579 1222 842 1270 tridentinos
867 1231 1015 1286 patres
1044 1221 1220 1270 decreto
1246 1238 1328 1270 suo
1350 1221 1547 1271 voluisse
1571 1233 1715 1288 prote·

239 1299 451 1346 stantium
486 1299 618 1347 etiam
651 1298 858 1362 coniugia
890 1298 1017 1346 irrita
1050 1298 1195 1346 facere
1215 1335 1225 1355 ‚
1265 1316 1404 1363 quum
1440 1316 1493 1347 ea
1514 1337 1524 1357 ,
1563 1309 1715 1364 utpote

238 1373 589 1434 haereticorum,
617 1394 644 1424 a
666 1375 885 1424 catholico
917 1374 1113 1440 parocho
1145 1374 1348 1424 benedici
1381 1393 1470 1424 non
1501 1387 1707 1441 possent,

238 1450 343 1499 licet
359 1451 405 1498 id
424 1462 717 1517 protestantes
741 1452 951 1515 coniuges
975 1451 1265 1516 postularent.
1290 1449 1557 1517 Opinionem
1582 1469 1710 1499 suam

238 1527 471 1576 confirmat
517 1546 555 1577 s.
589 1529 712 1577 sedis
746 1527 1119 1576 declarationibus
1155 1538 1288 1592 atque
1321 1527 1536 1576 ecclesiae
1564 1528 1707 1593 praxi.

238 1602 367 1660 Quod
401 1604 556 1652 attinet
587 1604 643 1652 ad
678 1604 960 1652 matrimonia
988 1604 1149 1661 mixta,
1176 1603 1238 1651 ait
1261 1603 1545 1651 tridentinam
1569 1603 1712 1668 legem

238 1697 320 1744 per
358 1697 408 1728 se
446 1698 547 1728 esse
579 1681 774 1729 validam
799 1718 809 1738 ,
853 1680 930 1728 sed
967 1698 1104 1746 quum
1139 1696 1193 1727 ea
1226 1697 1314 1728 non
1348 1680 1408 1728 sit
1439 1681 1591 1728 innixa
1625 1680 1710 1728 iuri

241 1755 429 1803 naturali
454 1766 531 1804 aut
553 1756 704 1804 divino
719 1794 729 1813 ,
764 1755 843 1804 sed
867 1756 954 1803 iuri
978 1766 1148 1804 tantum
1174 1756 1363 1821 positivo
1386 1755 1707 1814 ecclesiastico,

237 1832 466 1880 contendit
495 1832 586 1881 vim
622 1849 749 1880 suam
784 1850 920 1897 posse
953 1833 1153 1880 amittere
1176 1848 1229 1879 ex
1253 1833 1473 1880 contraria
1502 1832 1711 1881 diuturna

235 1909 590 1966 consuetudine,
623 1910 846 1975 adeoque,
874 1919 923 1957 ut
944 1908 1094 1957 valida
1127 1908 1282 1956 haberi
1318 1926 1451 1973 posse
1483 1909 1711 1957 matrimo-

234 1984 310 2032 nia
333 1984 472 2033 mixta
493 1985 604 2033 inita
628 2003 776 2034 coram
800 1986 1002 2033 ministro
1037 1984 1284 2033 acatholico
1316 1983 1587 2049 ubicumque
1609 2002 1708 2034 mos

236 2060 312 2110 hic
344 2061 423 2108 diu
456 2061 670 2119 invaluit,
699 2062 763 2110 uti
787 2062 832 2109 in
857 2061 1093 2109 Hollandia
1116 2071 1249 2126 atque
1271 2061 1318 2108 in
1342 2061 1591 2108 Germania.
1615 2062 1708 2110 Iam

231 2153 337 2187 vero
370 2138 416 2183 in
451 2148 577 2186 aestu
617 2139 941 2187 controversiae
975 2137 1049 2186 hic
1082 2149 1234 2186 auctor
1266 2154 1318 2186 eo
1350 2155 1496 2203 usque
1528 2156 1710 2204 progre-

233 2212 382 2271 ditur,
420 2223 469 2261 ut
502 2213 767 2262 contrariam
809 2214 1072 2262 sententiam
1095 2251 1106 2271 ,
1145 2231 1259 2279 quae
1301 2223 1449 2262 tamen
1471 2251 1482 2271 ,
1519 2225 1569 2262 ut
1602 2232 1705 2263 mox

233 2287 516 2346 videbimus,
553 2289 684 2336 unice
727 2306 833 2337 vera
871 2299 964 2347 est,
1003 2300 1052 2337 ut
1085 2289 1263 2338 omnino
1295 2289 1536 2337 absurdam
1570 2290 1706 2338 vehe-

233 2374 404 2412 menter
435 2365 690 2413 insectetur.

331 2441 382 2487 In
416 2439 569 2488 Galliis
603 2441 759 2489 eadem
784 2442 915 2490 etiam
939 2443 1157 2491 sententia
1180 2443 1237 2490 de
1258 2442 1486 2491 validitate
1510 2443 1704 2490 fautores

234 2515 418 2574 habuit,
446 2527 489 2564 et
512 2517 659 2582 quoad
685 2517 849 2565 Gallias
873 2518 1052 2583 quidem
1078 2519 1338 2567 nominatim
1374 2517 1575 2566 nonnulli
1600 2529 1705 2565 sunt

233 2590 454 2656 theologi,
482 2593 559 2658 qui
584 2593 787 2642 diversas
811 2593 1004 2659 epochas
1039 2595 1343 2660 distinguant,
1373 2596 1417 2641 1.
1437 2594 1557 2641 illam
1582 2594 1703 2641 scili-

229 2678 331 2726 cet,
378 2686 493 2734 quae
539 2669 781 2734 praecessit
826 2670 1145 2720 revocationem
1194 2671 1324 2719 edicti
1372 2669 1695 2725 nannetensis;

324 2792 390 2832 (24)
411 2794 449 2825 In
469 2795 678 2836 responsione
692 2803 791 2836 quam
809 2795 899 2828 dedit
917 2795 1045 2828 doctori
1061 2797 1177 2837 Knopp
1200 2796 1233 2828 in
1255 2796 1443 2837 quaestione
1457 2794 1498 2826 de
1515 2793 1702 2826 extensione

228 2845 461 2879 Declarationis
473 2846 696 2882 benedictinae
710 2849 796 2881 circa
810 2848 1014 2883 matrimonia
1023 2849 1216 2882 Hollandiae
1230 2848 1295 2881 vol.
1309 2852 1336 2881 ι.
1352 2848 1430 2880 ἰιι-4.
1446 2847 1593 2888 Dilingae
1610 2848 1698 2880 1854.
