1980 3260
286 250 376 281 CAP.
394 249 468 281 Vll.
488 250 539 281 DE
557 250 680 282 MATR.
698 250 825 282 {Nrms
843 249 925 281 CUM
946 249 1079 280 FIDEL.
1101 249 1179 280 VEL
1200 250 1282 280 lNT.
1301 250 1363 281 SE.
1389 250 1479 280 ΛΒΤ.
1506 250 1532 280 Ι.
1611 233 1699 277 295

241 326 379 384 libro,
423 328 528 375 dum
564 328 620 375 de
654 327 1045 375 indissolubilitatc
1084 340 1308 392 tamquam
1351 327 1405 374 de
1443 327 1705 391 proprietate

238 403 472 451 christiani
503 404 711 452 connubii
748 405 1036 452 disseremus.

335 479 448 527 Illud
475 498 592 528 nunc
615 481 789 527 firmum
808 491 1004 537 maneat;
1027 479 1240 546 quamdiu
1265 479 1466 527 infideles
1494 480 1704 541 coniuges

236 555 368 603 ambo
394 555 438 602 in
464 556 724 603 infidelitate
749 568 1029 621 permanent,
1052 556 1251 620 ipsorum
1277 555 1530 618 coniugium
1555 572 1705 602 verum

237 646 290 676 ac
331 629 577 693 legitimum
611 648 743 687 esse,
788 632 991 695 quamvis
1029 631 1112 678 sub
1147 632 1300 696 aliqua
1340 631 1508 678 ratione
1552 632 1708 693 imper-

236 706 409 770 fectum,
428 714 478 752 ut
494 706 807 754 animadvertit
823 725 861 754 s.
877 707 1070 754 Thomas
1090 707 1288 755 scribens
1307 726 1315 753 :
1342 706 1706 754 «Matrimonium

236 779 544 847 principaliter
572 781 819 829 institutum
850 792 918 829 est
947 783 1002 829 ad
1029 783 1191 830 bonum
1227 782 1365 846 prolis
1383 821 1392 838 ,
1423 801 1510 830 non
1535 793 1704 829 tantum

232 855 544 917 generandae,
582 856 688 920 quia
722 857 807 904 hoc
843 858 941 904 sine
976 857 1256 904 matrimonio
1291 858 1383 904 fieri
1420 868 1596 922 posset,
1628 858 1706 904 sed

234 931 370 978 etiam
407 932 729 996 promovendae
761 932 818 979 ad
852 933 1092 997 perfectum
1131 942 1290 980 statum
1309 971 1318 989 ,
1347 934 1454 997 quia
1486 933 1709 997 quaelihet

237 997 309 1054 res
339 1006 528 1054 intendit
559 1007 819 1055 naturaliter
851 1008 1058 1055 effectum
1095 1025 1226 1055 suum
1264 1009 1506 1073 producere
1530 1008 1586 1054 ad
1613 1026 1709 1072 per-

231 1083 399 1131 fectum
429 1093 607 1132 statum.
638 1085 717 1133 Est
749 1095 895 1132 autem
931 1085 975 1131 in
1011 1084 1134 1150 prole
1162 1085 1324 1149 duplex
1359 1084 1574 1131 naturalis
1611 1102 1709 1148 per-

234 1160 369 1207 fectio
402 1161 727 1209 consideranda
744 1200 754 1219 ,
783 1161 954 1209 scilicet
976 1161 1187 1226 perfectio
1212 1172 1422 1218 naturae,
1451 1179 1538 1208 non
1564 1161 1706 1208 solum

237 1243 451 1302 quantum
477 1238 533 1284 ad
559 1255 746 1303 corpus,
780 1238 859 1285 sed
884 1238 1015 1285 etiam
1040 1248 1257 1302 quantum
1293 1238 1349 1284 ad
1380 1238 1599 1295 animam,
1634 1256 1710 1303 per

234 1316 319 1369 ea,
351 1331 466 1379 quae
504 1325 608 1362 sunt
641 1315 697 1362 de
734 1315 830 1378 lege
863 1325 1072 1371 naturae,
1104 1324 1147 1362 et
1180 1315 1388 1378 perfectio
1429 1315 1629 1378 gratiae;
1668 1325 1710 1361 ct

236 1388 378 1453 prima
411 1390 621 1454 perfectio
656 1401 724 1438 est
760 1390 973 1437 naturalis
1015 1401 1058 1437 et
1098 1390 1354 1453 imperfecta
1394 1400 1598 1454 respectu
1640 1408 1709 1436 se-

233 1464 421 1512 cundae.
450 1467 505 1513 Et
529 1466 628 1514 ideo
662 1485 762 1514 cum
800 1484 869 1514 res
888 1505 897 1522 ,
938 1484 1051 1531 quae
1084 1477 1187 1513 sunt
1216 1477 1394 1530 propter
1428 1467 1560 1513 finem
1580 1506 1589 1523 ,
1619 1467 1708 1513 sint

236 1541 591 1606 proportionatae
620 1543 725 1598 fini,
766 1543 1094 1590 matrimonium
1126 1543 1245 1607 quod
1276 1543 1415 1590 tendit
1438 1543 1493 1589 ad
1520 1543 1707 1609 primam

234 1618 548 1682 perfectionem
577 1630 644 1667 est
666 1621 961 1684 imperfectum
984 1631 1027 1667 et
1049 1619 1277 1666 materiale
1312 1631 1514 1684 respectu
1550 1620 1670 1667 illius
1695 1659 1703 1676 ,

234 1694 355 1758 q'uod
381 1695 522 1742 tendit
545 1696 590 1742 in
615 1696 927 1760 perfectionem
954 1695 1211 1742 secundam.
1232 1696 1286 1742 Et
1311 1696 1417 1760 quia
1447 1696 1591 1760 prima
1615 1713 1709 1760 per-

236 1770 363 1818 fectio
398 1772 646 1819 communis
681 1790 781 1819 esse
814 1782 959 1836 potest
994 1771 1200 1818 fidelibus
1235 1783 1278 1818 et
1311 1771 1567 1818 infidelibus
1590 1811 1599 1829 ‚
1640 1790 1709 1819 se—

235 1847 382 1894 cunda
412 1860 558 1895 autem
595 1859 662 1896 est
697 1859 864 1897 tantum
897 1848 1120 1906 fidelium,
1152 1848 1252 1896 ideo
1277 1849 1390 1895 inter
1414 1848 1617 1895 infideles
1642 1860 1711 1895 est

235 1923 417 1988 quidem
447 1926 800 1983 matrimonium,
825 1925 904 1973 sed
934 1943 1017 1972 non
1035 1927 1275 1990 perfectum
1298 1925 1454 1972 ultima
1477 1925 1709 1990 perfectio-

239 2007 319 2058 ne,
361 2000 476 2048 sicut
509 2013 577 2049 est
612 2002 726 2049 inter
760 2001 913 2049 fideles
938 2003 1054 2064 (2).»
1073 2002 1215 2066 Atque
1252 2002 1357 2048 hinc
1384 2001 1545 2048 sactum
1570 2011 1638 2048 est
1664 2011 1711 2047 ut

236 2077 493 2140 coniugium
530 2069 779 2126 infidelium
806 2079 1025 2126 diceretur
1048 2078 1227 2143 quidem
1251 2096 1398 2125 verum
1421 2077 1499 2125 sed
1526 2095 1613 2124 non
1637 2095 1710 2123 ra-

232 2163 350 2209 tum,
390 2154 587 2215 fidelium
624 2165 769 2202 autem
800 2167 843 2202 et
866 2173 1012 2202 verum
1036 2165 1075 2201 ct
1098 2165 1267 2210 ratum,·
1307 2155 1499 2219 itemque
1524 2165 1575 2201 *ut
1604 2171 1709 2201 con—

237 2229 414 2293 iugium
440 2230 693 2277 vinfidelium
728 2231 998 2296 quandoque
1027 2231 1213 2279 solubile
1235 2270 1244 2288 ,
1284 2231 1482 2278 fidelium
1515 2231 1710 2278 indisso-

236 2305 376 2353 lubile
415 2323 597 2370 prorsus
634 2306 867 2354 diceretur.
904 2308 1036 2354 Porro
1071 2307 1126 2354 ad
1163 2308 1333 2371 praxim
1369 2307 1488 2372 quod
1524 2307 1703 2359 attinet,

236 2382 470 2439 adiuncta,
511 2400 626 2446 quae
651 2383 707 2429 ad
733 2383 990 2430 huiusmodi
1027 2384 1219 2447 coniugii
1261 2383 1526 2431 solutionem
1564 2383 1709 2446 requi-

239 2469 395 2505 runtur
410 2497 420 2515 ,
444 2459 572 2523 plura
589 2460 779 2506 ecclesia
803 2460 871 2507 vel
897 2461 1048 2507 statuit
1071 2460 1138 2507 vel
1164 2460 1430 2516 declaravit;
1463 2477 1603 2523 eaque
1628 2476 1707 2505 nos

238 2535 283 2581 in
318 2535 570 2601 insequenti
606 2536 793 2584 articulo
830 2536 1083 2584 afferemus.

334 2613 458 2660 Nunc
487 2613 637 2678 itaque
661 2613 717 2660 ad
743 2614 924 2661 alteram
960 2613 1252 2677 theologicam
1281 2612 1586 2677 quaestionem
1610 2628 1709 2673 gra-

236 2689 343 2736 dum
378 2690 581 2738 facimus.
602 2692 720 2738 circa
751 2690 1049 2738 conditionem
1075 2708 1155 2738 seu
1180 2701 1382 2737 naturam
1406 2706 1539 2753 quam
1565 2687 1710 2734 induit

241 2764 567 2813 matrimonium
612 2766 859 2814 infidelium
894 2766 1074 2831 quando
1110 2778 1294 2830 uterque
1329 2765 1383 2812 ad
1419 2763 1708 2811 christianam

333 2863 378 2904 (2)
398 2867 435 2898 ln
452 2868 478 2898 4.
498 2867 641 2900 sentent.
661 2866 722 2899 dis.
742 2871 790 2899 39.
808 2876 840 2907 q.
860 2871 884 2899 ι.
905 2868 966 2900 art.
985 2872 1015 2900 2.
