1980 3260
296 245 387 278 CAP.
406 246 463 278 1v.
477 246 528 278 DE
548 244 663 279 nect..
680 244 820 277 Po'rsss.
838 243 987 276 SANAN.
1006 243 1131 276 MATR.
1148 243 1191 275 IN
1210 243 1305 277 lun.
1321 243 1414 276 Aur.
1433 243 1463 276 1.
1529 227 1617 274 161

151 322 239 372 lato
279 324 623 389 impedimento,
667 340 757 388 quo
794 322 976 370 vitiatus
1008 332 1103 370 erat
1143 339 1414 379 consensus;
1459 321 1533 371 hic
1571 338 1623 369 eo

151 399 250 464 ipso
297 399 510 464 producet
548 399 730 447 effectus
769 415 923 447 omnes
969 414 1082 462 quos
1123 397 1406 462 produxisset
1445 397 1484 445 si
1525 397 1625 444 nul-

150 474 242 522 lum
276 475 642 541 impedimentum
676 475 916 531 extitisset,
955 473 1206 521 cuiusmodi
1237 484 1341 521 sunt
1363 490 1494 522 verus
1518 489 1620 521 con·

146 562 314 600 tractus
348 551 594 615 coniugalis
618 590 628 609 ‚
661 561 983 599 sacramentum
1006 588 1016 607 ‚
1054 550 1311 614 legitimitas
1339 550 1477 615 prolis
1513 549 1623 597 alia-

153 645 241 693 que
281 628 458 683 omnia,
508 645 624 691 quae
668 627 914 690 legitimum
959 644 1224 674 consensum
1270 637 1618 691 consequuntur.

151 704 368 751 Nimirum
402 719 483 766 per
518 703 738 749 fictionem
778 703 890 749 iuris
929 702 1119 750 ecclesia
1161 703 1526 767 impedimentum
1560 702 1622 750 ita

150 779 296 835 tollit,
342 787 392 824 ut
431 777 542 823 illud
583 777 821 824 sustulisse
864 777 909 822 in
952 788 1053 824 actu
1096 778 1196 841 ipso
1242 777 1333 824 dati
1376 795 1624 826 consensus

146 864 399 910 censeatur3
430 852 630 917 adeoque
665 853 880 918 physicus
915 853 990 899 ille
1022 870 1267 900 consensus
1302 871 1378 901 eos
1404 855 1521 918 parit
1556 853 1621 901 ef-

146 931 286 978 fectus
326 947 439 995 quos
478 929 579 977 ideo
623 938 791 976 tantum
829 946 986 993 parere
1023 946 1111 975 non
1153 939 1343 992 poterat,
1383 929 1490 993 quia
1524 947 1621 978 mo-

147 1007 298 1055 raliter
336 1006 486 1054 nullus
521 1023 573 1054 ac
617 1005 768 1054 irritus
804 1014 898 1053 erat
939 1004 997 1052 ob
1043 1004 1395 1053 ecclesiasticum
1437 1005 1623 1070 impedi-

146 1093 358 1132 mentum.

240 1158 330 1205 Alii
353 1176 445 1206 rem
469 1158 556 1206 sibi
580 1158 786 1206 videntur
809 1157 968 1205 melius
992 1157 1215 1223 explicare
1242 1174 1342 1205 cum
1367 1157 1521 1205 dicunt
1544 1174 1617 1205 ec-

150 1234 334 1282 clesiam
369 1234 687 1299 impedimenta
715 1233 896 1298 quidem
936 1233 1254 1290 constituisse,
1294 1233 1373 1281 sed
1409 1250 1498 1280 non
1527 1250 1622 1280 om-

147 1311 254 1358 nino
281 1310 484 1358 absolute
518 1327 570 1358 ac
603 1327 682 1375 pro
717 1309 875 1375 quovis
900 1326 1007 1357 casu
1029 1348 1039 1367 ‚
1079 1309 1158 1357 sed
1194 1309 1279 1357 sibi
1311 1308 1526 1356 iudicium
1551 1326 1621 1356 re-

146 1403 352 1435 servasse
375 1386 432 1434 de
455 1386 811 1435 extraordinariis
836 1386 1104 1451 quibusdam
1130 1403 1275 1433 rerum
1300 1385 1545 1443 adiunctis,
1574 1386 1621 1432 in

147 1462 314 1528 quibus
349 1480 403 1510 ea
437 1463 753 1528 impedimenta
786 1480 874 1511 non
909 1462 1082 1520 obsint,
1106 1463 1346 1528 quominus
1372 1479 1618 1510 consensus

147 1556 254 1588 suos
288 1539 471 1588 effectus
501 1539 728 1606 producat.
768 1541 818 1586 In
843 1539 928 1588 hac
952 1539 1171 1587 sententia
1200 1538 1375 1604 concipi
1409 1537 1621 1586 deberent

145 1615 364 1663 eiusmodi
398 1616 715 1682 impedimenta
742 1616 1068 1681 quodammodo
1102 1615 1237 1663 alicui
1272 1613 1514 1662 conditioni
1547 1613 1619 1662 vel

146 1691 461 1749 reservationi,
490 1709 570 1740 seu
603 1692 848 1757 exceptioni
885 1691 1076 1739 obnoxia
1108 1709 1161 1738 ex
1189 1691 1290 1755 ipsa
1319 1700 1464 1737 mente
1489 1689 1620 1752 legis-

144 1766 313 1815 latoris.
353 1767 404 1814 Id
440 1767 535 1815 fieri
566 1785 700 1833 posse
733 1785 759 1815 a
793 1768 983 1833 sapienti
1008 1767 1258 1830 legislatore
1292 1766 1405 1814 ratio
1434 1765 1613 1823 suadet;

146 1843 193 1890 id
227 1861 332 1893 vero
367 1844 531 1891 factum
565 1843 622 1891 ab
657 1843 844 1892 ecclesia
875 1844 1015 1891 fuisse
1050 1852 1307 1906 argumento
1342 1859 1441 1889 esse
1474 1852 1619 1906 potest

144 1920 246 1985 ipsa
282 1920 499 1968 ecclesiae
532 1920 693 1984 agendi
729 1921 842 1968 ratio
865 1958 875 1978 ,
913 1936 1028 1984 quae
1060 1918 1343 1966 matrimonia
1385 1916 1611 1974 sanando,
1673 1908 1677 1916 ⁴

145 1997 341 2046 decrevit
373 1997 419 2044 in
453 1997 509 2045 iis
542 1997 721 2045 casibus
757 1996 1117 2062 impedimentum
1160 2011 1248 2043 non
1280 1994 1478 2042 obfuisse
1510 2010 1618 2058 quo-

143 2073 291 2122 minus
320 2090 565 2121 consensus
596 2090 702 2121 suos
727 2072 908 2120 effectus
932 2071 1130 2118 haberet.

238 2149 490 2197 Notandum
520 2167 651 2213 porro
674 2149 774 2197 heic
807 2159 901 2205 est,
932 2148 1051 2213 quod
1086 2165 1187 2196 cum
1211 2147 1399 2195 ecclesia
1432 2145 1615 2211 aliquod

147 2226 475 2275 matrimonium
498 2236 626 2272 sanat
659 2226 704 2271 in
732 2226 903 2283 radice,
933 2242 1020 2272 non
1049 2225 1180 2272 modo
1213 2223 1406 2271 declarat
1428 2240 1616 2270 consen-

146 2318 247 2349 sum
280 2301 478 2351 validum
512 2300 679 2358 fuisse,
718 2300 849 2365 quasi
885 2300 1055 2347 nullum
1096 2309 1326 2348 censeatur
1359 2299 1499 2347 fuisse
1532 2299 1614 2346 im-

146 2377 472 2442 pedimentum,
496 2376 574 2424 sed
600 2377 777 2442 proprie
812 2394 939 2425 suam
972 2386 1141 2424 exercet
1172 2376 1501 2433 auctoritatem,
1534 2392 1615 2423 seu

145 2464 291 2501 actum
315 2453 638 2502 iurisdictionis
652 2492 662 2511 ‚
692 2471 780 2519 quo
798 2464 1022 2519 tamquam
1046 2453 1291 2517 legislatrix
1313 2453 1509 2501 decernit
1532 2469 1612 2517 pro

144 2530 246 2579 talis
279 2531 584 2596 impedimenti
613 2548 721 2578 casu
745 2530 883 2595 legem
914 2548 1003 2579 non
1036 2530 1213 2578 obstare
1247 2530 1500 2578 consensui.
1530 2529 1613 2576 Pa-

144 2624 242 2655 rum
265 2624 369 2655 vero
388 2607 519 2655 refert
537 2608 632 2655 sive
656 2608 830 2656 dicatur
847 2607 892 2655 id
911 2608 1083 2656 efficere
1106 2607 1340 2655 ecclesiam
1364 2625 1442 2673 per
1465 2615 1610 2654 actum

143 2684 450 2732 retroactivum
473 2722 483 2742 ,
522 2701 654 2750 quem
687 2695 846 2734 vocant
866 2723 877 2742 ,
909 2684 1003 2734 sive
1037 2702 1116 2751 per
1155 2695 1300 2733 actum
1335 2692 1611 2748 praesentem

143 2760 190 2807 in
219 2760 318 2826 ipsa
336 2762 532 2827 coniugii
561 2762 870 2811 celebratione.
901 2762 1021 2811 Haec
1044 2773 1190 2810 autem
1207 2762 1318 2809 ratio
1341 2758 1608 2825 explanandi

144 2838 418 2888 sanationem
457 2839 725 2894 matrimonii
762 2839 807 2888 in
847 2839 996 2889 radice
1027 2839 1200 2906 plenior
1241 2837 1370 2887 nobis
1402 2836 1605 2894 videtur,

253 2932 284 2968 ll
1483 2934 1522 2967 11
