1980 3260
347 241 402 284 22
651 234 727 282 ιιιι.
759 251 804 280 ιι.
833 248 946 279 sacr.
977 249 1007 277 1.
1038 246 1088 276 ns
1122 245 1289 275 Porns'r.
1321 244 1486 277 menes.

344 332 507 380 verba:
545 327 737 374 «Mulier
770 327 810 372 si
846 323 1020 372 duobus
1056 321 1262 369 fratribus
1300 322 1528 385 nupserit-2,
1570 323 1808 374 abiieiatm-

343 422 486 470 usque
512 404 567 450 ad
603 411 801 449 mortem.
831 401 1134 447 Verumtamen
1172 397 1217 442 in
1251 396 1372 443 exitu
1388 433 1398 451 ,
1427 404 1612 459 propter*
1636 401 1808 455 miseri-

342 481 535 529 cordiam
551 517 561 536 ,
582 479 622 535 si
645 477 921 541 promiserit,
952 474 1071 539 quod
1097 474 1213 520 facta
1237 471 1472 519 incolumis
1491 509 1501 528 ,
1529 471 1807 533 huiusrfleeflW

344 555 581 603 iunctionis
612 552 792 600 vincula
823 550 1066 605 dissolvat,
1096 549 1286 595 fructum
1323 547 1622 611 poenitentiae
1651 561 1812 603 conse]-

344 643 504 698 quatur
532 629 746 692 (22).»Et
774 628 819 673 in
849 643 974 673 conc.
1009 641 1234 689 ancyrano
1257 623 1421 688 pariter
1443 634 1547 671 ante
1574 625 1808 679 nicaenum

342 708 495 763 habito
526 705 752 758 statuitur,
786 712 834 748 ut
860 701 1033 766 puellae
1059 700 1193 747 alicui
1224 700 1311 746 iam
1341 700 1664 765 desponsatae,
1693 719 1813 767 quae

344 795 495 849 postea
528 782 584 829 ab
610 781 745 828 altero
774 789 928 844 raptae·
954 778 1118 825 fuerint
1135 816 1144 834 ,
1178 795 1203 825 e
1231 787 1456 842 raptorum
1484 778 1693 827 manibus
1720 780 1813 828 'eria-

339 860 542 922 piantur,
566 857 939 919 restituanturque
964 853 1053 901 illis
1070 891 1080 910 ,
1110 852 1273 917 quibus
1297 853 1469 900 fuerant
1491 854 1805 918 desponsatae,

342 934 546 999 'quamvis
574 951 600 986 a
628 931 877 996 raptoribus
905 930 1094 978 violatae
1123 929 1340 976 fuissent:
1368 930 1706 995 «Desponsatas
1728 949 1812 996 pu⁴

340 1010 480 1066 ellas,
514 1020 556 1056 et
584 1018 737 1073 postea
764 1006 821 1053 ab
849 1006 951 1053 aliis
981 1017 1154 1070 raptas,
1188 1005 1356 1069 placuit
1381 1006 1477 1052 erui
1493 1016 1537 1053 et
1559 1006 1631 1055 his
1661 1007 1807 1064 reddi,

343 1086 506 1150 quibus
525 1085 696 1132 fuerant
719 1093 822 1130 ante
847 1083 1169 1146 desponsatae,
1197 1082 1370 1128 etiamsi
1398 1099 1426 1128 a
1453 1083 1706 1146 raptoribus
1729 1084 1814 1133 flo-

344 1180 446 1211 rem,
477 1161 660 1231 pudoris
705 1161 774 1208 sui
822 1161 1030 1208 amisisse
1074 1159 1322 1206 constiterit
1366 1159 1519 1221 (23).»
1558 1159 1624 1205 De
1654 1159 1812 1208 eodem

343 1248 496 1302 raptus
526 1236 711 1284 crimine
739 1236 830 1298 egit
863 1253 901 1282 s.
924 1235 1115 1282 Basilius
1146 1234 1191 1280 in
1218 1234 1348 1298 epist.
1377 1234 1593 1281 canonica
1623 1234 1681 1281 ad
1707 1234 1814 1283 Am-

343 1313 635 1377 philochium.
669 1332 691 1356 «
714 1312 800 1366 Qui
825 1329 877 1358 ex
901 1321 1030 1374 raptu
1047 1348 1057 1366 ,
1089 1310 1255 1374 inquit,
1288 1309 1499 1356 mulieres
1531 1308 1722 1368 habent,
1750 1310 1814 1362 si-

342 1390 521 1453 quidem
558 1390 659 1437 aliis
684 1390 772 1436 iam
797 1390 1044 1453 desponsas
1079 1388 1375 1453 abripuerint,
1414 1397 1516 1436 ante
1549 1389 1810 1438 admittendi

343 1484 431 1516 non
453 1476 582 1522 sunt,
611 1483 742 1530 quam
767 1465 823 1512 ab
846 1465 914 1512 eis
937 1465 1111 1512 ablatae
1146 1465 1262 1521 sint,
1296 1475 1338 1511 et
1365 1482 1519 1512 eorum
1553 1465 1719 1530 quibus
1751 1466 1814 1513 ab

343 1543 469 1591 initilo
492 1542 740 1606 desponsae
768 1552 914 1597 erant,
940 1542 1144 1605 potestati
1169 1541 1367 1588 redditae
1383 1580 1393 1599 ,
1412 1552 1562 1588 utrum
1581 1559 1658 1590 eas
1675 1542 1814 1590 velint

343 1618 567 1683 accipere,
590 1624 652 1664 'an
677 1618 916 1673 desistere,·
939 1618 976 1664 si
1007 1618 1112 1682 quis
1141 1628 1287 1664 autem
1314 1628 1545 1665 vacantem
1561 1619 1810 1682 acceperit}

343 1694 515 1740 auferre
556 1693 734 1757 quidem
770 1703 965 1757 oportet,
1010 1694 1194 1758 suisque
1230 1694 1461 1742 restituere
1481 1732 1491 1750 ,
1530 1704 1574 1741 et
1610 1695 1810 1758 ipsorum

341 1770 554 1818 voluntati
579 1770 829 1834 per-mittere
845 1807 856 1825 ,
891 1770 983 1817 sive
1012 1770 1102 1816 sint
1132 1780 1336 1833 parentes
1352 1808 1362 1826 ,
1385 1770 1482 1817 sive
1506 1770 1686 1827 fratres,
1715 1770 1816 1818 sive

346 1846 492 1910 quivis
522 1845 598 1892 alii
628 1845 802 1909 puellae
835 1846 1162 1902 moderatores;
1200 1863 1252 1893 ac
1278 1846 1318 1893 si
1348 1847 1387 1893 ei
1419 1846 1601 1911 quidem
1639 1846 1814 1894 tradere

343 1921 506 1977 velint,
545 1926 714 1985 oportet
756 1921 1085 1968 matrimonium
1125 1921 1418 1978 constituere,
1456 1922 1527 1968 sin
1565 1932 1714 1969 autem
1746 1940 1815 1970 res-

345 1996 543 2052 nuerint,
584 2013 866 2060 nequaquam
899 1997 990 2044 vim
1020 1996 1182 2044 inferre
1205 1998 1321 2059 (24).
1333 2017 1356 2041 »

405 2074 489 2120 Ιιι
523 2070 675 2119 eadem
704 2072 907 2136 epistola,
939 2078 990 2120 ac
1008 2073 1062 2119 in·
1073 2072 1209 2120 altera
1229 2090 1364 2138 quam
1388 2074 1514 2138 prius
1531 2073 1595 2121 ad
1608 2040 1811 2137 eumdmn

338 2115 702 2212 Amphilochium
728 2148 908 2195 dederat
926 2166 963 2195 s
982 2149 1175 2196 Basilius
1194 2148 1283 2196 alia
1299 2149 1429 2214 plura
1445 2150 1673 2198 constituit
1695 2150 1813 2198 cited

343 2224 549 2286 coniugia
572 2241 686 2287 quae
716 2225 968 2272 successive
996 2225 1370 2273 contrahebantur
1393 2243 1420 2273 a
1443 2226 1647 2290 trigamis
1665 2226 1813 2291 9ιῖῬο-

344 2299 559 2383 lyga'mis,
595 2316 647 2346 ac
680 2300 799 2347 circa
833 2301 1144 2348 canonicarum
1171 2301 1621 2358 mati-imonium14'de
1642 2301 1811 2366 ‘quoin

346 2376 494 2439 specie
522 2375 703 2423 statuit:
737 2395 760 2420 α
777 2375 1099 2423 Canonicarum
1130 2387 1298 2442 stupra
1311 2380 1394 2442 pro'
1414 2376 1701 2424 matrimonio
1723 2379 1812 2426 non

344 2455 630 2533 reputentur,
663 2452 742 2499 sed
775 2455 926 2499 earum
960 2453 1210 2501 coniunctio
1239 2454 1429 2502 omnino
1440 2452 1702 2500 divellatur.
1718 2453 1813 2501 Huc

350 2571 378 2613 J
440 2565 506 2621 (2¹2)
525 2565 570 2612 Ex
593 2549 791 2621 interpretat.
814 2567 962 2622 Dionysii
988 2582 1103 2623 Exigui
1129 2557 1213 2624 apud
1238 2583 1396 2616 Hardmn
1415 2583 1505 2615 Acta
1531 2581 1654 2616 concil.
1668 2530 1813 2633 1922,

345 2627 407 2664 cei.
427 2637 496 2664 282.
513 2628 718 2665 celebratum
731 2634 780 2665 est
795 2634 904 2665 autem
915 2641 968 2665 an.
984 2637 1055 2666 314.
1634 2644 1640 2650 ’
1728 2624 1778 2643 Γ
1771 2623 1808 2649 V

439 2684 505 2724 (23)
525 2686 603 2716 Gan
621 2686 675 2716 ΧῙ.
691 2693 729 2717 ex
746 2693 828 2717 vers.
846 2686 980 2726 Dionys
994 2685 1074 2718 ibid.
1090 2688 1151 2719 col.
1170 2691 1239 2721 276.
1252 2687 1432 2720 eodeman.
1449 2689 1518 2719 314.
1536 2686 1734 2752 celebratum
1750 2687 1811 2718 hoc

344 2736 516 2768 concilium
529 2738 587 2769 est.

438 2788 504 2827 (24)
524 2789 622 2829 Epist.
648 2791 689 2821 11.
714 2798 828 2822 canon.
856 2790 895 2821 ad
917 2791 1120 2831 Amphiloch.
1148 2802 1183 2825 n.
1207 2769 1348 2825 cxcix.
1367 2799 1440 2825 ctu.
1463 2796 1516 2825 22.
1534 2791 1589 2824 ed.
1603 2759 1709 2824 Maur:
1724 2793 1811 2833 opp

340 2843 419 2874 tom.
435 2842 491 2873 ΠΙ.
1557 2866 1579 2870 .,
