1980 3260
368 262 456 308 4252
623 276 703 307 LlB.
734 275 779 307 11.
811 274 924 306 SEc'r.
955 273 1126 305 ALTERA.
1158 273 1208 304 ΒΕ
1234 272 1398 304 ΡΟΤΕ8Τ.
1428 271 1569 305 elvm.

362 353 594 419 postulans
624 370 722 400 eam
761 355 776 414 (
793 351 1080 413 Bertradam)
1115 350 1288 398 dimisit
1309 352 1493 412 (139).»
1510 350 1628 413 Ergo
1661 348 1837 401 nonnisi

361 430 445 477 sub
467 430 583 477 vitae
608 429 740 476 finem
768 428 1024 493 Philippum
1048 445 1152 475 vere
1177 426 1413 491 poenituit,
1443 426 1704 492 dimisitque
1726 437 1840 475 tame

361 523 493 571 quam
513 505 791 568 illegitimam
814 522 995 552 uxorem
1013 503 1267 551 Bertradam
1283 541 1292 558 ,
1317 503 1519 568 adeoque
1542 502 1708 549 nullam
1733 500 1843 550 obii·

363 591 520 628 nuerat
553 581 950 645 dispensationem.
981 579 1221 628 Ordericus
1249 579 1442 644 pariter,
1477 579 1614 626 relato
1646 575 1841 645 Philippi

359 657 606 703 iuramento
624 695 633 712 ,
668 656 809 721 pergit
834 655 905 702 his
935 654 1111 703 verbis:
1139 674 1162 699 «
1180 654 1388 702 Petulans
1418 653 1562 719 pellex
1591 651 1839 702 adulterum

358 732 561 779 comitem
587 731 790 796 reliquit,
819 731 1096 795 adulteroque
1119 731 1215 794 reqi
1235 748 1368 795 usque
1392 730 1451 777 ad
1473 740 1648 778 mortem
1671 730 1840 779 adhae-

358 808 417 855 sit
438 808 620 870 (140);»
639 824 754 873 quae
770 807 906 855 verba
931 806 1100 853 nullum
1121 805 1392 870 praeferrent
1415 823 1596 854 sensum
1621 806 1669 853 in
1693 806 1839 872 hypo—

357 883 473 931 thesi
506 883 562 930 de
602 883 781 931 obtenta
823 882 1173 949 dispensatione.
1220 882 1406 929 Demum
1447 882 1642 946 Sugerus
1687 893 1840 948 aperte

357 959 522 1008 liberos
556 978 608 1007 ex
637 959 846 1007 Bertrada
873 977 899 1006 a
928 958 1136 1023 Philippo
1167 969 1398 1022 susceptos
1433 957 1688 1022 illegitimos
1709 969 1840 1008 vocat

357 1035 557 1083 scribens
581 1054 590 1082 :
620 1056 641 1080 α
662 1035 904 1083 Dicebatur
934 1034 1052 1081 enim
1087 1051 1233 1097 regem
1265 1033 1389 1080 illum
1420 1033 1661 1099 superbum
1685 1043 1730 1081 et
1751 1033 1837 1081 im·

356 1123 589 1177 petuosum
627 1114 808 1175 (regem
840 1109 1104 1174 anglorum)
1140 1110 1340 1174 aspirare
1363 1109 1420 1156 ad
1445 1107 1628 1173 regnum
1663 1109 1839 1158 franco-

359 1206 483 1246 rum,
524 1189 631 1253 quia
665 1189 864 1235 famosus
899 1187 1074 1233 iuvenis
1103 1185 1382 1248 (Ludovicus
1410 1185 1511 1248 vl.)
1533 1187 1687 1233 unicus
1719 1184 1834 1252 patri

362 1274 455 1311 erat
496 1264 553 1310 de
586 1262 871 1311 nobilissima
916 1262 1101 1325 coniuge
1131 1260 1306 1308 Roberti
1342 1261 1626 1309 Flandrensis
1661 1260 1847 1312 comitis,

358 1357 524 1388 sorore.
550 1339 637 1395 Qui
666 1339 784 1386 enim
810 1338 900 1386 duo
924 1348 1208 1402 supererant,
1238 1337 1473 1404 Philippus
1502 1348 1545 1385 et
1572 1337 1752 1395 Florus,
1779 1337 1838 1387 de

358 1415 616 1480 supradicta
650 1414 950 1478 andegavensi
987 1414 1215 1462 comitissa
1244 1415 1473 1473 Bertrada,
1511 1414 1650 1478 geniti
1683 1425 1830 1472 erant,

358 1509 439 1539 nec
474 1491 651 1539 illorum
685 1491 1025 1557 appreciabatur
1059 1491 1421 1549 successionem,
1463 1492 1502 1539 si
1536 1491 1718 1540 unicum
1748 1491 1837 1558 pri-

355 1586 476 1615 mum
510 1568 724 1616 decedere
762 1586 1044 1634 quocumque
1077 1568 1319 1616 infortunio
1347 1568 1623 1633 contingeret
1644 1569 1830 1631 (111).»

353 1646 447 1692 Iam
465 1662 570 1693 vero
589 1645 627 1692 si
647 1645 976 1692 intercessisset
999 1645 1276 1709 dispensatio
1301 1645 1550 1709 pontificia,
1579 1662 1660 1709 per
1682 1643 1836 1693 subse-

354 1738 496 1786 quens
538 1719 785 1784 legitimum
829 1720 1111 1785 coniugium,
1155 1721 1340 1785 legitimi
1377 1720 1480 1768 facti
1516 1720 1708 1769 fuissent
1729 1759 1740 1779 ,
1778 1737 1833 1770 ac

355 1797 655 1844 successionis
690 1797 746 1843 ad
782 1796 989 1845 thronum
1024 1814 1230 1862 capaces.
1259 1798 1511 1863 Numquam
1546 1797 1682 1863 igitur
1712 1797 1834 1846 eius·

353 1872 472 1919 modi
507 1873 786 1937 dispensatio
820 1873 925 1920 data
948 1883 1016 1921 est
1039 1874 1189 1936 (142).

451 1948 624 2004 Quibus
660 1950 721 1996 ita
754 1950 1034 2007 constitutis,
1073 1962 1277 2016 superest
1309 1961 1357 1998 ut
1390 1967 1715 2016 prosequamur
1753 1965 1832 2014 po-

354 2035 517 2072 stremo
534 2025 630 2073 loco
649 2026 1008 2084 consecutiones,
1039 2044 1155 2092 quae
1178 2026 1338 2074 exinde
1360 2027 1592 2074 dimanant
1615 2026 1831 2074 adversus

352 2101 595 2165 Nepomuc.
618 2104 780 2168 Nuytz,
806 2103 884 2168 qui
910 2103 1043 2168 plane
1062 2121 1110 2150 se
1130 2103 1352 2168 hospitem
1378 2104 1423 2150 in
1449 2103 1638 2151 historia
1661 2102 1831 2168 patefa-

353 2177 435 2234 cit,
467 2176 574 2223 dum
602 2195 654 2224 ex
682 2178 768 2227 hoc
792 2179 906 2227 facto
930 2180 1121 2243 insurgit
1148 2180 1364 2228 adversus
1390 2180 1749 2245 dispensationes
1773 2178 1831 2227 ab

353 2251 541 2300 ecclesia
564 2253 681 2301 circa
704 2256 984 2304 matrimonia
1008 2274 1262 2305 concessas.
1281 2258 1332 2303 In
1350 2267 1413 2305 tot
1438 2257 1556 2305 enim
1579 2265 1724 2306 errata
1746 2256 1831 2303 im-

354 2329 499 2394 pegit,
538 2340 647 2395 quot
681 2331 771 2377 fere
805 2332 890 2380 hac
917 2333 973 2381 de
1001 2351 1048 2381 re
1072 2334 1279 2399 periodos
1304 2334 1498 2399 scripsit.

450 2452 536 2495 (139)
560 2455 608 2486 De
621 2445 726 2495 qestis
737 2453 900 2494 francor.
918 2456 975 2489 lib.
992 2459 1031 2490 V.
1055 2466 1127 2499 cap.
1144 2459 1182 2490 L.
1200 2458 1252 2490 ed.
1267 2458 1370 2491 Paris.
1387 2467 1461 2501 pag.
1478 2463 1547 2492 363.

447 2506 534 2547 (140)
555 2508 614 2549 Op.
632 2508 687 2540 cit.
706 2507 763 2539 lib.
777 2509 867 2540 V111.
885 2518 957 2550 pag.
977 2515 1048 2543 299.

447 2559 534 2601 (141)
555 2562 605 2592 De
621 2561 696 2593 vita
709 2560 877 2593 Ludovici
901 2563 1015 2594 Grosst
1036 2566 1146 2605 rems,
1166 2574 1194 2598 c.
1211 2567 1236 2598 1.
1254 2567 1346 2598 Hist.
1363 2564 1526 2606 francor.
1537 2568 1721 2609 scriptores
1739 2567 1827 2610 apud

351 2614 520 2646 Duchesne
537 2614 619 2646 tom.
637 2614 692 2646 1v.
710 2613 762 2646 ed.
775 2614 877 2646 Paris.
896 2617 983 2647 1641.
1003 2625 1076 2657 pag.
1096 2622 1166 2650 283.

447 2667 534 2708 (142)
558 2667 608 2700 Cf.
629 2667 763 2708 Pagium
786 2668 960 2700 Antonium
974 2669 1006 2700 in
1023 2671 1230 2705 annotatione
1243 2672 1284 2704 ad
1298 2673 1387 2706 card.
1399 2672 1575 2705 Baronium
1592 2681 1645 2705 an.
1663 2676 1739 2707 1104
1752 2683 1821 2717 seq.

352 2726 412 2750 nec
433 2727 498 2750 non
519 2719 652 2760 pagium
674 2720 880 2752 Franciscum
914 2720 948 2751 in
969 2722 1151 2755 Breviarz‘o
1183 2726 1359 2765 qestorum
1376 2724 1533 2766 pontific.
1560 2733 1695 2759 roman.
1717 2728 1825 2760 Lucae

353 2772 444 2803 1729.
465 2771 499 2802 in
522 2771 591 2803 vita
610 2771 775 2804 paschalis
789 2773 832 2804 11.
848 2772 927 2804 tom.
945 2774 970 2804 Ι.
986 2781 1059 2814 pag.
1077 2778 1148 2807 625.
1166 2778 1358 2808 n.XXV111.
1375 2776 1432 2817 qui
1450 2777 1604 2811 refellunt
1619 2778 1823 2812 Blondellum

351 2823 572 2856 autumantem
595 2824 774 2866 legitimum
797 2824 898 2857 fuisse
920 2825 1059 2867 Philippi
1081 2829 1266 2869 coniugium
1285 2838 1360 2862 cum
1381 2830 1551 2872 Bet-trada,
1575 2831 1618 2864 ob
1638 2841 1824 2867 concessam

353 2884 372 2907 a
389 2877 533 2909 Paschali
553 2879 595 2910 11.
612 2878 894 2919 dispensationem.
