1980 3260
238 258 327 289 cir.
346 257 406 289 ιιι.
425 257 476 288 nit
494 256 576 289 civ.
593 258 756 291 rornsr.
774 258 908 292 PnlNc.
927 261 1010 292 mr.
1029 261 1122 293 nni..
1134 262 1186 293 An
1204 263 1327 294 uun.
1343 263 1435 294 Am.
1455 264 1499 294 ιι.
1543 248 1630 293 477

172 354 307 401 quam
341 337 553 383 iacturam
588 338 821 384 aestimare
853 338 1062 386 deberent
1083 341 1200 401 (58).
1223 339 1341 386 Haec
1374 350 1506 404 atque
1547 339 1634 387 alia

174 411 430 459 huiusmodi
478 410 567 458 dici
611 425 802 476 possunt
844 431 894 462 ac
932 414 1090 463 solent.
1141 415 1194 462 At
1239 416 1502 479 regalistae,
1547 433 1633 464 non

173 488 476 554 acquiescunt.
516 489 722 536 Fatentur
756 489 982 553 religionis
1017 490 1286 539 christianae
1327 492 1556 540 commoda
1593 503 1636 539 et

173 565 491 612 emolumenta:
522 575 565 612 at
592 565 754 613 vellent
779 584 832 614 ea
855 584 881 613 a
905 567 1181 632 principibus
1215 569 1386 632 acquiri
1422 569 1529 633 quin
1564 569 1633 616 vel

174 640 314 687 hilum
349 641 564 705 pristinae
595 643 867 690 auctoritatis
901 643 1161 691 amitterent.
1192 644 1314 697 Esto,
1346 662 1426 692 nos
1455 645 1634 709 quidem

172 716 279 764 dare
314 716 359 764 id
389 728 480 765 tuto
514 736 769 783 possumus.
792 719 998 783 Theologi
1032 719 1211 784 quidem
1246 719 1321 784 qui
1351 720 1634 784 principibus

174 792 427 841 infidelibus
457 794 526 841 ius
560 794 669 841 illud
700 795 922 852 tribuunt,
945 813 993 842 se
1022 795 1077 842 ab
1100 795 1212 860 ipsis
1241 796 1530 852 extricabunt,
1554 814 1634 844 nos

172 879 319 916 autem
338 869 407 917 ius
427 869 537 917 illud
555 870 710 917 merito
734 881 966 933 negantes,
988 887 1038 918 os
1057 870 1322 918 adversariis
1340 871 1629 918 obstruimus.

267 945 475 1010 Sequitur
508 947 553 992 8.
590 946 655 992 Ex
680 946 832 992 eadem
861 945 1062 993 doctrina
1095 945 1216 1008 leges
1252 963 1365 1010 quas
1398 946 1516 993 circa
1548 964 1636 993 ma-

173 1021 427 1068 trimonium
457 1021 748 1068 christianum
772 1021 998 1086 principes
1032 1021 1126 1068 sive
1160 1021 1363 1068 infideles
1394 1022 1488 1069 sive
1528 1021 1636 1069 fide-

172 1097 237 1145 les
270 1097 476 1153 tulerunt‚
515 1097 624 1144 illud
659 1114 738 1161 per
771 1114 819 1144 se
852 1096 1024 1143 irritare
1057 1114 1300 1161 numquam
1338 1097 1551 1162 potuisse.
1589 1099 1631 1144 Si

171 1172 289 1220 enim
323 1172 524 1229 infideles
558 1172 781 1237 principes
817 1189 868 1219 eo
904 1172 998 1219 iure
1030 1182 1180 1219 carent
1216 1172 1263 1218 in
1305 1173 1633 1220 matrimonium

173 1247 416 1295 infidelium
456 1248 780 1313 quomodonam
820 1247 991 1294 irritum
1021 1248 1167 1312 quoad
1195 1247 1422 1295 vinculum
1456 1266 1507 1295 ac
1537 1249 1635 1295 nul-

172 1323 262 1370 lum
282 1324 326 1370 in
346 1324 614 1371 conscientia
633 1324 815 1372 reddere
833 1325 1037 1388 poterunt
1054 1323 1345 1370 christianum
1359 1324 1636 1387 coniugium?

172 1399 398 1463 Principes
427 1418 531 1448 vero
559 1400 789 1448 christiani
830 1399 1155 1464 quomodonam
1190 1417 1269 1463 per
1308 1399 1441 1447 fidem
1470 1400 1539 1447 ius
1568 1418 1637 1447 ac-

172 1474 413 1539 quisivisse
444 1475 619 1522 dicendi
667 1486 793 1532 sunt,
827 1492 915 1539 quo
957 1484 1058 1521 ante
1100 1474 1232 1520 fidem
1271 1474 1521 1522 carebant?
1555 1476 1635 1522 Per

162 1551 304 1609 ,fidem
334 1551 437 1598 sacti
468 1560 571 1599 sunt
605 1550 785 1615 quidem
812 1549 1029 1597 ecclesiae
1060 1549 1139 1595 filii
1159 1587 1169 1607 ,
1191 1567 1278 1597 non
1307 1550 1493 1597 domini.
1517 1550 1637 1605 Qua-

171 1636 348 1690 propter
395 1625 502 1672 dum
547 1625 679 1673 aulici
729 1625 856 1673 nobis
903 1625 1143 1672 obtrudunt
1185 1625 1436 1689 imperiales
1479 1625 1598 1688 leges
1621 1664 1631 1681 ,

172 1719 286 1766 quae
319 1701 551 1749 christiani
586 1701 854 1749 matrimonii
887 1701 1113 1750 vinculum
1148 1702 1359 1764 attingere
1398 1701 1630 1757 videntur,

173 1779 219 1825 in
254 1788 461 1843 promptu
486 1789 555 1826 est
584 1778 815 1842 responsio
833 1815 842 1833 ‚
869 1789 945 1825 aut
971 1795 1047 1825 eas
1075 1795 1163 1824 non
1191 1778 1391 1840 attigisse
1417 1778 1634 1826 eiusmodi

172 1853 394 1900 connubia
427 1853 515 1900 nisi
551 1854 596 1900 in
631 1854 724 1901 soro
759 1853 1132 1919 politico-sociali,
1172 1854 1319 1918 quoad
1353 1853 1536 1901 effectus
1571 1854 1638 1900 ci-

172 1928 304 1985 viles;
327 1939 403 1976 aut
437 1928 604 1975 nullius
628 1928 789 1976 valoris
826 1929 965 1976 fuisse
997 1928 1112 1975 ultra
1140 1928 1303 1976 limites
1330 1929 1535 1993 politicae
1563 1945 1637 1993 po-

173 2006 341 2052 testatis
376 2005 516 2062 latas,
538 2015 670 2069 atque
704 2015 853 2070 utpote
888 2005 1008 2068 leges
1041 2005 1232 2051 iniustas
1267 2022 1319 2052 ex
1353 2005 1636 2070 usurpatione

173 2079 502 2127 ecclesiasticae
538 2080 796 2144 potestatis3
836 2090 910 2127 aut
951 2080 1041 2127 vim
1076 2091 1228 2127 nactas
1272 2079 1498 2143 obligandi
1537 2097 1637 2127 esse

171 2173 225 2202 ex
258 2155 471 2202 ecclesiae
503 2155 746 2202 sanctione
768 2155 871 2201 dum
907 2172 982 2202 eas
1015 2155 1244 2219 probavit,
1282 2165 1324 2202 et
1357 2154 1440 2203 hac
1474 2155 1519 2201 in
1554 2154 1637 2220 hy-

123 2228 126 2232 ’
173 2230 348 2296 pothesi
393 2230 658 2294 spectandas
698 2247 798 2277 esse
831 2230 894 2276 uti
937 2230 1055 2293 leges
1099 2230 1437 2278 ecclesiasticas.
1476 2231 1636 2295 Sicque

171 2307 396 2354 evanescit
433 2307 546 2354 haec
584 2305 824 2353 difficultas
859 2316 978 2353 tanto
1020 2306 1281 2354 eruditionis
1321 2318 1536 2371 apparatu
1578 2305 1633 2354 ab

172 2382 438 2430 adversariis
464 2392 687 2446 congesta.

265 2488 332 2528 (58)
353 2488 502 2520 Ceterum
524 2487 558 2519 id
579 2488 758 2521 necessario
788 2488 892 2521 oritur
913 2497 953 2520 ex
974 2488 1045 2530 ipsa
1065 2489 1180 2520 natura
1207 2489 1252 2520 rei
1274 2488 1315 2520 ob
1336 2496 1436 2519 novas
1466 2486 1634 2518 relationes

171 2549 253 2582 quas
266 2541 298 2573 in
313 2541 466 2582 religione
478 2541 654 2573 chr1stiana
671 2541 830 2583 principes
848 2541 958 2574 fideles
971 2541 1144 2582 acquirunt
1163 2550 1238 2573 cum
1254 2541 1386 2573 ecclesia
1402 2539 1495 2570 cuius
1514 2538 1634 2571 subditi

169 2593 363 2626 efficiuntur.
381 2594 542 2626 Amittunt
566 2593 617 2625 ius
642 2594 676 2625 in
706 2602 815 2634 sacra,
841 2593 868 2626 si
897 2593 986 2635 quod
1014 2595 1108 2626 antea
1137 2593 1339 2632 habuerunt3
1362 2591 1514 2623 amittunt
1532 2590 1582 2622 ius
1600 2590 1633 2622 in

169 2646 254 2679 bona
268 2647 458 2688 temporalia
475 2649 540 2679 Deo
556 2647 680 2687 dicata;
696 2647 850 2679 amittunt
869 2647 920 2679 ius
940 2646 973 2678 in
994 2655 1147 2688 personas
1168 2647 1278 2678 divino
1303 2644 1403 2676 cultui
1424 2643 1632 2684 mancipatas5

170 2699 355 2732 subduntur
375 2700 441 2732 illis
455 2700 489 2732 in
504 2701 777 2733 sacramentorum
797 2701 978 2742 receptione
984 2711 997 2738 ,·
1021 2700 1054 2732 in
1075 2700 1185 2742 poenis
1206 2697 1385 2737 canonicis,
1405 2696 1433 2728 si
1455 2704 1536 2736 quas
1562 2704 1633 2736 pro·

171 2755 373 2794 meruerunt,
392 2754 485 2787 etita
501 2763 599 2795 porro
620 2754 652 2786 in
674 2754 747 2787 aliis
766 2763 867 2796 prope
893 2754 1081 2786 innumeris.
1099 2753 1183 2790 Quid
1206 2752 1324 2783 mirum
1356 2750 1453 2791 igitur
1478 2750 1506 2781 si
1535 2749 1632 2782 etiam

172 2805 281 2845 quoad
301 2805 353 2838 ius
372 2805 407 2838 in
427 2806 577 2847 coniugia
607 2805 828 2847 subditorum,
846 2805 874 2838 si
895 2805 983 2847 quod
1005 2813 1146 2846 unquam
1169 2803 1364 2842 habuerunt,
1380 2801 1414 2833 id
1433 2801 1538 2842 ipsum
1562 2809 1634 2833 con·

173 2857 297 2897 tingat?
313 2859 399 2890 Haec
416 2866 492 2890 vero
508 2858 595 2892 dicta
610 2858 675 2891 sint
687 2858 734 2891 ad
747 2858 917 2891 hominem
931 2856 971 2889 ad
1000 2865 1036 2888 os
1058 2854 1288 2888 obstruendum
1309 2853 1511 2886 adversariis.
