1980 3260
253 240 342 272 eir.
358 240 416 272 vi.
433 240 484 272 ni:
504 240 628 272 mun.
645 240 821 272 ninam.
835 240 918 272 ιΝΤ.
936 239 984 272 ss
1002 239 1081 271 vm.
1098 239 1182 272 cum
1202 240 1324 273 cun.
1340 239 1433 274 Aur.
1451 239 1512 272 111.
1563 225 1653 272 255

186 317 484 366 conscientiae
519 317 715 383 scrupuli
740 318 995 382 insurgant,
1029 334 1082 365 ac
1112 316 1356 383 periculum
1391 318 1597 366 timeatur
1628 334 1655 365 a

187 395 475 442 renovatione
515 412 762 443 consensus
808 411 956 442 coram
996 393 1190 459 parocho
1230 393 1448 441 catholico
1469 431 1480 450 ,
1525 392 1656 441 sedes

185 469 432 533 apostolica
460 459 739 526 consulatur,
780 487 894 535 quae
923 469 969 515 in
992 468 1173 517 casibus
1208 468 1546 533 particularibus
1579 468 1658 516 de-

186 556 335 593 cernet
372 546 482 610 quid
516 546 630 594 facto
664 563 776 611 opus
815 546 887 593 sit.
928 545 1025 601 Qua
1059 545 1220 609 agendi
1260 545 1429 594 ratione
1464 544 1659 609 profecto

186 621 303 668 nihil
320 621 471 669 mitius
487 659 497 678 ,
521 622 704 670 suavius
728 621 841 667 nihil
865 638 916 669 ac
940 621 1203 686 prudentius
1232 621 1468 685 excogitari
1493 630 1652 686 potest.

186 697 309 745 Talis
344 714 519 762 semper
542 697 624 744 fuit
647 697 828 762 spiritus
864 697 1083 754 lenitatis,
1112 714 1201 763 quo
1223 715 1334 746 rom.
1362 696 1492 745 sedes
1521 696 1658 744 infor-

184 783 302 820 mata
329 782 412 820 est.
444 772 622 820 Utinam
650 772 804 820 eodem
835 773 996 837 spiritu
1026 773 1368 821 informarentur
1395 772 1654 829 acatholici,

183 850 261 915 qui
299 859 420 897 tanto
453 848 674 897 interdum
698 866 743 895 1n
766 866 863 897 eam
899 849 1043 898 furere
1075 850 1179 898 odio
1213 860 1554 898 consueverunt.

734 997 1010 1034 ARTICULUS
1042 997 1103 1033 IV.

192 1128 374 1176 Quaestio
392 1129 598 1178 exponitur
618 1128 803 1168 historica
821 1128 979 1167 ubinam
1001 1127 1268 1168 Tridentinum
1290 1128 1483 1168 decretum
1498 1127 1548 1167 de
1563 1128 1645 1167 Ma·

288 1193 479 1232 trimoniis
507 1193 755 1232 clandestinis
782 1193 1017 1243 publicatum
1049 1192 1189 1244 fuerit,
1210 1203 1254 1232 ac
1269 1192 1426 1232 ubinam
1442 1194 1667 1232 auctoritate

286 1257 495 1307 apostolica
521 1257 643 1296 eidem
669 1257 909 1308 derogatum.

284 1385 388 1433 Post
411 1384 599 1432 solutam
625 1385 863 1433 theoretice
887 1385 1191 1450 quaestionem
1218 1384 1451 1433 iuridioam
1469 1384 1525 1433 de
1541 1384 1660 1432 clan-

185 1460 376 1519 destinis
419 1461 715 1510 matrimoniis
755 1461 849 1510 sive
890 1461 1040 1509 mixtis
1082 1461 1176 1510 sive
1220 1461 1539 1509 haereticorum
1562 1499 1572 1519 ,
1611 1472 1660 1509 ut

186 1537 408 1601 practicae
425 1537 712 1602 quaestiones
743 1536 991 1600 singulares
1017 1536 1129 1585 solvi
1155 1536 1281 1585 facile
1297 1537 1494 1602 possint,
1523 1546 1659 1584 restat

186 1624 237 1661 ut
264 1613 476 1662 historice
508 1631 782 1679 exponamus
817 1624 861 1661 et
888 1613 1077 1680 propriis
1114 1613 1388 1662 documentis
1424 1613 1659 1662 confirme-

187 1707 313 1748 mus,
342 1691 486 1756 primo
513 1691 695 1756 quidem
723 1690 906 1739 ubinam
935 1690 1222 1739 tridentinum
1250 1690 1476 1739 decretum
1510 1689 1658 1755 publi-

189 1776 337 1814 catum
370 1767 528 1824 suerit,
561 1767 631 1815 vel
665 1784 779 1825 non;
810 1767 994 1816 ubinam
1026 1767 1237 1832 deinceps
1267 1766 1550 1815 benedictina
1572 1766 1659 1814 De·-

192 1842 375 1890 claratio
399 1842 531 1891 fuerit
553 1852 750 1891 extensa.

288 1919 502 1975 Quamvis
528 1930 672 1968 autem
692 1919 802 1967 nulli
828 1920 1155 1985 pepercerimus
1181 1919 1438 1983 diligentiae
1460 1919 1517 1967 ad
1541 1918 1661 1967 elen-

189 1996 320 2045 chum
340 1996 434 2045 sive
451 1997 708 2062 positivum,
732 1998 826 2046 sive
845 1997 1097 2061 negativum
1115 1996 1439 2046 conficiendum
1462 1995 1657 2044 locorum

189 2073 235 2120 in
255 2073 420 2138 quibus
438 2074 725 2122 tridentinum
740 2074 964 2122 decretum
976 2074 1061 2122 fuit
1075 2073 1364 2139 publicatum,
1382 2073 1482 2121 etin
1495 2071 1658 2137 quibus

190 2149 516 2214 promulgatum
535 2168 623 2198 non
640 2160 724 2208 est,
740 2168 792 2198 ac
809 2151 1099 2215 sategerimus
1110 2150 1369 2216 opportunis
1387 2149 1661 2198 communire

188 2225 495 2283 documentis,
534 2226 792 2291 profitemur
821 2237 969 2274 tamen
999 2227 1118 2274 hunc
1147 2236 1345 2275 nostrum
1384 2225 1616 2273 elenchum
1646 2263 1655 2281 ,

190 2302 273 2348 etsi
297 2302 455 2350 ceteris
474 2340 484 2359 ,
512 2302 589 2367 qui
614 2302 830 2350 hactenus
864 2302 1048 2350 exhibiti
1074 2313 1203 2360 sunt,
1238 2301 1509 2367 pleniorem,
1550 2317 1661 2348 non-

190 2377 297 2424 dum
338 2388 484 2426 tamen
530 2395 631 2426 esse
676 2379 856 2427 omnino
897 2379 1162 2444 completum
1205 2378 1561 2443 absolutumque.
1596 2377 1660 2423 De

193 2454 366 2502 cunctis
389 2454 508 2503 enim
532 2454 652 2503 orbis
678 2455 912 2503 christiani
944 2455 1199 2519 regionibus
1231 2465 1421 2503 statuere
1456 2454 1586 2502 suerit
1615 2453 1659 2500 in

190 2530 246 2578 iis
271 2547 410 2578 necne
434 2531 761 2596 promulgatum
785 2532 1009 2580 decretum
1033 2532 1088 2580 de
1106 2549 1195 2597 quo
1219 2532 1502 2587 disserimus,
1521 2530 1659 2577 ardua

192 2623 262 2654 res
287 2617 378 2664 est,
400 2624 453 2655 ac
470 2606 603 2673 plane
626 2607 825 2657 difficilis
846 2607 902 2656 ob
919 2608 1281 2657 documentorum
1306 2607 1565 2674 praesertim
1584 2606 1660 2653 de-

191 2681 369 2730 fectum.
414 2683 557 2749 Atque
593 2695 641 2732 ut
674 2684 761 2731 iam
798 2684 1066 2750 incipiamus
1099 2684 1155 2732 ab
1187 2684 1277 2733 illis
1319 2682 1573 2749 regionibus
1613 2681 1659 2728 in

192 2758 356 2823 quibus
376 2760 457 2808 fuit
475 2761 800 2826 promulgatum
819 2761 1103 2810 tridentinum
1123 2762 1364 2818 decretum,
1387 2760 1559 2808 initium
1578 2759 1661 2806 du-

192 2835 333 2884 cimus
367 2836 424 2885 ab
457 2837 651 2902 Europa.
