1980 3260
0 312 7 367 ⁴⁸—-
0 289 6 308 ⁷.-
0 268 4 279 ω

300 219 390 252 ου’.
408 219 470 252 ιιι.
484 220 533 251 ns
553 220 667 252 sect.
681 219 846 251 rorrsr.
863 218 1020 250 msam
1036 218 1121 250 mr.
1136 216 1259 250 nnn.
1274 218 1357 249 mn.
1371 216 1462 249 Aur.
1476 218 1536 249 111.
1577 200 1666 247 1115

205 297 324 345 illius
362 298 669 363 reprobatione
712 307 883 344 constat
921 313 971 343 ex
1008 295 1216 342 decretali
1259 296 1303 340 in
1341 295 1474 344 Clem.
1509 294 1574 343 Ne
1609 313 1671 340 ro-

204 376 344 420 manis
367 410 379 428 ,
418 373 469 419 de
509 374 627 419 elect.
665 373 709 418 in
745 390 833 437 qua
876 371 1078 418 Clemens
1108 370 1154 416 V.
1195 387 1292 416 cum
1331 370 1664 433 praemisisset:

210 451 362 505 «Nos,
401 449 514 496 inter
545 459 714 503 cetera,
755 447 992 512 praecipue
1027 446 1301 493 attendentes
1337 446 1455 510 quod
1492 446 1560 492 lex
1595 463 1670 492 su-

204 524 392 589 perioris
420 541 499 588 per
533 524 783 571 inferiorem
817 522 910 570 tolli
937 539 1024 570 non
1060 533 1229 586 potest:
1258 542 1279 565 »
1318 521 1513 568 declarat
1540 522 1600 568 ita
1625 522 1670 568 id

205 600 537 662 intelligendum
560 636 570 655 ‚
609 611 658 646 ut
691 610 882 663 nequeat
904 599 958 645 ab
993 598 1193 662 inferiori
1219 599 1399 660 corriqi‚
1429 599 1496 643 vel
1521 599 1669 643 immu-

205 677 314 730 tari,
346 675 414 721 vel
444 674 690 737 dispensari
713 673 1022 737 quomodolibet
1051 675 1166 719 circa
1203 675 1342 736 ipsam
1370 691 1443 719 seu
1477 674 1669 737 aliquam

203 753 293 797 eius
305 759 489 814 partem.
520 749 613 795 Hoc
631 749 779 813 ipsum
806 748 993 795 efficitur
1013 748 1056 794 in
1076 758 1303 811 extravaq.
1328 745 1505 795 Ioannis
1528 749 1662 795 xxtl.

203 825 247 872 in
277 842 375 890 cap.
403 826 565 870 Sancta
598 840 776 870 romana
803 823 854 869 de
882 823 1097 886 reliqiosis
1116 823 1334 878 domibuS,
1367 824 1442 870 ubi
1478 824 1662 887 legitur:

205 921 229 946 «
247 900 436 956 Quidam
462 910 607 947 autem
640 916 790 947 eorum
819 898 985 946 dictum
1012 899 1239 955 habitum,
1268 911 1311 946 et
1333 898 1511 946 vivendi
1536 901 1667 947 ritum

202 995 227 1023 a
252 976 521 1042 quibusdam
545 975 793 1041 episcopis,
832 993 911 1022 seu
935 992 1085 1022 eorum
1112 975 1445 1039 superioribus,
1474 976 1542 1021 vel
1567 975 1667 1022 aliis

201 1052 487 1099 ecclesiarum
524 1050 729 1116 praelatis
772 1050 986 1097 habuisse
1031 1050 1291 1114 profitentur
1313 1089 1322 1106 ‚
1361 1068 1464 1114 quos
1499 1069 1571 1097 nec
1607 1053 1667 1097 eis

201 1128 422 1174 concedere
448 1128 570 1174 licuit
595 1137 741 1174 contra
765 1129 948 1192 sormam
972 1128 1147 1173 concilii
1165 1128 1438 1189 qeneralisp)
1468 1127 1512 1173 in
1537 1143 1667 1192 quem

199 1202 342 1250 locum
368 1214 482 1250 recte
505 1203 684 1250 adnotat
706 1202 861 1250 Glossa
886 1203 970 1249 litt.
1003 1201 1062 1249 N.
1107 1203 1239 1249 «Non
1273 1202 1375 1249 licet
1409 1203 1540 1265 igitur
1571 1203 1667 1267 epi-

201 1279 349 1343 scopis
374 1289 523 1326 contra
546 1278 857 1326 inhibitionem
891 1278 1110 1341 generalis
1146 1278 1323 1326 concilii
1359 1279 1526 1335 facere,
1566 1297 1662 1326 cum

201 1355 291 1421 sint
321 1354 520 1402 adstricti
546 1355 602 1402 ad
626 1353 951 1402 observantiam
975 1371 1194 1402 canonum
1224 1357 1339 1416 (63).
1368 1375 1389 1399 »
1412 1355 1475 1401 Ex
1500 1355 1664 1419 quibus

200 1430 390 1495 aliisque
413 1430 630 1478 eiusmodi
654 1430 763 1477 iuris
789 1430 978 1478 textibus
1014 1441 1132 1495 patet
1155 1448 1234 1494 pro
1258 1442 1376 1478 certo
1400 1430 1571 1487 haberi,
1594 1432 1662 1477 in-

201 1505 405 1562 feriores,
435 1506 633 1571 adeoque
666 1506 900 1570 episcopos
932 1518 1134 1570 respectu
1158 1506 1333 1553 concilii
1357 1506 1574 1569 generalis
1599 1518 1663 1554 at—

198 1600 286 1647 que
321 1584 490 1630 romani
526 1582 750 1647 pontificis
776 1583 943 1630 tamdiu
974 1582 1109 1629 teneri
1146 1583 1201 1630 ad
1231 1583 1581 1630 observationem
1606 1583 1664 1630 le-

198 1675 335 1721 gum,
386 1659 599 1723 quamdiu
633 1676 659 1705 a
694 1658 920 1723 superiore
963 1676 1170 1723 expresse
1210 1676 1298 1705 non
1341 1658 1472 1705 fuerit
1506 1658 1662 1706 collata

199 1735 385 1783 facultas
411 1736 674 1782 immutandi
701 1735 930 1800 quidpiam
967 1746 1042 1782 aut
1073 1735 1380 1800 dispensandi.
1420 1736 1527 1782 Cum
1561 1752 1663 1783 vero

200 1812 406 1876 nuspiam
442 1829 494 1858 ac
529 1830 769 1876 numquam
795 1812 888 1859 sive
921 1830 947 1858 a
978 1811 1178 1859 conciliis
1203 1812 1495 1858 oecumenicis
1521 1812 1614 1860 sive
1638 1830 1664 1858 a

199 1888 392 1935 romanis
418 1888 701 1953 pontificibus
727 1888 913 1935 facultas
938 1887 1228 1951 dispensandi
1258 1887 1315 1934 ab
1339 1887 1663 1952 impedimentis

198 1963 538 2010 connubialibus
574 1981 786 2011 concessa
811 1962 965 2019 suerit,
996 1963 1128 2010 immo
1162 1980 1260 2009 cum
1285 1980 1395 2010 rom.
1432 1962 1662 2027 pontifices

197 2056 284 2085 non
322 2038 457 2085 semel
492 2056 543 2085 ac
578 2038 763 2086 solemni
797 2039 943 2102 potius
979 2037 1145 2085 ratione
1177 2037 1391 2085 adversus
1428 2037 1662 2084 nonnullos

196 2114 279 2161 hac
304 2115 349 2160 in
374 2132 420 2161 re
444 2115 612 2162 abusus
637 2114 863 2179 protestati
900 2114 1064 2160 suerint
1080 2152 1090 2171 ,
1119 2131 1396 2178 consequens
1421 2125 1490 2161 est
1512 2132 1564 2160 ex
1590 2131 1663 2178 pa-

196 2191 352 2238 tefacto
378 2190 599 2255 principio
637 2190 757 2238 nullo
792 2189 970 2237 omnino
996 2200 1122 2254 pacto
1157 2207 1291 2254 posse
1325 2189 1559 2255 episcopos
1595 2191 1662 2237 ius

197 2266 312 2313 istud
350 2266 435 2313 sihi
469 2283 693 2329 arrogare.

294 2342 425 2389 Aliud
461 2342 730 2406 principium
756 2341 831 2388 alii
861 2359 1017 2404 urgere
1052 2341 1219 2398 solent,
1259 2360 1416 2406 nempe
1451 2343 1661 2406 praescri-

196 2418 381 2481 ptionis,
409 2418 452 2465 vi
478 2418 605 2465 cuius
641 2429 829 2482 possunt
862 2418 1086 2483 episcopi,
1126 2419 1200 2483 qui
1231 2418 1287 2466 ab
1323 2418 1657 2465 immemorabili

195 2493 239 2539 id
269 2494 411 2540 facere
434 2505 781 2550 consueverunt,
818 2495 992 2542 veniam
1011 2496 1250 2542 concedere
1273 2507 1321 2542 ut
1344 2495 1538 2557 legitime
1556 2512 1660 2541 con-

194 2569 426 2616 trahantur
463 2570 668 2632 coniugia
702 2569 865 2634 quibus
890 2569 1037 2617 obstat
1072 2570 1434 2636 impedimentum
1469 2586 1657 2616 consan-

192 2646 419 2707 guinitatis
456 2645 499 2692 in
536 2645 681 2702 tertio,
711 2656 787 2693 aut
813 2645 967 2694 saltem
996 2657 1153 2711 quarto
1177 2647 1334 2711 gradu.
1375 2646 1429 2691 Hi
1468 2645 1660 2709 profecto

193 2724 371 2785 proprio
409 2723 502 2769 iure
536 2722 651 2769 hanc
687 2721 935 2769 facultatem
977 2722 1202 2778 tribuunt;
1237 2722 1445 2786 quocirca
1491 2722 1658 2768 romani

281 2822 345 2861 (63)
369 2822 460 2862 Apud
485 2821 602 2854 Bened.
625 2823 708 2854 XIV.
740 2824 787 2854 De
801 2822 928 2863 synodo
957 2823 1012 2856 lib.
1032 2823 1084 2856 ῘΧ.
1106 2832 1175 2864 cap.
1195 2824 1218 2854 Ι.
1242 2832 1274 2854 n.
1296 2825 1325 2855 7.

1568 2872 1597 2900 ,κε
