1980 3260
218 283 307 316 cn.
327 283 387 316 m.
403 282 455 316 nn
472 282 555 316 clv.
574 282 738 316 rorssr·
758 279 892 316 rmnc.
908 280 992 315 mr.
1011 281 1103 315 nni..
1121 281 1173 314 An
1191 274 1316 315 nun.
1331 281 1422 315 aar.
1438 281 1468 314 1.
1522 254 1615 314 “7-

152 373 218 424 gr.
252 372 403 409 essent
435 370 684 409 contractus
724 361 984 426 emptionis,
1022 353 1317 418 venditionis,
1362 351 1617 417 locationis,-

150 435 364 486 bonorum
388 437 655 503 pupillorum
675 475 685 495 ,
708 436 1069 502 praescriptionis
1087 473 1097 493 ,
1119 435 1395 502 aliorumque
1412 436 1458 483 id
1476 450 1617 500 genus

151 512 367 578 plurima,
406 514 462 560 de
496 513 658 578 quibus
692 513 761 560 lex
794 513 1028 560 decernere
1056 512 1173 560 valet
1199 512 1257 561 ob
1288 504 1522 560 commune
1545 529 1618 561 so-

151 589 322 636 cietatis
354 588 520 636 bonum
552 592 668 653 (13).
691 589 745 637 At
770 589 871 636 talis
897 606 984 636 non
1018 598 1086 636 est
1119 598 1269 645 actus,
1302 606 1391 654 quo
1419 589 1522 654 quis
1545 605 1619 636 as-

151 664 340 711 sentitur
373 665 429 711 ad
465 682 513 712 se
545 665 722 713 vinculo
760 659 1028 712 connubiali
1049 682 1150 712 cum
1184 665 1320 713 altero
1355 674 1473 713 arcto
1507 665 1619 713 adeo

152 756 266 786 nexu
299 739 687 803 coniungendum,
727 751 777 787 ut
809 740 969 787 exinde
1001 757 1138 787 unum
1173 740 1484 804 quadantenus
1517 756 1620 787 cum

151 814 240 862 alio
261 814 480 862 efficiatur
497 853 506 871 ‚
543 816 757 863 tradendo
790 815 915 863 alteri
949 815 1146 880 corporis
1174 815 1244 862 sui
1274 808 1520 864 cessionem
1539 854 1548 872 ‚
1576 826 1620 862 et

149 887 350 938 vicissim
383 888 564 937 alterius
598 886 1140 955 cessionem'acceptando
1163 891 1283 938 unde
1300 883 1397 939 iura
1413 901 1456 940 et
1471 891 1619 939 officia

151 975 305 1013 mutua
337 965 608 1013 exoriuntur.

246 1040 302 1087 At
326 1040 587 1097 adversarii,
609 1040 762 1088 missis
789 1039 1112 1105 philosophicis
1138 1041 1474 1106 quaestionibus
1504 1041 1621 1094 circa

151 1116 371 1165 obiectum
405 1117 550 1164 civilis
583 1116 815 1182 potestatis
833 1154 843 1173 ,
865 1116 921 1163 ad
939 1117 1170 1165 historiam
1196 1117 1534 1166 matrimonialis
1557 1118 1620 1165 le-

152 1193 402 1258 gislationis
438 1204 691 1258 provocant.
718 1194 924 1250 Frustra,
957 1193 1193 1258 inquiunt,
1226 1194 1506 1242 contenditur
1527 1212 1623 1242 ma-

155 1270 349 1318 trimonii
382 1269 606 1317 vinculum
630 1268 774 1318 civilis
797 1269 1028 1334 potestatis
1056 1269 1276 1317 obiectum
1294 1288 1395 1318 esse
1413 1288 1500 1319 non
1521 1281 1619 1336 pos-

154 1363 230 1394 se:
262 1344 413 1394 contra
440 1346 604 1394 factum
637 1356 897 1410 argumenta
931 1345 992 1392 nil
1025 1345 1190 1392 valent.
1214 1346 1306 1394 Iam
1329 1364 1433 1394 vero
1455 1347 1619 1395 factum

153 1433 222 1470 est
253 1423 553 1470 monumentis
587 1422 837 1486 omnigenis
871 1422 1245 1487 iurisprudentiae
1280 1423 1617 1487 consignatum,

154 1502 352 1563 Paganos
388 1498 615 1563 principes
658 1497 942 1546 consuevisse
974 1497 1094 1561 leges
1128 1497 1241 1545 ferre
1269 1536 1279 1555 ,
1318 1515 1432 1563 quae
1472 1500 1623 1547 m‘atri-·

154 1575 291 1623 monii
308 1574 534 1623 vinculum
558 1575 846 1639 attingerent,
874 1574 1242 1640 conditionesque
1266 1575 1498 1633 statuisse,
1526 1577 1623 1641 qui-

154 1651 239 1699 bus
272 1651 583 1699 deficientibus
618 1651 741 1699 irrita
774 1668 956 1716 prorsus
981 1667 1033 1698 ac
1056 1650 1178 1698 nulla
1210 1659 1362 1699 essent
1393 1652 1618 1716 coniugia,

155 1744 235 1774 seu
266 1726 370 1775 aliis
397 1726 548 1775 verbis
582 1726 922 1792 impedimenta,
954 1721 1070 1791 quae
1099 1721 1180 1774 nos
1214 1721 1468 1774 dirimentia
1492 1744 1623 1776 voca-

154 1819 280 1860 mus,
320 1802 544 1868 principes
579 1802 674 1850 suis
708 1800 882 1865 legibus
915 1803 1219 1850 constituisse.
1628 1810 1631 1814 ’

251 1879 308 1928 Ut
340 1878 596 1926 huiusmodi
631 1876 873 1926 difficultas
907 1879 1090 1943 penitusv
1117 1889 1358 1936 evertatur,
1390 1896 1472 1927 nos
1497 1896 1623 1944 repo-

154 1956 303 2003 nimus
330 1955 556 2021 principes
590 1955 685 2003 suis
717 1955 891 2019 legibus
927 1955 1092 2021 quibus
1125 1955 1369 2004 adversarii
1398 1966 1622 2021 tantopere

155 2031 325 2088 fidunt,
362 2026 644 2079 matrimonia
677 2049 764 2079 non
798 2032 931 2080 modo
963 2041 1051 2080 non
1092 2032 1314 2089 irritasse,
1354 2032 1432 2080 sed
1479 2049 1623 2098 neque

155 2108 201 2155 in
236 2107 385 2155 animo
420 2108 465 2155 id
501 2107 715 2156 habuisse
736 2146 748 2165 ,
785 2118 930 2174 neque
965 2119 1176 2156 tentasse.
1520 2097 1523 2100 s

251 2185 386 2231 Sane:
421 2184 531 2231 illud
565 2184 773 2232 infideles
795 2185 1020 2250 principes
1048 2185 1222 2233 efficere
1248 2199 1335 2234 non
1365 2175 1618 2250 potuerunt,

158 2262 291 2309 immo
326 2277 407 2308 nec
441 2271 637 2318 tentare,
681 2261 810 2308 cuius
845 2261 1011 2309 nullam
1046 2261 1269 2310 habebant
1308 2262 1464 2310 ideam.
1503 2262 1621 2309 Defi-

252 2459 317 2499 (13)
339 2459 376 2491 ld
389 2459 476 2500 patet
488 2467 527 2491 ex
544 2458 733 2500 disparitate
745 2459 884 2501 ingenti,
898 2468 981 2501 quae
998 2459 1167 2493 intercedit
1183 2460 1266 2493 inter
1284 2460 1405 2492 ceteros
1420 2459 1619 2499 contractus,

157 2513 190 2543 et
215 2511 413 2552 coniugium.
432 2511 484 2543 llli
500 2511 585 2543 enim
598 2512 674 2543 sunt
687 2512 821 2544 omnino
836 2512 1048 2554 temporales,
1070 2520 1130 2545 nec
1149 2521 1205 2554 per
1225 2521 1259 2545 se
1284 2512 1324 2544 ad
1347 2512 1465 2544 bonum
1481 2510 1621 2542 hominis

157 2564 326 2606 spirituale
347 2566 544 2606 spectantes,
572 2565 694 2606 quique
718 2565 810 2597 nullo
833 2565 903 2599 iure
928 2565 1060 2607 divine,
1074 2565 1131 2599 sed
1146 2566 1186 2598 ab
1199 2565 1385 2598 hominibus
1403 2565 1529 2597 tantum
1547 2565 1623 2597 sunt

155 2618 294 2650 instituti
307 2642 317 2658 ‚
339 2626 432 2650 secus
444 2627 482 2650 ac
495 2619 538 2650 sit
551 2618 664 2650 foedus
680 2618 890 2659 connubiale,
908 2619 945 2651 ut
958 2618 1113 2652 vidimus.
1131 2619 1284 2660 Adeoque
1303 2619 1406 2659 potest
1426 2618 1519 2658 plura
1535 2617 1623 2658 prin·

154 2678 230 2711 ceps
249 2669 419 2703 decernere
440 2671 526 2703 circa
551 2670 626 2703 illos
646 2672 831 2704 contractus
846 2680 884 2704 ac
899 2671 994 2705 etiarn
1016 2672 1126 2705 irritos
1141 2673 1243 2704 facere
1261 2672 1372 2712 utpote
1386 2670 1535 2712 potestati
1553 2670 1623 2702 eius

158 2723 335 2765 obnoxios,
362 2724 403 2756 ad
427 2733 599 2757 commune
622 2724 763 2766 bonum,
788 2724 830 2757 ad
859 2725 1015 2758 iustitiam
1041 2727 1074 2758 et
1100 2725 1293 2766 aequitatem
1317 2723 1508 2755 servandam
1522 2747 1533 2763 ,
1557 2731 1622 2755 non

160 2777 267 2808 autem
293 2775 434 2818 idipsum
461 2778 566 2818 potest
594 2778 681 2810 circa
703 2778 970 2820 matrimonium,
996 2779 1084 2820 quod
1108 2781 1139 2811 et
1164 2778 1196 2809 in
1221 2786 1255 2809 se
1284 2778 1317 2809 et
1338 2776 1462 2808 ratione
1485 2775 1559 2808 ssnis
1580 2776 1623 2808 al·

158 2829 250 2862 tioris
271 2829 365 2871 longe
383 2830 507 2864 ordinis
536 2831 606 2871 ost,
631 2833 667 2863 ut
687 2831 788 2872 passit
809 2840 828 2864 a
854 2831 1000 2874 principe
1025 2831 1133 2872 quoad
1160 2831 1229 2862 eius
1256 2828 1469 2862 substantiam
1494 2829 1618 2869 attingi.

159 2882 208 2914 Cf.
221 2883 337 2916 Martin
353 2892 405 2924 op.
421 2883 476 2917 eit.
491 2892 523 2917 n.
538 2889 608 2917 213.
