1980 3260
266 209 360 258 206⁵
581 220 663 252 Lm.
691 217 737 251 11.
767 218 881 251 secr.
909 218 938 249 1.
969 217 1020 249 m:
1044 216 1210 249 rornsr.
1242 216 1407 250 uectus.

264 302 422 352 hentur
443 338 452 357 ,
473 297 660 347 ¹etiamsi
683 295 824 345 forma
853 313 880 343 a
907 294 1146 343 tridentino
1171 295 1447 359 praescripta
1474 312 1561 344 non
1594 298 1729 347 suerit

264 380 310 426 in
343 378 400 425 iis
434 371 710 423 celebrandis
734 382 930 428 servata,
971 368 1212 417 dummodo
1244 368 1365 416 aliud
1397 385 1484 416 non
1515 370 1733 422 obstiterit

265 453 513 501 canonicum
545 448 892 513 impedimentum
926 447 1017 511 (8),
1054 462 1134 509 pro
1167 443 1331 492 validis
1367 443 1575 492 habenda
1609 463 1735 507 esse,

265 526 465 592 adeoque
496 526 533 574 si
569 524 815 587 contingat,
854 532 1091 586 utrumque
1130 521 1365 584 coniugem
1401 521 1458 568 ad
1492 521 1740 571 catholicae

265 600 478 652 ecclesiae
498 599 648 649 vsinum
673 617 722 647 se
750 599 972 663 recipere,
1001 597 1181 654 eodem,
1210 614 1298 661 quo
1323 607 1479 654 antea,
1514 597 1739 660 coniugali

264 679 441 727 vinculo
476 678 599 742 ipsos
641 675 821 723 omnino
856 674 1022 730 teneri,
1060 674 1234 721 etiamsi
1274 683 1452 721 mutuus
1491 691 1740 722 consensus

265 773 412 804 coram
445 749 640 820 parocho
680 750 898 800 catholico
937 750 994 798 ab
1033 751 1099 798 eis
1134 768 1221 798 non
1256 760 1519 807 renovetur3
1560 751 1632 799 sin
1666 768 1742 799 au-

266 842 353 879 tem
380 848 498 878 unus
523 839 693 877 tantum
717 846 770 875 ex
792 826 1055 891 coniugibus
1074 864 1084 882 ,
1123 827 1218 874 sive
1241 826 1469 874 masculus
1493 864 1502 884 ,
1532 827 1627 875 sive
1651 827 1739 874 foe-

266 907 388 954 mina
408 944 418 963 ,
457 902 760 960 convertatur,
795 913 998 950 neutrum
1023 918 1180 967 posse,
1203 901 1420 966 quamdiu
1438 902 1548 950 alter
1581 919 1740 968 super-

267 991 356 1031 stes
383 979 466 1030 erit
482 1019 492 1039 ,
532 980 589 1028 ad
623 979 735 1027 alias
759 978 938 1043 nuptias
964 977 1155 1025 transire
1182 979 1266 1040 (9).
1294 997 1316 1022 »

360 1056 529 1105 Eadem
553 1053 682 1121 porro
704 1053 952 1102 Declaratio
987 1063 1121 1118 atque
1143 1053 1373 1100 concessio
1405 1053 1464 1100 ad
1497 1053 1647 1118 plures
1671 1070 1742 1102 re-

268 1135 424 1199 giones
464 1130 708 1199 apostolica
749 1131 1009 1180 auctoritate
1051 1140 1231 1178 extensa
1269 1129 1380 1187 fuit;
1428 1129 1631 1195 adeoque
1663 1131 1742 1178 ubi

269 1219 444 1258 constet
474 1209 544 1258 vel
567 1208 855 1257 tridentinum
888 1207 1112 1254 decretum
1147 1222 1236 1254 non
1271 1205 1413 1253 fuisse
1436 1205 1711 1271 publicatum
1728 1244 1738 1263 ‚

265 1285 336 1334 vel
353 1285 515 1334 deinde
538 1284 866 1333 benedictinam
883 1282 1234 1330 Declarationem
1253 1293 1296 1331 et
1317 1282 1651 1331 concessionem
1669 1282 1745 1331 da-

267 1371 357 1409 tam
381 1362 547 1418 fuisse,
575 1361 638 1407 ibi
663 1370 779 1408 certe
810 1358 1132 1407 haereticorum
1168 1359 1390 1407 connubia
1412 1398 1422 1418 ,
1457 1359 1556 1407 sine
1587 1358 1740 1408 catho-

266 1437 340 1484 lici
374 1436 556 1502 parochi
586 1434 840 1501 praesentia
862 1434 1082 1483 celebrata
1100 1473 1110 1492 ‚
1146 1434 1297 1483 valida
1328 1435 1500 1484 censeri
1524 1434 1702 1483 dehent.

363 1512 574 1569 Quaestio
607 1522 676 1560 est
699 1511 914 1560 historica
936 1522 980 1560 et
1013 1512 1209 1577 practica
1238 1512 1422 1560 ubinam
1450 1511 1739 1559 tridentinum

267 1589 491 1637 decretum
516 1589 648 1637 fuerit
679 1606 761 1636 nec
793 1606 850 1636 ne
883 1587 1156 1654 publicatum
1175 1627 1185 1646 ,
1222 1598 1265 1636 et
1288 1588 1470 1636 ubinam
1494 1588 1742 1654 apostolica

269 1666 496 1714 concessio
528 1676 573 1714 et
603 1666 878 1723 Declaratio,
906 1683 986 1713 seu
1020 1665 1296 1731 dispensatio
1330 1676 1512 1713 extensa
1545 1665 1627 1722 sit;
1664 1681 1745 1713 nos

269 1743 354 1791 hac
374 1743 431 1790 de
454 1760 501 1790 re
524 1743 652 1808 plura
674 1753 958 1791 monumenta
981 1742 1027 1789 in
1050 1743 1254 1808 apposito
1278 1742 1463 1791 articulo
1482 1742 1737 1790 afferemus.

270 1820 325 1867 At
347 1820 486 1868 modo
501 1820 709 1884 agitanda
732 1830 800 1868 est
828 1819 1030 1885 quaestio
1054 1819 1246 1867 iuridica
1268 1837 1325 1867 an
1347 1819 1499 1867 valida
1527 1818 1618 1866 sint
1640 1818 1748 1866 hae·

272 1896 505 1943 reticorum
539 1897 745 1960 coniugia
778 1913 860 1945 nec
893 1899 982 1944 non
1004 1895 1210 1960 coniugia
1232 1896 1368 1944 mixta
1401 1896 1458 1943 iis
1492 1896 1539 1942 in
1563 1894 1674 1943 locis
1699 1894 1747 1941 in

272 1971 435 2036 quibus
465 1973 752 2020 tridentinum
786 1974 1010 2022 decretum
1038 1972 1312 2039 publicatum
1337 1973 1419 2020 rite
1443 1971 1547 2029 fuit,
1582 1981 1625 2020 et
1647 1971 1749 2037 qui-

273 2048 365 2095 bus·
391 2048 512 2096 nulla
541 2049 686 2098 favent
721 2049 989 2115 apostolicae
1023 2049 1145 2098 sedis
1174 2049 1362 2097 indulta.
1400 2048 1622 2097 Haeretici
1646 2048 1747 2113 qui-

273 2124 375 2171 dem
409 2124 618 2188 coniuges
653 2127 747 2174 sive
781 2127 865 2174 sub
899 2127 1137 2175 haereticis
1161 2125 1439 2193 principibus
1458 2163 1468 2183 ‚
1498 2126 1594 2174 sive
1616 2125 1749 2173 etiam

278 2200 362 2248 sub
403 2201 632 2250 catholicis
671 2214 926 2262 versentur,
966 2222 1023 2252 ne
1056 2204 1250 2268 cogitant
1283 2202 1467 2269 quidem
1507 2201 1668 2250 debere
1700 2218 1750 2249 se

274 2276 397 2323 iuxta
429 2276 614 2324 formam
637 2277 917 2327 tridentinam
952 2297 1100 2328 coram
1133 2280 1329 2345 parocho
1357 2278 1576 2327 catholico
1600 2277 1750 2325 coniu-

276 2429 429 2486 irrita‚
458 2428 654 2478 invalida
688 2430 817 2478 esse?
845 2433 1053 2496 coniuges
1080 2433 1299 2483 eiusmodi
1334 2431 1489 2480 haberi
1527 2450 1585 2480 ne
1615 2428 1749 2479 debe-

275 2505 386 2554 bunt
417 2516 467 2553 ut
499 2506 805 2555 concubinarii
839 2525 891 2555 ac
924 2509 1188 2558 fornicarii?

366 2717 411 2758 (8)
432 2718 519 2751 Haec
534 2713 639 2751 &etha
659 2719 852 2753 confirmant
872 2720 953 2753 iilud
969 2721 1057 2763 quod
1080 2721 1113 2754 in
1128 2720 1276 2763 praeced.
1293 2719 1431 2754 articulo
1445 2697 1633 2760 statuimus,
1651 2718 1748 2761 impe·

275 2769 426 2804 ‹limentis
446 2766 608 2804 canonicis
629 2772 725 2805 etiam
745 2773 924 2806 haereticos
945 2774 1059 2807 teneri.

366 2824 411 2864 (9)
432 2825 469 2856 ln
492 2825 613 2858 Bunar.
637 2825 756 2859 Bened.
780 2827 864 2859 xlv.
886 2828 965 2860 tom.
987 2829 1014 2860 1.
1038 2836 1110 2869 pag.
1127 2830 1165 2861 87
1180 2835 1248 2868 seq.
