1980 3260
324 240 416 286 152
626 250 707 282 un.
735 249 782 281 11.
811 248 925 282 sacr.
955 249 985 279 1.
1009 248 1061 279 m:
1086 246 1252 279 rornsr.
1281 247 1449 281 seems.

320 342 414 387 est,
452 338 500 376 ut
531 327 607 392 qui
641 325 697 372 de
730 325 822 373 illis
851 326 1020 373 ‘Romae
1055 323 1347 387 impetrandis
1385 324 1699 388 desperarent,
1739 345 1788 375 se

321 416 466 453 tamen
499 419 575 449 eas
609 400 667 448 ab
701 400 944 465 apostolica
978 398 1085 446 sede
1118 393 1368 445 obtinuisse
1412 398 1533 462 apud
1568 416 1788 450 suos'an—

318 480 479 529 tistites
513 477 805 525 mentirentur
828 478 868 539 (1
879 477 955 537 33)
969 494 1010 521 .»

413 553 673 601 Constanter
706 561 854 598 autem
881 550 973 596 dixi
1001 549 1173 596 nullum
1199 560 1348 597 extare
1373 549 1624 614 exemplum
1657 550 1789 600 datae

316 628 534 677 eiusmodi
568 627 850 674 relaxationis
886 626 941 673 ab
976 626 1212 690 apostolica
1244 625 1341 672 sede
1371 643 1451 672 seu
1484 643 1511 673 a
1545 643 1655 673 rom.
1677 643 1791 691 pon-

316 704 537 760 tificibus;
575 702 799 767 siquidem
833 703 896 749 uti
932 702 1065 766 paulo
1099 697 1201 749 ante
1234 702 1496 760 retulimus,¹
1536 720 1563 749 a
1599 702 1790 750 nonnul,-

315 780 371 827 lis
416 779 742 844 antiquioribus
787 779 990 826 conciliis
1037 778 1082 824 in
1127 778 1213 826 hoc
1262 779 1404 843 primo
1456 778 1599 826 lineae
1643 790 1789 827 rectae

315 856 549 903 affinitatis
597 855 739 918 gradu
784 865 861 901 aut
906 872 932 902 a
972 855 1160 919 paganis
1204 864 1305 901 ante
1353 855 1684 902 conversionem
1730 855 1787 902 ad

315 931 450 979 fidem
491 941 568 978 aut
600 949 627 978 a
660 930 868 978 fidelibus
911 948 1053 995 nuper
1098 931 1324 978 conversis
1371 930 1592 978 celebrata
1631 949 1684 977 ex
1723 930 1786 979 le-

314 1024 420 1071 gum
454 1006 856 1055 ecclesiasticarum
901 1007 1152 1070 ignorantia
1187 1006 1394 1070 coniugia
1427 1006 1611 1054 tolerata
1645 1017 1750 1054 sunt
1770 1045 1780 1064 ,

313 1101 466 1148 neque
493 1083 555 1130 ita
589 1083 712 1149 nupti
747 1083 803 1130 ad
839 1083 1164 1148 separationem
1198 1082 1338 1130 coacti
1373 1082 1565 1129 fuerunt.
1588 1084 1704 1130 ‘Nam
1736 1093 1787 1130 ut

312 1159 395 1207 rite
425 1159 651 1207 adnotavit
672 1159 879 1206 laudatus
908 1158 1118 1206 Zacharia
1148 1157 1529 1222 «Nonnumquam
1558 1158 1784 1222 episcopis

311 1235 460 1282 visum
495 1235 578 1283 fuit
610 1253 635 1282 e
667 1253 714 1282 re
747 1235 962 1282 ecclesiae
995 1251 1118 1291 esse,
1153 1233 1192 1281 si
1227 1234 1360 1282 vetita
1394 1232 1677 1280 matrimonia
1694 1251 1783 1281 non

310 1311 493 1375 quidem
511 1329 565 1359 ex
581 1328 799 1358 canonum
817 1310 990 1374 legibus
1010 1309 1297 1367 solverentur,
1327 1309 1406 1357 sed
1425 1309 1784 1373 obvqroevissimas

309 1404 461 1434 causas
497 1387 774 1450 indulgentia
806 1387 1098 1434 tolerarentur
1125 1388 1306 1449 (134).»
1323 1384 1559 1434 Disserens
1582 1386 1783 1435 rverowde

310 1463 500 1510 concilio
533 1463 833 1510 aurelianensi
859 1463 1006 1510 addit:
1034 1464 1224 1510 «Patres
1243 1461 1782 1526 igitur-huiusmodionn‘-

310 1538 432 1601 iugia
464 1539 511 1585 in
545 1549 772 1602 posterum
802 1539 899 1586 fieri
926 1550 1248 1604 vetant‚'quae
1282 1537 1519 1586 tamenadss
1534 1538 1646 1585 illud
1670 1539 1780 1586 tem—

305 1631 392 1678 pus
427 1624 676 1671 contracta,
708 1633 846 1680 quum
882 1633 939 1663 se
965 1633 1053 1663 non
1086 1614 1332 1664 dissolvere
1366 1614 1612 1672 affirmant,
1641 1630 1698 1661 ea1
1718 1616 1780 1661 s'e

305 1689 493 1737 tolerare
524 1688 673 1755 palam
707 1691 877 1739 faciunt
895 1693 1044 1755 (135)
1054 1711 1077 1736 »
1492 1701 1495 1707 ’
1604 1710 1606 1712 ’
1738 1710 1739 1713 ’

401 1763 510 1812 Sed
523 1765 579 1813 de
612 1767 929 1831 impedimento
953 1785 1006 1814 ex
1030 1768 1245 1815 affinitate
1274 1777 1369 1815 orto
1393 1767 1439 1813 in
1468 1765 1627 1831 primo
1627 1729 1779 1848 gradu

303 1841 447 1890 lineae
474 1852 618 1889 rectae
641 1845 930 1907 proveniente
952 1862 1005 1892 ex
1027 1844 1341 1892 coniunctione
1358 1844 1557 1908 legitima
1575 1861 1657 1892 seu
1673 1861 1779 1899 oon-

299 1917 440 1979 iugali
468 1917 699 1966 hactenus.
729 1920 824 1967 Non
848 1921 919 1967 ¹ita
952 1931 1099 1968 tamen
1127 1938 1274 1969 seres
1303 1920 1462 1977 habet,
1490 1920 1670 1985 quando
1693 1920 1778 1967 im-

303 1992 605 2057 pedimentum
639 1996 779 2043 oritur
812 2014 864 2044 ex
897 1997 1210 2044 coniunctione
1248 1997 1497 2061 illegitima.
1528 1997 1625 2044 Non
1655 1997 1775 2043 enim

300 2067 464 2116 desunt
496 2070 694 2134 exempla
727 2073 1444 2138 concessaearom.pontificibus
1474 2072 1776 2138 dispensatio-

298 2143 386 2201 nis,
413 2145 536 2207 gravi
560 2158 743 2209 urgente
766 2166 918 2196 causa.
941 2149 1164 2197 Nonnulla
1182 2150 1346 2215 profert
1364 2149 1624 2213 Riganfius,
1647 2166 1776 2214 prae-

297 2219 450 2267 sertim
477 2236 581 2268 vero
617 2221 854 2272 Clementis
876 2226 950 2272 XI.
975 2227 1052 2291 qui
1078 2226 1191 2274 duas
1216 2225 1436 2274 eiusmodi
1474 2225 1776 2291 dispensatio-

297 2311 377 2342 nes
406 2294 557 2352 dedit;
596 2296 778 2344 alteram
819 2300 892 2348 die
928 2303 1004 2348 13.
1042 2301 1143 2348 Iulii
1178 2319 1252 2349 an.
1283 2303 1424 2349 1703.
1453 2292 1637 2349 alteram
1670 2318 1775 2350 vero

296 2370 372 2417 die
403 2373 449 2417 5.
472 2370 660 2435 Augusti
697 2375 837 2420 1709.
860 2377 1007 2438 (136).
1033 2377 1119 2433 Qui
1145 2388 1297 2425 auctor
1330 2377 1513 2442 qui-dem
1547 2387 1665 2425 recte
1693 2377 1774 2425 ad·—

294 2455 444 2494 monet
466 2464 677 2511 magnum
702 2448 921 2515 interponi
944 2452 1183 2501 discrimen
1208 2454 1321 2502 inter
1343 2453 1606 2501 affinitatem
1629 2446 1771 2503 ortam

289 2539 346 2570 -ex
362 2522 561 2586 legitimo
584 2524 808 2588 coniugio,
824 2536 868 2574 et
885 2526 1007 2576 illam
1025 2546 1141 2594 quae
1160 2548 1187 2578 a
1205 2528 1517 2578 coniunctione
1534 2528 1771 2578 fornicaria

386 2689 473 2732 (133)
491 2691 577 2725 lbid‚
592 2701 625 2725 n.
637 2697 668 2726 6.

387 2743 474 2785 (134)
492 2746 554 2786 Op.
568 2746 602 2779 et
616 2746 680 2779 loe.
695 2746 752 2780 cit.
769 2755 841 2790 cap.
857 2749 883 2780 1.
897 2756 930 2780 n.
943 2752 973 2782 7.

388 2795 475 2838 (135)
497 2798 582 2831 lbid.

385 2850 472 2893 (136)
493 2852 554 2894 Op.
575 2853 631 2886 cit.
648 2853 681 2886 in
695 2854 798 2896 regul.
813 2856 926 2889 xmx.
944 2864 976 2889 n.
992 2860 1032 2890 28
1042 2864 1135 2898 seqq.
