<?xml version="1.0" encoding="UTF-8"?>
<!DOCTYPE html PUBLIC "-//W3C//DTD XHTML 1.0 Transitional//EN"
    "http://www.w3.org/TR/xhtml1/DTD/xhtml1-transitional.dtd">
<html xmlns="http://www.w3.org/1999/xhtml" xml:lang="en" lang="en">
 <head>
  <title>
</title>
<meta http-equiv="Content-Type" content="text/html;charset=utf-8" />
  <meta name='ocr-system' content='tesseract 3.04.00' />
  <meta name='ocr-capabilities' content='ocr_page ocr_carea ocr_par ocr_line ocrx_word'/>
</head>
<body>
  <div class='ocr_page' id='page_1' title='image "a603380702perruoft_0231.png"; bbox 0 0 1980 3260; ppageno 0'>
   <div class='ocr_carea' id='block_1_1' title="bbox 286 229 1693 278">
    <p class='ocr_par' dir='ltr' id='par_1_1' title="bbox 286 229 1693 278">
     <span class='ocr_line' id='line_1_1' title="bbox 286 229 1693 278; baseline -0.002 0"><span class='ocrx_word' id='word_1_1' title='bbox 286 245 376 278; x_wconf 72' lang='lat' dir='ltr'>cAr.</span> <span class='ocrx_word' id='word_1_2' title='bbox 394 245 452 277; x_wconf 83' lang='lat' dir='ltr'>Vl.</span> <span class='ocrx_word' id='word_1_3' title='bbox 470 245 520 275; x_wconf 74' lang='lat' dir='ltr'>na</span> <span class='ocrx_word' id='word_1_4' title='bbox 540 244 665 276; x_wconf 74' lang='lat' dir='ltr'>unu.</span> <span class='ocrx_word' id='word_1_5' title='bbox 679 243 855 275; x_wconf 68' lang='lat' dir='ltr'>uuam.</span> <span class='ocrx_word' id='word_1_6' title='bbox 873 242 957 275; x_wconf 76' lang='lat' dir='ltr'>mr.</span> <span class='ocrx_word' id='word_1_7' title='bbox 975 243 1023 275; x_wconf 79' lang='lat' dir='ltr'>sr.</span> <span class='ocrx_word' id='word_1_8' title='bbox 1044 242 1124 274; x_wconf 74' lang='lat' dir='ltr'>vm.</span> <span class='ocrx_word' id='word_1_9' title='bbox 1141 241 1225 275; x_wconf 70' lang='lat' dir='ltr'>cun</span> <span class='ocrx_word' id='word_1_10' title='bbox 1241 242 1364 275; x_wconf 71' lang='lat' dir='ltr'>cmx.</span> <span class='ocrx_word' id='word_1_11' title='bbox 1379 244 1471 275; x_wconf 66' lang='lat' dir='ltr'>Aur.</span> <span class='ocrx_word' id='word_1_12' title='bbox 1491 243 1536 275; x_wconf 86' lang='lat' dir='ltr'>n.</span> <span class='ocrx_word' id='word_1_13' title='bbox 1602 229 1693 275; x_wconf 78' lang='lat'>227</span> 
     </span>
    </p>
   </div>
   <div class='ocr_carea' id='block_1_2' title="bbox 205 318 1694 2824">
    <p class='ocr_par' dir='ltr' id='par_1_2' title="bbox 205 318 1694 2824">
     <span class='ocr_line' id='line_1_2' title="bbox 222 318 1694 385; baseline 0 -17"><span class='ocrx_word' id='word_1_14' title='bbox 222 321 341 369; x_wconf 88' lang='lat' dir='ltr'>Burk</span> <span class='ocrx_word' id='word_1_15' title='bbox 374 320 590 368; x_wconf 88' lang='lat' dir='ltr'>dioecesis</span> <span class='ocrx_word' id='word_1_16' title='bbox 618 330 894 384; x_wconf 79' lang='lat' dir='ltr'><strong>augustanae</strong></span> <span class='ocrx_word' id='word_1_17' title='bbox 925 318 1172 368; x_wconf 89' lang='lat' dir='ltr'>catholicus</span> <span class='ocrx_word' id='word_1_18' title='bbox 1207 321 1386 385; x_wconf 84' lang='lat' dir='ltr'>nuptias</span> <span class='ocrx_word' id='word_1_19' title='bbox 1419 331 1694 369; x_wconf 81' lang='lat' dir='ltr'>contraxerat</span> 
     </span>
     <span class='ocr_line' id='line_1_3' title="bbox 220 395 1692 459; baseline -0.001 -14"><span class='ocrx_word' id='word_1_20' title='bbox 220 414 321 445; x_wconf 91' lang='lat' dir='ltr'>cum</span> <span class='ocrx_word' id='word_1_21' title='bbox 354 396 539 444; x_wconf 86' lang='lat' dir='ltr'>muliere</span> <span class='ocrx_word' id='word_1_22' title='bbox 572 396 806 444; x_wconf 89' lang='lat' dir='ltr'>lutherana</span> <span class='ocrx_word' id='word_1_23' title='bbox 830 395 959 443; x_wconf 91' lang='lat' dir='ltr'>Anna</span> <span class='ocrx_word' id='word_1_24' title='bbox 991 395 1128 443; x_wconf 89' lang='lat' dir='ltr'>Maria</span> <span class='ocrx_word' id='word_1_25' title='bbox 1151 395 1341 459; x_wconf 87' lang='lat' dir='ltr'>Megelin</span> <span class='ocrx_word' id='word_1_26' title='bbox 1375 413 1525 444; x_wconf 89' lang='lat' dir='ltr'>coram</span> <span class='ocrx_word' id='word_1_27' title='bbox 1559 397 1692 443; x_wconf 89' lang='lat' dir='ltr'>mini-</span> 
     </span>
     <span class='ocr_line' id='line_1_4' title="bbox 221 471 1694 537; baseline -0.001 -16"><span class='ocrx_word' id='word_1_28' title='bbox 221 483 312 522; x_wconf 88' lang='lat' dir='ltr'>stro</span> <span class='ocrx_word' id='word_1_29' title='bbox 352 472 600 521; x_wconf 86' lang='lat' dir='ltr'>lutherano.</span> <span class='ocrx_word' id='word_1_30' title='bbox 641 473 756 520; x_wconf 88' lang='lat' dir='ltr'>Hinc</span> <span class='ocrx_word' id='word_1_31' title='bbox 795 488 888 530; x_wconf 84' lang='lat' dir='ltr'>sac.</span> <span class='ocrx_word' id='word_1_32' title='bbox 928 471 1255 535; x_wconf 80' lang='lat' dir='ltr'>congregationi</span> <span class='ocrx_word' id='word_1_33' title='bbox 1299 472 1574 537; x_wconf 86' lang='lat' dir='ltr'>propositum</span> <span class='ocrx_word' id='word_1_34' title='bbox 1609 472 1694 520; x_wconf 79' lang='lat' dir='ltr'>suit</span> 
     </span>
     <span class='ocr_line' id='line_1_5' title="bbox 218 548 1689 597; baseline -0.001 -1"><span class='ocrx_word' id='word_1_35' title='bbox 218 550 405 597; x_wconf 91' lang='lat' dir='ltr'>dubium</span> <span class='ocrx_word' id='word_1_36' title='bbox 424 568 434 597; x_wconf 80' lang='lat' dir='ltr'><strong><em>z</em></strong></span> <span class='ocrx_word' id='word_1_37' title='bbox 466 569 489 594; x_wconf 76' lang='grc' dir='ltr'>α</span> <span class='ocrx_word' id='word_1_38' title='bbox 505 548 573 595; x_wconf 87' lang='lat' dir='ltr'>An</span> <span class='ocrx_word' id='word_1_39' title='bbox 601 550 774 596; x_wconf 86' lang='lat' dir='ltr'>constet</span> <span class='ocrx_word' id='word_1_40' title='bbox 795 548 846 594; x_wconf 85' lang='lat' dir='ltr'>de</span> <span class='ocrx_word' id='word_1_41' title='bbox 875 548 1075 594; x_wconf 74' lang='lat' dir='ltr'>nullitate</span> <span class='ocrx_word' id='word_1_42' title='bbox 1098 549 1364 595; x_wconf 73' lang='lat' dir='ltr'>matrimonii</span> <span class='ocrx_word' id='word_1_43' title='bbox 1384 549 1430 594; x_wconf 84' lang='lat' dir='ltr'>in</span> <span class='ocrx_word' id='word_1_44' title='bbox 1452 565 1555 595; x_wconf 85' lang='lat' dir='ltr'>casu</span> <span class='ocrx_word' id='word_1_45' title='bbox 1577 558 1689 595; x_wconf 81' lang='lat' dir='ltr'>etc.»</span> 
     </span>
     <span class='ocr_line' id='line_1_6' title="bbox 220 623 1692 689; baseline 0.001 -18"><span class='ocrx_word' id='word_1_46' title='bbox 220 626 319 673; x_wconf 84' lang='lat' dir='ltr'>Sao.</span> <span class='ocrx_word' id='word_1_47' title='bbox 337 624 620 688; x_wconf 84' lang='lat' dir='ltr'>congregatio</span> <span class='ocrx_word' id='word_1_48' title='bbox 643 624 904 688; x_wconf 83' lang='lat' dir='ltr'>priusquam</span> <span class='ocrx_word' id='word_1_49' title='bbox 927 623 1113 670; x_wconf 91' lang='lat' dir='ltr'>dubium</span> <span class='ocrx_word' id='word_1_50' title='bbox 1138 624 1325 671; x_wconf 85' lang='lat' dir='ltr'>solveret</span> <span class='ocrx_word' id='word_1_51' title='bbox 1348 624 1536 672; x_wconf 88' lang='lat' dir='ltr'>sollicite</span> <span class='ocrx_word' id='word_1_52' title='bbox 1560 641 1692 689; x_wconf 91' lang='lat' dir='ltr'>quae-</span> 
     </span>
     <span class='ocr_line' id='line_1_7' title="bbox 220 699 1693 764; baseline -0.001 -15"><span class='ocrx_word' id='word_1_53' title='bbox 220 702 357 761; x_wconf 68' lang='lat' dir='ltr'>sivit.f</span> <span class='ocrx_word' id='word_1_54' title='bbox 394 700 514 748; x_wconf 80' lang='lat' dir='ltr'>Num</span> <span class='ocrx_word' id='word_1_55' title='bbox 554 700 731 746; x_wconf 77' lang='lat' dir='ltr'>concilii</span> <span class='ocrx_word' id='word_1_56' title='bbox 766 699 993 745; x_wconf 75' lang='lat' dir='ltr'>tridentini</span> <span class='ocrx_word' id='word_1_57' title='bbox 1028 699 1195 746; x_wconf 83' lang='lat' dir='ltr'>decreta</span> <span class='ocrx_word' id='word_1_58' title='bbox 1228 701 1390 764; x_wconf 83' lang='lat' dir='ltr'>fuerint</span> <span class='ocrx_word' id='word_1_59' title='bbox 1427 702 1474 746; x_wconf 80' lang='lat' dir='ltr'>in</span> <span class='ocrx_word' id='word_1_60' title='bbox 1506 701 1693 747; x_wconf 81' lang='lat' dir='ltr'>ulmonsi</span> 
     </span>
     <span class='ocr_line' id='line_1_8' title="bbox 220 774 1690 839; baseline -0.001 -15"><span class='ocrx_word' id='word_1_61' title='bbox 220 776 394 836; x_wconf 76' lang='lat' dir='ltr'>civitate</span> <span class='ocrx_word' id='word_1_62' title='bbox 415 775 693 839; x_wconf 76' lang='lat' dir='ltr'>promulqata</span> <span class='ocrx_word' id='word_1_63' title='bbox 708 792 722 829; x_wconf 86' lang='lat'>,·</span> <span class='ocrx_word' id='word_1_64' title='bbox 750 774 993 838; x_wconf 89' lang='lat' dir='ltr'>itidemque</span> <span class='ocrx_word' id='word_1_65' title='bbox 1017 792 1123 821; x_wconf 91' lang='lat' dir='ltr'>num</span> <span class='ocrx_word' id='word_1_66' title='bbox 1148 775 1287 822; x_wconf 86' lang='lat' dir='ltr'>forma</span> <span class='ocrx_word' id='word_1_67' title='bbox 1321 776 1504 822; x_wconf 90' lang='lat' dir='ltr'>ineundi</span> <span class='ocrx_word' id='word_1_68' title='bbox 1539 777 1690 823; x_wconf 89' lang='lat' dir='ltr'>matri-</span> 
     </span>
     <span class='ocr_line' id='line_1_9' title="bbox 219 849 1692 914; baseline -0.001 -14"><span class='ocrx_word' id='word_1_69' title='bbox 219 851 355 900; x_wconf 80' lang='lat' dir='ltr'>monii</span> <span class='ocrx_word' id='word_1_70' title='bbox 389 868 416 898; x_wconf 90' lang='lat' dir='ltr'>a</span> <span class='ocrx_word' id='word_1_71' title='bbox 448 850 626 898; x_wconf 87' lang='lat' dir='ltr'>laudato</span> <span class='ocrx_word' id='word_1_72' title='bbox 664 849 852 897; x_wconf 85' lang='lat' dir='ltr'>concilio</span> <span class='ocrx_word' id='word_1_73' title='bbox 894 850 1166 914; x_wconf 89' lang='lat' dir='ltr'>praescripta</span> <span class='ocrx_word' id='word_1_74' title='bbox 1205 852 1484 899; x_wconf 84' lang='lat' dir='ltr'>consueverit</span> <span class='ocrx_word' id='word_1_75' title='bbox 1526 852 1692 899; x_wconf 82' lang='lat' dir='ltr'>ibidem</span> 
     </span>
     <span class='ocr_line' id='line_1_10' title="bbox 218 925 1688 992; baseline 0.001 -18"><span class='ocrx_word' id='word_1_76' title='bbox 218 926 453 991; x_wconf 76' lang='lat' dir='ltr'>aliquando</span> <span class='ocrx_word' id='word_1_77' title='bbox 487 926 697 973; x_wconf 80' lang='lat' dir='ltr'>servari?</span> <span class='ocrx_word' id='word_1_78' title='bbox 724 925 844 972; x_wconf 91' lang='lat' dir='ltr'>«Cui</span> <span class='ocrx_word' id='word_1_79' title='bbox 869 925 1150 989; x_wconf 87' lang='lat' dir='ltr'>inquisitioni</span> <span class='ocrx_word' id='word_1_80' title='bbox 1186 926 1416 990; x_wconf 87' lang='lat' dir='ltr'>respondit</span> <span class='ocrx_word' id='word_1_81' title='bbox 1449 927 1688 992; x_wconf 91' lang='lat' dir='ltr'>episcopus</span> 
     </span>
     <span class='ocr_line' id='line_1_11' title="bbox 216 1001 1690 1063; baseline 0 -13"><span class='ocrx_word' id='word_1_82' title='bbox 216 1002 560 1050; x_wconf 84' lang='lat' dir='ltr'>constantiensis</span> <span class='ocrx_word' id='word_1_83' title='bbox 595 1002 667 1050; x_wconf 90' lang='lat' dir='ltr'>his</span> <span class='ocrx_word' id='word_1_84' title='bbox 701 1001 874 1063; x_wconf 77' lang='lat' dir='ltr'>verbis:</span> <span class='ocrx_word' id='word_1_85' title='bbox 919 1021 941 1046; x_wconf 70' lang='lat' dir='ltr'>&lt;r</span> <span class='ocrx_word' id='word_1_86' title='bbox 969 1001 1128 1049; x_wconf 83' lang='lat' dir='ltr'>Extare</span> <span class='ocrx_word' id='word_1_87' title='bbox 1163 1002 1396 1049; x_wconf 81' lang='lat' dir='ltr'>etiamnum</span> <span class='ocrx_word' id='word_1_88' title='bbox 1430 1002 1584 1049; x_wconf 90' lang='lat' dir='ltr'>Ulmae</span> <span class='ocrx_word' id='word_1_89' title='bbox 1618 1020 1690 1050; x_wconf 84' lang='lat' dir='ltr'>ec-</span> 
     </span>
     <span class='ocr_line' id='line_1_12' title="bbox 213 1077 1686 1143; baseline -0.001 -16"><span class='ocrx_word' id='word_1_90' title='bbox 213 1078 397 1127; x_wconf 87' lang='lat' dir='ltr'>clesiam</span> <span class='ocrx_word' id='word_1_91' title='bbox 438 1079 703 1127; x_wconf 86' lang='lat' dir='ltr'>catholicam</span> <span class='ocrx_word' id='word_1_92' title='bbox 736 1085 763 1126; x_wconf 83' lang='lat' dir='ltr'>a</span> <span class='ocrx_word' id='word_1_93' title='bbox 795 1077 1022 1125; x_wconf 88' lang='lat' dir='ltr'>canonicis</span> <span class='ocrx_word' id='word_1_94' title='bbox 1066 1078 1342 1141; x_wconf 82' lang='lat' dir='ltr'>regularibus</span> <span class='ocrx_word' id='word_1_95' title='bbox 1383 1095 1421 1125; x_wconf 91' lang='lat' dir='ltr'>s.</span> <span class='ocrx_word' id='word_1_96' title='bbox 1451 1078 1686 1143; x_wconf 79' lang='lat' dir='ltr'>Augustini</span> 
     </span>
     <span class='ocr_line' id='line_1_13' title="bbox 216 1154 1688 1221; baseline 0 -19"><span class='ocrx_word' id='word_1_97' title='bbox 216 1155 505 1204; x_wconf 85' lang='lat' dir='ltr'>inofficiatam</span> <span class='ocrx_word' id='word_1_98' title='bbox 525 1193 535 1213; x_wconf 89' lang='lat'>,</span> <span class='ocrx_word' id='word_1_99' title='bbox 572 1155 630 1203; x_wconf 90' lang='lat' dir='ltr'>ad</span> <span class='ocrx_word' id='word_1_100' title='bbox 664 1172 824 1221; x_wconf 85' lang='lat' dir='ltr'>quam,</span> <span class='ocrx_word' id='word_1_101' title='bbox 872 1154 975 1201; x_wconf 85' lang='lat' dir='ltr'>aliis</span> <span class='ocrx_word' id='word_1_102' title='bbox 1013 1154 1152 1202; x_wconf 79' lang='lat' dir='ltr'>dictae</span> <span class='ocrx_word' id='word_1_103' title='bbox 1189 1156 1381 1202; x_wconf 81' lang='lat' dir='ltr'>civitatis</span> <span class='ocrx_word' id='word_1_104' title='bbox 1412 1156 1600 1202; x_wconf 82' lang='lat' dir='ltr'>ecclesiis</span> <span class='ocrx_word' id='word_1_105' title='bbox 1633 1155 1688 1202; x_wconf 86' lang='lat' dir='ltr'>ab</span> 
     </span>
     <span class='ocr_line' id='line_1_14' title="bbox 217 1231 1690 1297; baseline -0.001 -18"><span class='ocrx_word' id='word_1_106' title='bbox 217 1232 484 1279; x_wconf 76' lang='lat' dir='ltr'>heterodoxis</span> <span class='ocrx_word' id='word_1_107' title='bbox 515 1233 757 1296; x_wconf 77' lang='lat' dir='ltr'>occupatis,</span> <span class='ocrx_word' id='word_1_108' title='bbox 791 1248 897 1279; x_wconf 85' lang='lat' dir='ltr'>cura</span> <span class='ocrx_word' id='word_1_109' title='bbox 925 1231 1172 1278; x_wconf 88' lang='lat' dir='ltr'>animarum</span> <span class='ocrx_word' id='word_1_110' title='bbox 1206 1242 1250 1279; x_wconf 91' lang='lat' dir='ltr'>et</span> <span class='ocrx_word' id='word_1_111' title='bbox 1283 1231 1381 1279; x_wconf 90' lang='lat' dir='ltr'>iura</span> <span class='ocrx_word' id='word_1_112' title='bbox 1413 1231 1690 1297; x_wconf 89' lang='lat' dir='ltr'>parochialia</span> 
     </span>
     <span class='ocr_line' id='line_1_15' title="bbox 214 1307 1690 1366; baseline 0.001 -11"><span class='ocrx_word' id='word_1_113' title='bbox 214 1308 428 1356; x_wconf 87' lang='lat' dir='ltr'>translata</span> <span class='ocrx_word' id='word_1_114' title='bbox 454 1318 579 1366; x_wconf 86' lang='lat' dir='ltr'>sunt,</span> <span class='ocrx_word' id='word_1_115' title='bbox 608 1318 651 1356; x_wconf 90' lang='lat' dir='ltr'>et</span> <span class='ocrx_word' id='word_1_116' title='bbox 672 1308 720 1355; x_wconf 81' lang='lat' dir='ltr'>in</span> <span class='ocrx_word' id='word_1_117' title='bbox 744 1308 822 1355; x_wconf 83' lang='lat' dir='ltr'>hac</span> <span class='ocrx_word' id='word_1_118' title='bbox 846 1307 1066 1355; x_wconf 85' lang='lat' dir='ltr'>decretum</span> <span class='ocrx_word' id='word_1_119' title='bbox 1092 1325 1130 1356; x_wconf 91' lang='lat' dir='ltr'>s.</span> <span class='ocrx_word' id='word_1_120' title='bbox 1153 1308 1330 1356; x_wconf 90' lang='lat' dir='ltr'>concilii</span> <span class='ocrx_word' id='word_1_121' title='bbox 1356 1308 1582 1356; x_wconf 89' lang='lat' dir='ltr'>tridentini</span> <span class='ocrx_word' id='word_1_122' title='bbox 1607 1309 1690 1357; x_wconf 87' lang='lat' dir='ltr'>fuit</span> 
     </span>
     <span class='ocr_line' id='line_1_16' title="bbox 207 1385 1688 1451; baseline 0.001 -20"><span class='ocrx_word' id='word_1_123' title='bbox 207 1385 559 1449; x_wconf 63' lang='lat' dir='ltr'>promulgatum,</span> <span class='ocrx_word' id='word_1_124' title='bbox 594 1395 638 1432; x_wconf 93' lang='lat' dir='ltr'>et</span> <span class='ocrx_word' id='word_1_125' title='bbox 669 1385 910 1433; x_wconf 90' lang='lat' dir='ltr'>etiamnum</span> <span class='ocrx_word' id='word_1_126' title='bbox 944 1385 1227 1434; x_wconf 83' lang='lat' dir='ltr'>conformiter</span> <span class='ocrx_word' id='word_1_127' title='bbox 1259 1385 1435 1433; x_wconf 91' lang='lat' dir='ltr'>statutis</span> <span class='ocrx_word' id='word_1_128' title='bbox 1460 1385 1688 1451; x_wconf 82' lang='lat' dir='ltr'>synodali-</span> 
     </span>
     <span class='ocr_line' id='line_1_17' title="bbox 214 1459 1684 1527; baseline 0.001 -20"><span class='ocrx_word' id='word_1_129' title='bbox 214 1459 300 1508; x_wconf 89' lang='lat' dir='ltr'>bus</span> <span class='ocrx_word' id='word_1_130' title='bbox 323 1460 460 1508; x_wconf 87' lang='lat' dir='ltr'>huius</span> <span class='ocrx_word' id='word_1_131' title='bbox 484 1461 703 1509; x_wconf 89' lang='lat' dir='ltr'>dioecesis</span> <span class='ocrx_word' id='word_1_132' title='bbox 738 1461 1083 1509; x_wconf 89' lang='lat' dir='ltr'>constantiensis</span> <span class='ocrx_word' id='word_1_133' title='bbox 1116 1461 1308 1525; x_wconf 90' lang='lat' dir='ltr'>singulis</span> <span class='ocrx_word' id='word_1_134' title='bbox 1333 1461 1464 1509; x_wconf 89' lang='lat' dir='ltr'>annis</span> <span class='ocrx_word' id='word_1_135' title='bbox 1489 1461 1684 1527; x_wconf 90' lang='lat' dir='ltr'>promul-</span> 
     </span>
     <span class='ocr_line' id='line_1_18' title="bbox 212 1535 1685 1603; baseline 0.001 -19"><span class='ocrx_word' id='word_1_136' title='bbox 212 1546 356 1600; x_wconf 85' lang='lat' dir='ltr'>gatur.</span> <span class='ocrx_word' id='word_1_137' title='bbox 380 1535 417 1583; x_wconf 91' lang='lat' dir='ltr'>A</span> <span class='ocrx_word' id='word_1_138' title='bbox 437 1536 670 1584; x_wconf 90' lang='lat' dir='ltr'>catholicis</span> <span class='ocrx_word' id='word_1_139' title='bbox 694 1553 882 1602; x_wconf 88' lang='lat' dir='ltr'>quorum</span> <span class='ocrx_word' id='word_1_140' title='bbox 906 1537 1072 1601; x_wconf 84' lang='lat' dir='ltr'>aliquot</span> <span class='ocrx_word' id='word_1_141' title='bbox 1099 1538 1296 1601; x_wconf 82' lang='lat' dir='ltr'>familiae</span> <span class='ocrx_word' id='word_1_142' title='bbox 1319 1554 1463 1602; x_wconf 92' lang='lat' dir='ltr'>usque</span> <span class='ocrx_word' id='word_1_143' title='bbox 1488 1537 1534 1584; x_wconf 90' lang='lat' dir='ltr'>in</span> <span class='ocrx_word' id='word_1_144' title='bbox 1558 1554 1685 1603; x_wconf 85' lang='lat' dir='ltr'>prae-</span> 
     </span>
     <span class='ocr_line' id='line_1_19' title="bbox 214 1612 1679 1670; baseline 0.001 -10"><span class='ocrx_word' id='word_1_145' title='bbox 214 1616 392 1661; x_wconf 84' lang='lat' dir='ltr'>sentem</span> <span class='ocrx_word' id='word_1_146' title='bbox 417 1613 535 1660; x_wconf 90' lang='lat' dir='ltr'>diem</span> <span class='ocrx_word' id='word_1_147' title='bbox 563 1612 716 1660; x_wconf 89' lang='lat' dir='ltr'>Ulmae</span> <span class='ocrx_word' id='word_1_148' title='bbox 748 1613 983 1670; x_wconf 85' lang='lat' dir='ltr'>habitant,</span> <span class='ocrx_word' id='word_1_149' title='bbox 1021 1613 1188 1661; x_wconf 89' lang='lat' dir='ltr'>dictum</span> <span class='ocrx_word' id='word_1_150' title='bbox 1223 1613 1447 1662; x_wconf 89' lang='lat' dir='ltr'>decretum</span> <span class='ocrx_word' id='word_1_151' title='bbox 1481 1631 1519 1662; x_wconf 90' lang='lat' dir='ltr'>s.</span> <span class='ocrx_word' id='word_1_152' title='bbox 1554 1631 1679 1662; x_wconf 89' lang='lat' dir='ltr'>conc.</span> 
     </span>
     <span class='ocr_line' id='line_1_20' title="bbox 213 1689 1686 1755; baseline 0.001 -19"><span class='ocrx_word' id='word_1_153' title='bbox 213 1689 440 1736; x_wconf 80' lang='lat' dir='ltr'>tridentini</span> <span class='ocrx_word' id='word_1_154' title='bbox 476 1689 794 1738; x_wconf 85' lang='lat' dir='ltr'>inviolabiliter</span> <span class='ocrx_word' id='word_1_155' title='bbox 822 1690 1087 1737; x_wconf 84' lang='lat' dir='ltr'>observatur.</span> <span class='ocrx_word' id='word_1_156' title='bbox 1118 1689 1255 1737; x_wconf 84' lang='lat' dir='ltr'>Adest</span> <span class='ocrx_word' id='word_1_157' title='bbox 1277 1700 1321 1737; x_wconf 90' lang='lat' dir='ltr'>et</span> <span class='ocrx_word' id='word_1_158' title='bbox 1344 1707 1520 1755; x_wconf 87' lang='lat' dir='ltr'>semper</span> <span class='ocrx_word' id='word_1_159' title='bbox 1542 1689 1686 1737; x_wconf 82' lang='lat' dir='ltr'>adfuit</span> 
     </span>
     <span class='ocr_line' id='line_1_21' title="bbox 211 1765 1680 1832; baseline 0.001 -20"><span class='ocrx_word' id='word_1_160' title='bbox 211 1765 366 1813; x_wconf 86' lang='lat' dir='ltr'>Ulmae</span> <span class='ocrx_word' id='word_1_161' title='bbox 399 1766 622 1830; x_wconf 88' lang='lat' dir='ltr'>parochus</span> <span class='ocrx_word' id='word_1_162' title='bbox 657 1766 927 1823; x_wconf 89' lang='lat' dir='ltr'>catholicus,</span> <span class='ocrx_word' id='word_1_163' title='bbox 956 1766 1034 1832; x_wconf 87' lang='lat' dir='ltr'>qui</span> <span class='ocrx_word' id='word_1_164' title='bbox 1068 1777 1345 1814; x_wconf 88' lang='lat' dir='ltr'>sacramenta</span> <span class='ocrx_word' id='word_1_165' title='bbox 1371 1766 1680 1823; x_wconf 88' lang='lat' dir='ltr'>administrat,</span> 
     </span>
     <span class='ocr_line' id='line_1_22' title="bbox 210 1842 1685 1908; baseline -0.001 -18"><span class='ocrx_word' id='word_1_166' title='bbox 210 1852 254 1890; x_wconf 88' lang='lat' dir='ltr'>et</span> <span class='ocrx_word' id='word_1_167' title='bbox 283 1860 311 1890; x_wconf 92' lang='lat' dir='ltr'>a</span> <span class='ocrx_word' id='word_1_168' title='bbox 343 1843 504 1908; x_wconf 89' lang='lat' dir='ltr'>quovis</span> <span class='ocrx_word' id='word_1_169' title='bbox 548 1843 769 1892; x_wconf 89' lang='lat' dir='ltr'>catholico</span> <span class='ocrx_word' id='word_1_170' title='bbox 802 1843 1032 1891; x_wconf 91' lang='lat' dir='ltr'>commode</span> <span class='ocrx_word' id='word_1_171' title='bbox 1068 1843 1181 1890; x_wconf 92' lang='lat' dir='ltr'>adiri</span> <span class='ocrx_word' id='word_1_172' title='bbox 1217 1854 1409 1907; x_wconf 89' lang='lat' dir='ltr'>potest.»</span> <span class='ocrx_word' id='word_1_173' title='bbox 1428 1842 1526 1899; x_wconf 88' lang='lat' dir='ltr'>Qua</span> <span class='ocrx_word' id='word_1_174' title='bbox 1549 1843 1685 1891; x_wconf 85' lang='lat' dir='ltr'>infor-</span> 
     </span>
     <span class='ocr_line' id='line_1_23' title="bbox 210 1919 1683 1985; baseline 0 -19"><span class='ocrx_word' id='word_1_175' title='bbox 210 1919 401 1967; x_wconf 88' lang='lat' dir='ltr'>matione</span> <span class='ocrx_word' id='word_1_176' title='bbox 434 1921 638 1984; x_wconf 87' lang='lat' dir='ltr'>accepta,</span> <span class='ocrx_word' id='word_1_177' title='bbox 678 1920 734 1967; x_wconf 89' lang='lat' dir='ltr'>ad</span> <span class='ocrx_word' id='word_1_178' title='bbox 764 1920 1038 1985; x_wconf 90' lang='lat' dir='ltr'>propositum</span> <span class='ocrx_word' id='word_1_179' title='bbox 1063 1919 1247 1967; x_wconf 91' lang='lat' dir='ltr'>dubium</span> <span class='ocrx_word' id='word_1_180' title='bbox 1278 1937 1370 1967; x_wconf 89' lang='lat' dir='ltr'>sac.</span> <span class='ocrx_word' id='word_1_181' title='bbox 1402 1919 1683 1983; x_wconf 87' lang='lat' dir='ltr'>congregatio</span> 
     </span>
     <span class='ocr_line' id='line_1_24' title="bbox 210 1996 1684 2062; baseline 0.001 -20"><span class='ocrx_word' id='word_1_182' title='bbox 210 2013 328 2062; x_wconf 88' lang='lat' dir='ltr'>resp.</span> <span class='ocrx_word' id='word_1_183' title='bbox 349 1996 644 2062; x_wconf 79' lang='lat' dir='ltr'>Affirmative;</span> <span class='ocrx_word' id='word_1_184' title='bbox 681 2015 762 2045; x_wconf 89' lang='lat' dir='ltr'>seu</span> <span class='ocrx_word' id='word_1_185' title='bbox 790 2008 993 2045; x_wconf 90' lang='lat' dir='ltr'>constare</span> <span class='ocrx_word' id='word_1_186' title='bbox 1016 1997 1072 2044; x_wconf 90' lang='lat' dir='ltr'>de</span> <span class='ocrx_word' id='word_1_187' title='bbox 1096 1996 1297 2045; x_wconf 88' lang='lat' dir='ltr'>nullitate</span> <span class='ocrx_word' id='word_1_188' title='bbox 1331 1996 1551 2045; x_wconf 89' lang='lat' dir='ltr'>eiusmodi</span> <span class='ocrx_word' id='word_1_189' title='bbox 1587 2013 1684 2044; x_wconf 90' lang='lat' dir='ltr'>ma-</span> 
     </span>
     <span class='ocr_line' id='line_1_25' title="bbox 209 2071 1682 2136; baseline 0 -18"><span class='ocrx_word' id='word_1_190' title='bbox 209 2071 420 2119; x_wconf 77' lang='lat' dir='ltr'>trimonii.¹</span> <span class='ocrx_word' id='word_1_191' title='bbox 457 2072 682 2136; x_wconf 82' lang='lat' dir='ltr'>Agebatur</span> <span class='ocrx_word' id='word_1_192' title='bbox 720 2084 867 2121; x_wconf 89' lang='lat' dir='ltr'>tamen</span> <span class='ocrx_word' id='word_1_193' title='bbox 900 2072 985 2121; x_wconf 96' lang='lat' dir='ltr'>hoc</span> <span class='ocrx_word' id='word_1_194' title='bbox 1018 2073 1064 2119; x_wconf 90' lang='lat' dir='ltr'>in</span> <span class='ocrx_word' id='word_1_195' title='bbox 1098 2089 1206 2120; x_wconf 88' lang='lat' dir='ltr'>casu</span> <span class='ocrx_word' id='word_1_196' title='bbox 1246 2073 1303 2120; x_wconf 91' lang='lat' dir='ltr'>de</span> <span class='ocrx_word' id='word_1_197' title='bbox 1344 2071 1600 2136; x_wconf 81' lang='lat' dir='ltr'>regionibus</span> <span class='ocrx_word' id='word_1_198' title='bbox 1636 2072 1682 2118; x_wconf 91' lang='lat' dir='ltr'>in</span> 
     </span>
     <span class='ocr_line' id='line_1_26' title="bbox 210 2147 1681 2212; baseline -0.001 -17"><span class='ocrx_word' id='word_1_199' title='bbox 210 2147 377 2212; x_wconf 89' lang='lat' dir='ltr'>quibus</span> <span class='ocrx_word' id='word_1_200' title='bbox 422 2148 578 2196; x_wconf 89' lang='lat' dir='ltr'>eadem</span> <span class='ocrx_word' id='word_1_201' title='bbox 620 2166 766 2196; x_wconf 87' lang='lat' dir='ltr'>rerum</span> <span class='ocrx_word' id='word_1_202' title='bbox 813 2149 1022 2197; x_wconf 91' lang='lat' dir='ltr'>adiuncta</span> <span class='ocrx_word' id='word_1_203' title='bbox 1052 2148 1263 2211; x_wconf 86' lang='lat' dir='ltr'>vigebant</span> <span class='ocrx_word' id='word_1_204' title='bbox 1295 2165 1348 2196; x_wconf 89' lang='lat' dir='ltr'>ac</span> <span class='ocrx_word' id='word_1_205' title='bbox 1379 2148 1602 2212; x_wconf 85' lang='lat' dir='ltr'>viguerint</span> <span class='ocrx_word' id='word_1_206' title='bbox 1635 2148 1681 2194; x_wconf 91' lang='lat' dir='ltr'>in</span> 
     </span>
     <span class='ocr_line' id='line_1_27' title="bbox 209 2222 1682 2289; baseline 0 -20"><span class='ocrx_word' id='word_1_207' title='bbox 209 2222 462 2271; x_wconf 87' lang='lat' dir='ltr'>Hollandia.</span> <span class='ocrx_word' id='word_1_208' title='bbox 484 2224 597 2270; x_wconf 91' lang='lat' dir='ltr'>Nam</span> <span class='ocrx_word' id='word_1_209' title='bbox 622 2223 776 2271; x_wconf 90' lang='lat' dir='ltr'>Ulmae</span> <span class='ocrx_word' id='word_1_210' title='bbox 798 2224 1074 2289; x_wconf 90' lang='lat' dir='ltr'>publicatum</span> <span class='ocrx_word' id='word_1_211' title='bbox 1097 2224 1240 2272; x_wconf 88' lang='lat' dir='ltr'>fuerat</span> <span class='ocrx_word' id='word_1_212' title='bbox 1262 2223 1486 2271; x_wconf 88' lang='lat' dir='ltr'>decretum</span> <span class='ocrx_word' id='word_1_213' title='bbox 1516 2223 1682 2271; x_wconf 91' lang='lat' dir='ltr'>triden-</span> 
     </span>
     <span class='ocr_line' id='line_1_28' title="bbox 209 2298 1682 2365; baseline 0 -19"><span class='ocrx_word' id='word_1_214' title='bbox 209 2298 349 2347; x_wconf 87' lang='lat' dir='ltr'>tinum</span> <span class='ocrx_word' id='word_1_215' title='bbox 368 2338 378 2358; x_wconf 93' lang='lat'>,</span> <span class='ocrx_word' id='word_1_216' title='bbox 406 2300 468 2347; x_wconf 89' lang='lat' dir='ltr'>ibi</span> <span class='ocrx_word' id='word_1_217' title='bbox 504 2300 639 2348; x_wconf 88' lang='lat' dir='ltr'>etiam</span> <span class='ocrx_word' id='word_1_218' title='bbox 681 2299 882 2348; x_wconf 90' lang='lat' dir='ltr'>haeresis</span> <span class='ocrx_word' id='word_1_219' title='bbox 916 2302 1087 2365; x_wconf 80' lang='lat' dir='ltr'>impune</span> <span class='ocrx_word' id='word_1_220' title='bbox 1117 2300 1426 2365; x_wconf 79' lang='lat' dir='ltr'>qrassabatur,</span> <span class='ocrx_word' id='word_1_221' title='bbox 1455 2318 1555 2347; x_wconf 92' lang='lat' dir='ltr'>cum</span> <span class='ocrx_word' id='word_1_222' title='bbox 1580 2299 1682 2346; x_wconf 88' lang='lat' dir='ltr'>hae-</span> 
     </span>
     <span class='ocr_line' id='line_1_29' title="bbox 209 2375 1675 2442; baseline 0 -20"><span class='ocrx_word' id='word_1_223' title='bbox 209 2375 358 2432; x_wconf 89' lang='lat' dir='ltr'>retici,</span> <span class='ocrx_word' id='word_1_224' title='bbox 399 2375 596 2441; x_wconf 87' lang='lat' dir='ltr'>expulsis</span> <span class='ocrx_word' id='word_1_225' title='bbox 631 2376 888 2434; x_wconf 89' lang='lat' dir='ltr'>catholicis,</span> <span class='ocrx_word' id='word_1_226' title='bbox 922 2394 1163 2442; x_wconf 81' lang='lat' dir='ltr'>eorumque</span> <span class='ocrx_word' id='word_1_227' title='bbox 1195 2376 1398 2424; x_wconf 91' lang='lat' dir='ltr'>ecclesiis</span> <span class='ocrx_word' id='word_1_228' title='bbox 1423 2375 1675 2440; x_wconf 88' lang='lat' dir='ltr'>occupatis,</span> 
     </span>
     <span class='ocr_line' id='line_1_30' title="bbox 206 2450 1681 2509; baseline 0 -12"><span class='ocrx_word' id='word_1_229' title='bbox 206 2450 572 2509; x_wconf 56' lang='lat' dir='ltr'>dominarentum</span> <span class='ocrx_word' id='word_1_230' title='bbox 609 2453 686 2500; x_wconf 79' lang='lat' dir='ltr'>vix</span> <span class='ocrx_word' id='word_1_231' title='bbox 719 2470 836 2500; x_wconf 90' lang='lat' dir='ltr'>anno</span> <span class='ocrx_word' id='word_1_232' title='bbox 870 2464 1070 2501; x_wconf 89' lang='lat' dir='ltr'>anteacto</span> <span class='ocrx_word' id='word_1_233' title='bbox 1104 2453 1353 2501; x_wconf 89' lang='lat' dir='ltr'>Declaratio</span> <span class='ocrx_word' id='word_1_234' title='bbox 1398 2451 1681 2500; x_wconf 86' lang='lat' dir='ltr'>benedictina</span> 
     </span>
     <span class='ocr_line' id='line_1_31' title="bbox 205 2526 1678 2593; baseline -0.001 -19"><span class='ocrx_word' id='word_1_235' title='bbox 205 2526 311 2574; x_wconf 90' lang='lat' dir='ltr'>data</span> <span class='ocrx_word' id='word_1_236' title='bbox 334 2528 502 2586; x_wconf 84' lang='lat' dir='ltr'>fuerat,</span> <span class='ocrx_word' id='word_1_237' title='bbox 542 2528 836 2577; x_wconf 88' lang='lat' dir='ltr'>nihilominus</span> <span class='ocrx_word' id='word_1_238' title='bbox 871 2529 1077 2593; x_wconf 89' lang='lat' dir='ltr'>coniugia</span> <span class='ocrx_word' id='word_1_239' title='bbox 1111 2528 1277 2576; x_wconf 86' lang='lat' dir='ltr'>ibidem</span> <span class='ocrx_word' id='word_1_240' title='bbox 1313 2528 1484 2593; x_wconf 89' lang='lat' dir='ltr'>absque</span> <span class='ocrx_word' id='word_1_241' title='bbox 1518 2526 1678 2574; x_wconf 87' lang='lat' dir='ltr'>triden-</span> 
     </span>
     <span class='ocr_line' id='line_1_32' title="bbox 206 2602 1678 2662; baseline -0.001 -11"><span class='ocrx_word' id='word_1_242' title='bbox 206 2602 301 2651; x_wconf 90' lang='lat' dir='ltr'>tina</span> <span class='ocrx_word' id='word_1_243' title='bbox 319 2603 460 2652; x_wconf 83' lang='lat' dir='ltr'>forma</span> <span class='ocrx_word' id='word_1_244' title='bbox 476 2604 711 2662; x_wconf 75' lang='lat' dir='ltr'>Celebrata‚</span> <span class='ocrx_word' id='word_1_245' title='bbox 734 2605 857 2653; x_wconf 87' lang='lat' dir='ltr'>nulla</span> <span class='ocrx_word' id='word_1_246' title='bbox 874 2605 1047 2654; x_wconf 82' lang='lat' dir='ltr'>defectu</span> <span class='ocrx_word' id='word_1_247' title='bbox 1063 2605 1436 2654; x_wconf 89' lang='lat' dir='ltr'>clandestinitatis</span> <span class='ocrx_word' id='word_1_248' title='bbox 1454 2603 1678 2651; x_wconf 89' lang='lat' dir='ltr'>declarata</span> 
     </span>
     <span class='ocr_line' id='line_1_33' title="bbox 206 2679 1677 2749; baseline -0.001 -22"><span class='ocrx_word' id='word_1_249' title='bbox 206 2691 326 2728; x_wconf 89' lang='lat' dir='ltr'>sunt.</span> <span class='ocrx_word' id='word_1_250' title='bbox 365 2681 544 2730; x_wconf 89' lang='lat' dir='ltr'>Nullum</span> <span class='ocrx_word' id='word_1_251' title='bbox 585 2682 721 2746; x_wconf 89' lang='lat' dir='ltr'>igitur</span> <span class='ocrx_word' id='word_1_252' title='bbox 753 2682 937 2730; x_wconf 91' lang='lat' dir='ltr'>dubium</span> <span class='ocrx_word' id='word_1_253' title='bbox 972 2700 1209 2749; x_wconf 88' lang='lat' dir='ltr'>superesse</span> <span class='ocrx_word' id='word_1_254' title='bbox 1242 2692 1387 2747; x_wconf 89' lang='lat' dir='ltr'>potest</span> <span class='ocrx_word' id='word_1_255' title='bbox 1419 2679 1677 2744; x_wconf 80' lang='lat' dir='ltr'>dispositio-</span> 
     </span>
     <span class='ocr_line' id='line_1_34' title="bbox 206 2757 1672 2824; baseline -0.003 -19"><span class='ocrx_word' id='word_1_256' title='bbox 206 2760 306 2805; x_wconf 88' lang='lat' dir='ltr'>nem</span> <span class='ocrx_word' id='word_1_257' title='bbox 323 2759 546 2807; x_wconf 87' lang='lat' dir='ltr'>Benedicti</span> <span class='ocrx_word' id='word_1_258' title='bbox 564 2760 673 2806; x_wconf 88' lang='lat' dir='ltr'>XIV.</span> <span class='ocrx_word' id='word_1_259' title='bbox 690 2777 791 2808; x_wconf 90' lang='lat' dir='ltr'>esse</span> <span class='ocrx_word' id='word_1_260' title='bbox 810 2760 994 2809; x_wconf 85' lang='lat' dir='ltr'>localem</span> <span class='ocrx_word' id='word_1_261' title='bbox 1012 2777 1064 2808; x_wconf 88' lang='lat' dir='ltr'>ex</span> <span class='ocrx_word' id='word_1_262' title='bbox 1082 2760 1204 2808; x_wconf 89' lang='lat' dir='ltr'>sedis</span> <span class='ocrx_word' id='word_1_263' title='bbox 1224 2757 1493 2824; x_wconf 88' lang='lat' dir='ltr'>apostolicae</span> <span class='ocrx_word' id='word_1_264' title='bbox 1509 2766 1672 2812; x_wconf 89' lang='lat' dir='ltr'>mente,</span> 
     </span>
    </p>
   </div>
   <div class='ocr_carea' id='block_1_3' title="bbox 208 2831 1675 2936">
    <p class='ocr_par' dir='ltr' id='par_1_3' title="bbox 208 2831 1675 2936">
     <span class='ocr_line' id='line_1_35' title="bbox 208 2831 1675 2902; baseline -0.005 -18"><span class='ocrx_word' id='word_1_265' title='bbox 208 2850 351 2899; x_wconf 82' lang='lat' dir='ltr'>neque</span> <span class='ocrx_word' id='word_1_266' title='bbox 373 2835 429 2884; x_wconf 92' lang='lat' dir='ltr'>ad</span> <span class='ocrx_word' id='word_1_267' title='bbox 453 2853 585 2886; x_wconf 87' lang='lat' dir='ltr'>casus</span> <span class='ocrx_word' id='word_1_268' title='bbox 619 2836 789 2886; x_wconf 90' lang='lat' dir='ltr'>similes</span> <span class='ocrx_word' id='word_1_269' title='bbox 822 2837 997 2886; x_wconf 85' lang='lat' dir='ltr'>extendi</span> <span class='ocrx_word' id='word_1_270' title='bbox 1036 2854 1169 2902; x_wconf 91' lang='lat' dir='ltr'>posse</span> <span class='ocrx_word' id='word_1_271' title='bbox 1204 2837 1300 2884; x_wconf 90' lang='lat' dir='ltr'>sine</span> <span class='ocrx_word' id='word_1_272' title='bbox 1333 2851 1445 2882; x_wconf 90' lang='lat' dir='ltr'>novo</span> <span class='ocrx_word' id='word_1_273' title='bbox 1469 2843 1512 2881; x_wconf 93' lang='lat' dir='ltr'>et</span> <span class='ocrx_word' id='word_1_274' title='bbox 1534 2831 1675 2896; x_wconf 85' lang='lat' dir='ltr'>expli-</span> 
     </span>
     <span class='ocr_line' id='line_1_36' title="bbox 1584 2911 1611 2936; baseline 0 -2"><span class='ocrx_word' id='word_1_275' title='bbox 1584 2911 1611 2936; x_wconf 55' lang='lat'>³*</span> 
     </span>
    </p>
   </div>
  </div>
 </body>
</html>
