1980 3260
260 297 350 328 mr.
365 298 425 329 111.
442 298 492 329 DE
513 298 626 329 ECCL.
641 297 804 329 POTEST.
823 296 981 328 lustum
998 295 1083 326 me.
1103 296 1227 326 MATR.
1240 296 1323 326 nm.
1338 295 1429 326 mr.
1447 295 1507 326 nt.
1551 279 1638 324 ¹17

180 375 377 439 episcopi
400 414 409 431 ‚
438 393 537 422 cum
572 375 666 422 suis
688 374 868 422 vicariis
887 412 896 428 ‚
926 373 1109 421 seorsim
1143 374 1186 418 in
1213 373 1306 420 suis
1331 372 1634 428 dioecesibus,

182 451 345 513 singuli
390 468 471 515 pro
506 468 587 498 suo
625 450 832 506 arbitrio,
879 448 1131 496 huiusmodi
1173 448 1426 504 licentiam;
1471 449 1643 511 ingruet

183 527 376 588 profecto
400 537 489 574 tota
523 526 739 589 gallicana
772 525 939 572 ditione
979 524 1216 582 admodum
1258 524 1567 571 exuberantior
1601 535 1643 571 et

183 602 470 649 inordinatior
493 602 606 648 inter
628 612 712 656 tot,
742 611 920 664 tamque
943 600 1120 647 diversa
1144 599 1229 646 sibi
1244 637 1253 653 ‚
1281 599 1472 663 aliisque
1497 599 1642 646 indul-

148 738 152 742 *
182 677 378 739 gentium*
408 677 699 740 praelatorum
739 676 883 740 capita
918 676 961 721 in
999 675 1315 739 dispensandis
1350 675 1643 722 matrimoniis

184 752 376 800 licentia.
416 751 532 806 Quin
559 752 688 798 etiam
707 789 717 807 ,
753 752 791 797 si
814 768 892 814 per
918 751 1172 798 universum
1209 769 1388 813 regnum
1416 752 1502 798 ista
1527 751 1644 797 inva-

183 828 370 875 lesceret.
393 828 665 875 consuetudo
694 830 709 888 (
726 827 845 890 quod
879 827 1043 874 malum
1068 828 1186 873 Deus
1220 829 1444 887 avertat)‚‚
1474 828 1644 874 contin-

183 912 303 965 geret
344 903 519 950 demum
553 915 602 951 ut
634 902 819 967 quilibet
860 902 962 950 laici
1005 902 1136 957 etiam
1181 901 1533 949 subalternorum
1569 904 1645 949 tri—

182 978 411 1026 bunalium
439 978 608 1026 iudices
627 1017 636 1035 ‚
659 996 737 1043 per
754 978 1003 1042 captionem
1023 987 1066 1025 et
1083 977 1411 1026 distractionem
1431 977 1643 1025 bonorum

182 1054 501 1119 episcopalium
521 1092 531 1109 ,
569 1054 782 1118 ipsosmet
813 1054 1048 1118 episcopos
1082 1063 1313 1116 cogerent„
1349 1071 1428 1118 pro
1464 1071 1545 1101 suo
1576 1072 1646 1118 pe—

183 1129 337 1176 culiari
357 1167 374 1186 ‚v
404 1141 478 1177 aut
509 1130 747 1178 amicorum
767 1168 776 1183 ‚
811 1140 885 1176 aut
913 1129 1101 1194 partium
1136 1129 1451 1194 postulantium
1489 1130 1646 1178 affectu

183 1206 240 1251 ad
271 1206 336 1253 sic
370 1205 747 1271 dispensandum,
786 1205 902 1252 sicut
936 1205 1191 1251 iamdudum
1230 1204 1500 1268 compellunt
1538 1205 1648 1252 invi-

186 1290 253 1328 tos
283 1281 340 1329 ad
365 1281 597 1329 monitoria
630 1293 672 1328 et
694 1280 1169 1328 excommunicationes
1202 1281 1531 1336 decernendas;
1562 1281 1646 1328 sic-

185 1374 272 1420 que
306 1357 451 1404 simile
488 1357 596 1421 quid
627 1357 716 1404 illis
750 1356 976 1404 obveniret
998 1356 1177 1404 divinae
1207 1357 1310 1404 huic
1339 1357 1458 1421 apud
1489 1358 1646 1405 lsaiam

185 1433 514 1481 comminationi
539 1452 548 1480 ε
583 1434 670 1481 Pro
696 1450 747 1480 eo.
777 1432 888 1496 quod
917 1433 1072 1480 abiecit
1094 1433 1282 1497 populus
1311 1434 1388 1479 iste
1415 1451 1550 1496 aquas
1584 1434 1649 1479 Si-

185 1509 274 1563 loc,
313 1526 420 1572 quac
454 1509 618 1555 vadunt
655 1526 749 1557 cum
781 1509 951 1555 silentio
971 1545 995 1562 ‚‚
1018 1518 1202 1573 propter·
1233 1509 1305 1556 hoc
1346 1527 1435 1556 ecce
1469 1509 1650 1555 adducet

184 1584 392 1631 Dominus
409 1601 537 1648 super
559 1602 626 1631 eos
644 1602 779 1648 aquas
800 1585 992 1649 fluminis
1009 1586 1139 1648 fortes
1165 1594 1204 1631 et
1220 1586 1409 1634 multas„
1435 1585 1507 1633 Sic
1529 1586 1647 1631 enim

185 1670 420 1708 renuentes
456 1660 538 1707 hac
564 1661 610 1708 in
645 1671 770 1725 parte
804 1678 977 1708 summo
1006 1660 1274 1708 universalis
1303 1661 1518 1708 ecclesiae
1541 1678 1650 1725 pon-

187 1736 294 1783 tifici
323 1735 480 1783 subiici
501 1774 510 1792 ,
542 1737 863 1801 compelluntur
886 1737 1195 1800 indignissime
1219 1737 1431 1784 laicorum
1454 1737 1650 1787 iudicum

186 1812 437 1860 infimorum
461 1812 650 1860 decretis
668 1813 994 1877 obtemperare,
1017 1824 1092 1860 aut
1111 1814 1384 1878 propriorum
1405 1814 1620 1861 fructuum
1636 1852 1645 1867 ,

186 1888 230 1934 ni
266 1899 468 1952 pereant,
500 1889 862 1953 interceptionem
898 1906 949 1936 ac
979 1890 1267 1954 privationem
1297 1890 1387 1954 pati
1413 1892 1529 1951 (66).
1548 1909 1570 1934 »

282 1964 402 2011 Haec
429 1975 575 2012 autem
613 1965 799 2013 mirifice
832 1966 1147 2012 confirmantur
1174 1982 1227 2011 ex
1253 1965 1336 2022 iis,
1375 1983 1490 2030 quae
1519 1966 1661 2030 paulo*

185 2049 289 2087 ante
306 2039 532 2088 innuimus
551 2040 607 2087 de
631 2041 840 2105 episcopo
858 2046 1107 2103 augustano
1124 2041 1169 2086 in
1187 2041 1374 2089 concilio
1393 2041 1645 2095 tridentino,

185 2116 261 2180 qui
293 2115 499 2179 patribus.
529 2117 670 2163 suasit
696 2134 754 2163 ne
769 2116 990 2181 episcopis
1012 2116 1200 2180 singulis
1225 2117 1409 2166 facultas
1439 2117 1652 2166 tribuere-

186 2202 269 2239 tur.
298 2191 477 2238 laxandi-
509 2192 554 2238 in
596 2203 752 2256 quarto
791 2192 947 2255 gradu.
990 2193 1081 2240 Hac
1123 2193 1242 2242 enim
1275 2193 1482 2243 facultate
1516 2193 1653 2240 semel

185 2267 407 2331 episcopis
437 2284 676 2323 concessa,
713 2268 787 2314 vix
810 2279 953 2316 actum
980 2285 1066 2315 non
1099 2278 1217 2316 esset
1250 2268 1306 2315 de
1338 2268 1422 2315 hac
1451 2268 1652 2332 discipli—

188 2359 270 2389 nae
304 2352 454 2406 parte,
499 2360 614 2407 quae
647 2354 792 2391 tamen
828 2343 948 2390 cordi
986 2354 1077 2390 erat
1109 2344 1297 2392 concilio
1331 2344 1565 2400 universo,
1601 2361 1661 2390 ac-

189 2418 372 2481 proinde
404 2435 536 2481 grave
569 2419 729 2466 vulnus
765 2418 907 2466 eidem
944 2419 1099 2467 suisset
1139 2419 1353 2467 inflictum
1388 2422 1503 2482 (67).
1543 2419 1661 2466 Cum

275 2530 340 2569 (eo)
366 2529 511 2563 Theoria
531 2531 564 2562 et
580 2532 705 2571 praxis
727 2533 815 2563 iuris
835 2540 962 2565 canon..
979 2531 1033 2564 lib.
1055 2534 1111 2564 111.
1128 2541 1198 2574 cap.
1218 2535 1266 2564 27.
1287 2534 1359 2573 post
1376 2534 1437 2564 art.
1456 2537 1485 2564 5.

275 2582 340 2621 (⁶7)
361 2581 412 2614 Sic
438 2582 525 2614 enim
551 2584 650 2614 totam
678 2592 745 2614 rem
764 2583 796 2615 in
817 2591 876 2615 sua
904 2583 986 2616 nist.
1011 2593 1103 2616 conc.
1130 2584 1262 2617 trident.
1282 2584 1339 2616 lib.
1368 2586 1483 2618 xxm.
1508 2594 1578 2625 cap.
1596 2586 1652 2616 lx.

184 2643 216 2666 n.
238 2637 285 2666 17.
307 2635 405 2666 refert
427 2634 515 2666 card.
534 2635 783 2666 pallavicinius:
808 2636 952 2670 «Perclie
972 2636 1025 2678 poi
1047 2636 1184 2669 abbiano
1204 2646 1223 2669 a
1241 2646 1277 2669 se
1302 2637 1454 2669 riservate
1472 2637 1482 2668 i
1506 2637 1657 2677 pontefici

185 2686 215 2718 le
237 2686 387 2718 suddette
411 2686 644 2727 dispensazioni
671 2687 825 2728 lasciero,
846 2689 907 2720 che
925 2689 958 2721 lo
973 2689 1109 2721 dichiari
1132 2690 1156 2721 il
1174 2698 1287 2731 parere
1304 2690 1393 2721 detto
1411 2697 1428 2721 c
1452 2689 1654 2722 abbrac-ciato

186 2737 220 2769 in
240 2737 378 2770 concilio
403 2737 438 2770 di
464 2739 684 2772 Marcentonio
707 2739 816 2771 Bobba
840 2748 976 2773 vescovo
994 2740 1027 2773 di
1043 2743 1160 2782 Agosta
1180 2740 1420 2774 ambasciadore
1440 2741 1491 2773 del
1518 2741 1602 2774 duca
1622 2741 1656 2773 di

187 2790 301 2823 savoia
314 2813 324 2830 ,
345 2791 368 2823 il
393 2791 488 2832 quale
512 2792 751 2833 proponendosi
768 2793 879 2834 quivi:
896 2794 956 2826 che
976 2794 1104 2827 almeno
1123 2795 1154 2827 la
1169 2794 1302 2836 podest'a
1324 2793 1376 2826 del
1393 2794 1576 2835 dispensare
1602 2795 1652 2826 nel

184 2844 301 2882 qimi-to
321 2843 421 2884 grado
442 2844 466 2875 s’
481 2853 740 2877 aceomunassea
756 2845 902 2886 vescovi,
923 2845 1093 2879 considero
1107 2855 1192 2879 esser
1214 2848 1328 2886 questo
1354 2846 1437 2878 assai
1457 2846 1619 2878 contrario
1635 2856 1653 2878 a

185 2894 255 2936 cio,
267 2896 326 2928 che
339 2896 366 2928 si
382 2897 495 2928 votes-a
505 2921 514 2936 ,
530 2897 560 2928 le
573 2897 807 2939 dispensazioni
825 2897 901 2930 sarsi
918 2898 949 2930 di
966 2899 1061 2931 rado:
1082 2899 1284 2940 impes-ocche
1299 2908 1361 2931 una
1380 2907 1435 2940 per
1450 2908 1585 2932 vescovo
1596 2899 1655 2932 che
