1980 3260
271 238 362 270 GAP.
387 238 431 269 11.
448 237 499 268 ΒΕ
519 236 632 269 ECCL.
651 235 815 268 POTEST.
833 234 975 267 CONST.
995 234 1082 267 lup.
1101 234 1223 266 uun.
1240 234 1324 267 MR·
1339 235 1432 266 Am.
1448 234 1494 266 11.
1568 221 1623 265 59

171 314 465 362 municatione
487 313 750 360 damnentur
771 311 999 374 (68).»1ta
1026 310 1206 374 quidem
1231 310 1287 358 de
1311 311 1626 375 impedimento

170 390 257 437 voti
293 400 437 455 patres
473 400 732 436 turonenses
748 425 758 444 ‚
786 387 861 451 qui
891 386 1135 433 innituntur
1158 395 1251 432 tum
1275 386 1532 434 auctoritate
1555 387 1629 433 ln·-

172 466 360 514 nocentii
386 467 421 512 l.
444 476 535 512 tum
569 464 744 512 concilii
779 462 1036 510 arelatensis
1076 462 1132 507 11.
1162 460 1208 507 id
1244 461 1390 525 ipsum
1424 463 1630 510 sancien-

173 542 295 589 tium.
318 543 383 590 De
406 540 722 605 impedimento
745 539 944 587 criminis
970 538 1031 585 ita
1055 537 1201 586 sanxit
1218 554 1342 585 conc.
1366 538 1631 586 triburiense

170 635 268 665 can.
293 618 360 664 LI.
388 617 540 663 «Illud
563 634 667 664 vero
690 616 912 663 communi
940 615 1114 663 decreto
1137 614 1379 662 secundum
1413 631 1630 662 canonum

173 693 373 741 instituta
420 691 658 739 definimus
680 728 690 746 ,
736 700 779 738 et
818 691 1173 755 praeiudicamus
1192 728 1202 747 ‚
1245 701 1294 738 ut
1326 691 1365 738 si
1398 689 1498 755 quis
1532 707 1632 738 cum

170 785 305 816 uxore
342 767 555 823 alterius,
593 766 766 814 vivente
799 783 851 813 eo
878 804 888 822 ,
934 767 1175 814 fornicatus
1220 767 1351 815 fuerit
1373 806 1383 824 ‚
1420 767 1632 815 moriente

170 842 352 900 marito,
391 841 595 907 synodali
629 841 794 889 iudicio
829 841 976 889 aditus
1010 842 1050 888 ei
1085 841 1315 888 claudatur
1342 841 1548 899 illicitus,
1576 859 1632 890 ne

171 917 355 966 ulterius
389 917 427 965 ei
467 917 758 980 coniungatur
792 915 1068 964 matrimonio
1091 954 1101 972 ‚
1149 934 1283 980 quam
1318 917 1441 981 prius
1476 916 1634 980 polluit

169 993 400 1041 adulterio.
435 993 648 1040 Nolumus
681 993 824 1048 enim,
850 1009 931 1040 nec
965 992 1233 1040 christianae
1267 992 1469 1056 religioni
1504 1009 1632 1057 opor-

170 1079 253 1126 tet,
290 1079 341 1116 ut
367 1069 486 1117 ullus
519 1069 652 1116 ducat
684 1069 729 1115 in
763 1069 1015 1132 coniugium
1045 1086 1179 1133 quam
1209 1068 1331 1133 prius
1366 1067 1523 1133 polluit
1556 1083 1634 1133 per

173 1144 437 1193 adulterium
460 1147 609 1208 (69).»
970 1159 972 1161 ·

268 1220 420 1268 Plures
456 1221 566 1268 alias
601 1220 694 1268 sive
727 1220 1059 1267 constitutiones
1090 1220 1362 1284 pontificias,
1402 1220 1496 1267 sive
1529 1236 1633 1267 con-

174 1296 375 1344 ciliorum
406 1296 653 1344 sanctiones
683 1296 1097 1360 praetermittimus,
1126 1313 1240 1361 quae
1263 1313 1423 1359 magno
1453 1313 1634 1344 numero

170 1388 249 1437 per
283 1372 400 1419 idem
439 1372 649 1436 temporis
690 1371 874 1436 proferri
921 1382 1125 1436 possent,
1163 1389 1278 1436 quae
1311 1389 1403 1419 rem
1438 1381 1633 1439 nostram

171 1447 347 1511 penitus
382 1447 621 1495 conficiunt
657 1449 773 1510 (70).
802 1448 981 1494 Interim
1015 1465 1066 1494 ex
1102 1447 1185 1504 iis,
1223 1465 1339 1512 quae
1374 1446 1633 1512 speciminis

171 1522 314 1587 gratia
344 1524 390 1570 in
424 1523 618 1571 medium
653 1523 881 1571 attulimus
900 1562 909 1580 ,
939 1541 1126 1587 pronum
1160 1533 1228 1571 est
1261 1523 1467 1586 colligere
1494 1521 1634 1570 eccle-

168 1599 283 1647 siam
307 1599 364 1646 ab
388 1609 526 1647 aetate
556 1599 798 1664 apostolica
826 1599 882 1647 ad
911 1599 1146 1647 concilium
1171 1616 1316 1663 usque
1347 1598 1633 1645 tridentinum

167 1675 213 1722 in
249 1675 435 1740 pacifica
457 1693 508 1723 ac
532 1675 663 1741 plena
696 1675 981 1740 possessione
1014 1675 1155 1723 fuisse
1190 1673 1384 1722 exercitii
1418 1673 1538 1721 illius
1562 1690 1636 1739 po·

171 1752 342 1799 testatis
367 1768 500 1816 quam
529 1751 571 1798 ei
598 1752 868 1799 adstruimus
902 1769 953 1799 ac
986 1751 1266 1800 vindicamus
1291 1751 1337 1798 in
1361 1750 1631 1798 constituen-

168 1826 240 1874 dis
265 1827 593 1892 impedimentis
629 1828 955 1876 matrimonium
988 1828 1313 1875 dirimentibus.
1342 1828 1407 1874 Ex
1435 1844 1524 1893 quo
1552 1828 1633 1876 rite

167 1902 445 1950 concluditur
474 1904 568 1951 iure
601 1904 768 1968 optimo
802 1904 1084 1951 tridentinam
1119 1904 1340 1969 synodum
1363 1920 1460 1952 can.
1485 1903 1562 1950 ΙΙΙ.
1585 1914 1629 1951 et

168 1976 235 2023 lv.
258 1977 516 2026 definivisse
538 1978 773 2027 ecclesiam
798 1979 996 2044 potuisse
1019 1979 1285 2027 constituere
1310 1978 1627 2043 impedimenta

164 2053 493 2102 matrimonium
519 2055 798 2115 dii-imantia,
827 2075 908 2105 nec
936 2057 982 2103 in
1012 2057 1068 2104 iis
1092 2055 1414 2105 constituendis
1436 2073 1625 2104 errasse.

164 2127 215 2173 ln
239 2127 324 2175 hoc
347 2129 516 2194 quippe
549 2132 781 2180 statuendo
814 2132 1053 2181 concilium
1077 2150 1276 2181 normam
1299 2131 1538 2181 universae
1560 2149 1633 2181 ec-

163 2204 440 2254 clesiasticae
478 2207 726 2256 traditionis
761 2220 958 2257 secutum
995 2210 1134 2258 fuisse
1162 2210 1404 2258 dicendum
1439 2222 1521 2260 est.

260 2410 324 2450 (68)
346 2411 440 2453 Apud
455 2412 602 2444 Harduin
617 2414 696 2445 tom.
712 2414 769 2446 ΙΙΙ.
785 2414 847 2446 col.
866 2419 938 2448 363.
952 2414 1150 2447 celebratum
1165 2416 1214 2448 est
1232 2424 1285 2448 an.
1303 2419 1373 2450 567.

259 2463 328 2505 (69)
345 2465 597 2498 nerduinum
611 2466 733 2498 concil.
751 2467 829 2499 tom.
843 2468 898 2499 VI.
915 2469 997 2509 part.
1012 2469 1038 2500 1.
1055 2468 1118 2500 col.
1132 2470 1205 2501 ⁴54.
1218 2468 1415 2501 celebratum
1428 2470 1476 2502 est
1490 2478 1542 2501 an.
1559 2474 1629 2502 895.

262 2516 327 2557 (70)
349 2517 398 2550 Cf.
415 2517 551 2551 Gerbais
564 2528 617 2560 op.
629 2519 684 2551 cit.
697 2519 802 2560 quiex
818 2520 948 2561 quinto,
959 2522 1063 2562 sexto,
1075 2521 1350 2563 septimossctavo
1360 2522 1628 2563 aernonosewlo,

164 2577 204 2600 ac
227 2568 378 2610 deinceps
401 2578 505 2612 usque
530 2570 572 2603 ad
597 2571 740 2603 seculum
765 2574 849 2605 XVI.
872 2581 928 2606 seu
954 2582 1057 2615 usque
1071 2574 1112 2606 ad
1126 2574 1243 2607 concil.
1260 2574 1632 2609 tridentinum-ostendit

161 2619 298 2653 concilia
308 2621 379 2654 tum
391 2624 598 2656 oecumenica
611 2625 680 2656 tum
699 2625 927 2667 provincialia,
941 2627 1008 2659 tam
1023 2627 1057 2659 in
1071 2627 1195 2660 oriente
1209 2636 1308 2669 quam
1324 2628 1357 2660 in
1372 2627 1628 2669 occidentc,‘seu

163 2673 346 2707 universam
358 2676 526 2710 ecclesiam
537 2678 721 2710 constanter
730 2678 814 2712 hanc
823 2680 1011 2720 potestatem
1024 2680 1111 2714 circa
1125 2681 1358 2723 impedimenta
1372 2681 1584 2723 impedientia·
1591 2689 1629 2714 ac

161 2724 343 2759 dirimentia
370 2729 567 2770 exercuisse,
597 2731 690 2763 cuius
713 2731 856 2764 exercitii
881 2732 1075 2765 documenta
1097 2733 1175 2766 illuc
1200 2734 1298 2766 recoli
1322 2736 1456 2775 possunt
1468 2743 1487 2766 a
1501 2736 1579 2766 sect.
1598 2736 1625 2766 1.

161 2777 202 2810 ad
211 2781 283 2812 Vll.
295 2780 454 2815 inclusive
467 2783 568 2824 partis
581 2783 714 2825 primae.
726 2784 850 2817 Deinde
864 2793 885 2817 a
896 2787 972 2818 sect.
987 2787 1074 2819 vill.
1091 2786 1124 2819 id
1139 2786 1244 2828 ipsum
1258 2787 1430 2819 confirmat
1443 2787 1627 2820 luculentis·

163 2830 252 2863 simis
273 2831 383 2874 factis,
400 2843 483 2874 quae
500 2834 561 2876 ipsi
576 2837 751 2877 suppetunt
765 2845 784 2868 a
798 2845 880 2869 saec.
897 2839 951 2870 lx.
968 2837 1008 2870 ad
1023 2840 1109 2871 va.
