1980 3260
346 257 435 304 350
599 269 679 300 Lm.
709 267 757 300 11.
787 267 902 299 sacr.
931 267 1102 299 ALTERA.
1133 267 1186 298 nn
1219 266 1385 299 rornsr.
1415 253 1556 301 civrm'.

341 348 581 396 intrinseca
604 356 710 394 sunt
732 345 1036 402 matrimonio,
1064 344 1314 393 cuiusmodi
1340 356 1447 393 sunt
1470 346 1569 412 eius
1592 347 1817 397 vinculum

341 442 394 474 ac
417 422 673 472 omnimoda
696 422 885 469 firmitas
904 459 914 479 ‚
943 421 1000 469 ab
1023 421 1081 469 iis
1105 439 1222 486 quae
1246 433 1350 469 sunt
1372 422 1518 470 eidem
1552 424 1814 484 extrinseca,

340 499 511 549 scilicet
542 498 728 547 effectus
753 497 908 546 civiles
922 536 932 554 ,
959 496 1156 545 declarat
1178 497 1329 562 priora
1351 498 1409 545 ad
1433 498 1670 545 ecclesiam
1693 499 1823 549 unice

340 576 562 641 pertinere
578 612 589 633 ,
624 574 871 640 posteriora
897 591 1002 622 vero
1038 574 1247 638 potestati
1281 574 1489 639 politicae
1523 575 1712 623 subesse
1733 578 1818 638 (8).

339 652 462 700 Haec
494 653 666 717 optima
699 650 830 699 nobis
861 650 1040 698 videtur
1066 651 1141 699 via
1159 689 1169 708 ,
1198 669 1289 716 qua
1318 651 1533 700 nonnulla
1559 651 1826 701 documenta

339 728 620 794 antiquitatis
655 727 883 794 explanari
910 727 1098 792 possint.
1128 727 1359 794 Siquidem
1389 746 1441 775 ex
1466 747 1557 776 una
1581 739 1706 794 parte
1729 746 1826 777 cer-

342 815 435 853 tum
452 805 761 854 est'seculares
781 805 1009 870 principes
1029 803 1142 851 nihil
1161 822 1296 869 posse
1313 805 1360 852 in
1379 805 1458 864 iis,
1482 823 1599 871 quae
1623 815 1827 871 spectant

338 880 397 929 ad
428 881 707 945 coniugium,
742 891 966 946 quatenus
1003 891 1334 928 sacramentum
1358 892 1452 939 est;
1482 899 1535 930 ex
1559 881 1698 930 altera
1718 899 1824 931 vero
1875 911 1882 920 ·

339 967 512 1005 constat
544 957 712 1022 pariter
745 956 899 1006 civiles
934 956 1161 1022 principes
1186 956 1307 1020 leges
1332 956 1492 1004 tulisse
1519 958 1639 1005 circa
1671 958 1826 1005 matri-

342 1033 544 1081 monium
559 1071 569 1091 ,
591 1033 756 1099 quibus
779 1033 900 1081 civili
925 1033 1158 1081 sanctione
1174 1032 1389 1081 nonnulla
1407 1033 1628 1098 nuptialia
1645 1033 1825 1082 foedera

340 1108 458 1157 inter
502 1109 707 1158 subditos
754 1109 1035 1175 impedirent.
1076 1110 1247 1156 Poenas
1287 1108 1458 1157 scilicet
1502 1109 1826 1158 constituerunt

337 1186 562 1235 adversus*
587 1203 665 1235 eos
682 1224 692 1243 ‚
720 1186 799 1251 qui
836 1185 1151 1251 quoquomodo
1186 1185 1368 1250 nuptias
1401 1185 1567 1232 inirent
1588 1196 1742 1234 contra
1761 1186 1826 1234 le-

337 1272 438 1327 gem
455 1301 465 1320 ‚
507 1280 625 1328 quae
657 1263 748 1311 lata
781 1274 876 1311 erat
907 1262 966 1311 ad
1005 1279 1240 1310 commune
1274 1262 1499 1310 societatis
1533 1261 1701 1310 bonum
1727 1262 1740 1320 ’ς
1779 1274 1826 1311 at

341 1339 388 1387 in
423 1339 699 1388 conscientia
731 1339 878 1387 irritas
914 1338 1098 1386 reddere
1131 1355 1221 1386 non
1256 1348 1494 1403 potuerunt
1516 1356 1593 1386 eas
1617 1339 1819 1405 nuptias,

337 1433 455 1481 quae
481 1416 539 1464 ad
570 1416 891 1481 praescriptum
927 1415 1040 1479 legis
1069 1415 1399 1464 ecclesiasticae
1437 1415 1685 1464 celebratae
1718 1416 1825 1465 fuis·

336 1501 451 1540 sent.
475 1492 644 1556 Nempe
673 1501 863 1557 possunt
890 1492 1117 1557 principes
1144 1509 1226 1556 per
1255 1491 1429 1539 modam
1454 1491 1726 1557 prohibentis
1755 1493 1825 1541 vel

329 1569 578 1637 punientis,
607 1579 657 1617 ut
681 1568 877 1634 loquitur
906 1586 944 1616 s.
968 1568 1160 1616 Thomas
1179 1607 1189 1626 ,
1217 1568 1339 1633 leges
1374 1569 1511 1627 ferre,
1550 1586 1640 1617 non
1675 1579 1823 1617 autem

339 1663 420 1711 per
453 1645 636 1694 modum
670 1647 899 1694 statuentis
919 1684 931 1702 ‚
969 1646 1083 1711 quod
1113 1646 1165 1711 fit
1196 1647 1336 1694 solum
1373 1648 1628 1694 auctoritate
1666 1647 1827 1694 summi

332 1724 552 1788 pontificis
566 1760 580 1779 ‚
615 1733 655 1770 et
682 1723 916 1770 secundum
942 1724 1016 1771 hoe
1038 1741 1244 1788 personae
1266 1724 1441 1788 aliquae
1463 1722 1704 1771 redduntur
1726 1722 1825 1771 ille-

336 1801 517 1864 qitimae
549 1800 608 1847 ad
641 1800 1003 1856 contrahendum,
1049 1802 1114 1848 ita
1147 1800 1261 1865 quod
1293 1801 1336 1847 si
1365 1801 1495 1848 etiam
1529 1800 1818 1856 contrahant,

335 1878 662 1925 matrimonium
693 1877 864 1924 dirimit
885 1879 969 1940 (9).
1848 1870 1850 1873 ’

436 2040 482 2082 (8)
502 2042 554 2074 lta
572 2042 605 2074 in
620 2042 758 2083 epistola
773 2042 850 2075 data
863 2042 905 2075 ad
915 2042 1084 2075 Sardiniae
1099 2051 1205 2084 regem
1217 2042 1401 2075 victorium
1416 2041 1659 2074 Emmanuelem
1676 2042 1822 2083 19.Sept.

341 2098 433 2126 1852.
449 2094 543 2127 cuius
559 2095 659 2127 verba
678 2096 724 2128 ita
738 2104 773 2128 se
790 2096 926 2128 habent:
943 2108 958 2124 a
972 2098 1044 2129 Non
1056 2096 1091 2128 vi
1106 2095 1125 2128 e
1141 2095 1289 2137 pertanto
1308 2095 1394 2127 altro
1407 2103 1515 2127 mezzo
1529 2094 1563 2126 di
1578 2094 1823 2136 conciliazione‚

335 2147 397 2180 che
410 2147 578 2180 ritenendo
594 2150 713 2182 cesare
731 2149 783 2182 cio
798 2149 858 2182 che
874 2149 892 2182 ὲ
907 2158 986 2191 suo,
1005 2149 1085 2182 lasci
1104 2149 1169 2181 alla
1184 2149 1293 2181 chiesa
1313 2148 1367 2180 οἰὸ
1387 2148 1447 2180 che
1468 2147 1511 2180 ad
1531 2157 1604 2180 essa
1623 2147 1822 2190 appar-tiene.

337 2200 374 2233 Il
385 2202 509 2242 potere
529 2201 633 2234 civile
654 2202 824 2244 disponqa
842 2211 934 2245 pure
951 2202 1045 2244 deqlt
1061 2201 1179 2243 effetti
1200 2201 1320 2241 civili,
1342 2201 1403 2234 che
1424 2201 1580 2234 derivano
1601 2201 1688 2234 dalle
1708 2210 1822 2242 nozze,

336 2260 391 2295 ma
407 2252 488 2285 lasci
510 2253 576 2285 alla
592 2253 701 2286 chiesa
722 2256 747 2287 il
770 2256 913 2297 regolare
934 2255 967 2287 la
987 2253 1125 2287 validita
1137 2255 1187 2287 fra
1201 2254 1213 2286 i
1226 2254 1384 2287 cristiani.
1403 2256 1451 2286 La
1473 2254 1564 2295 legge
1584 2253 1682 2287 civile
1700 2253 1826 2296 prende

336 2305 368 2338 le
382 2314 490 2338 mosse
503 2306 593 2338 dalla
608 2307 744 2340 validita
759 2309 803 2341 od
822 2308 994 2341 invalidita
1009 2308 1062 2341 del
1081 2301 1308 2348 matrimonio,
1328 2316 1421 2340 come
1442 2307 1515 2340 sara
1535 2307 1623 2340 dalla
1643 2307 1754 2341 chiesa
1771 2307 1825 2340 de-

335 2359 510 2392 terminata
521 2383 531 2401 ‚
546 2368 565 2392 e
577 2361 735 2401 pattendo
746 2361 789 2394 da
803 2363 917 2403 questo
934 2363 1032 2404 fatto,
1050 2361 1113 2395 che
1127 2361 1145 2394 e
1153 2361 1260 2402 fuori
1272 2361 1370 2394 della
1382 2369 1450 2394 sua
1461 2360 1560 2401 ssera
1572 2360 1601 2393 il
1613 2354 1825 2401 costitutrloss

338 2411 497 2454 disponga
518 2413 623 2445 allora
643 2413 728 2454 degli
749 2414 851 2446 essetti
874 2415 1005 2456 civili3»
1014 2416 1046 2448 et
1060 2415 1159 2456 paulo
1180 2415 1255 2456 post
1269 2415 1407 2447 testatur
1425 2423 1574 2446 summus
1596 2414 1740 2455 pontifex
1761 2412 1826 2446 sihi

334 2463 376 2496 ab
395 2465 524 2497 oratore
538 2465 626 2506 regio
645 2464 770 2497 dictum
788 2466 905 2506 fuisse,
920 2467 1008 2508 quod
1029 2468 1181 2500 certiores
1197 2467 1326 2500 fecisset
1340 2466 1508 2499 ministros
1519 2467 1722 2499 taurinenses
1733 2465 1826 2498 «che

339 2517 363 2550 il
380 2518 469 2560 Papa
484 2526 551 2550 non
566 2518 684 2559 poteva
699 2513 791 2550 nulla
806 2527 963 2560 opporre,
983 2529 1018 2553 se
1039 2521 1220 2553 conservati
1248 2520 1279 2552 al
1299 2519 1501 2552 sacramento
1519 2519 1596 2551 tutti
1615 2519 1626 2551 i
1645 2518 1718 2551 suoi
1737 2517 1822 2550 sacri

336 2571 459 2612 diritti,
479 2580 498 2604 e
519 2571 552 2603 la
571 2571 689 2604 liberta
710 2571 770 2604 che
791 2571 835 2612 gli
851 2575 1013 2613 compete,
1039 2575 1069 2606 si
1083 2573 1222 2613 fossero
1244 2573 1364 2606 volute
1385 2571 1447 2610 sar
1467 2572 1559 2604 delle
1581 2572 1670 2613 ἱεραί
1687 2573 1827 2612 riquar-

336 2624 440 2657 danti
459 2624 533 2657 solo
554 2624 606 2666 qli
626 2623 744 2664 effetti
766 2624 865 2657 civili
882 2625 941 2657 del
961 2627 1313 2660 matrimonio.»ved.
1327 2626 1550 2659 Allocuzione
1571 2625 1668 2658 della
1686 2624 1825 2657 samita

338 2678 377 2710 di
399 2680 517 2711 nostro
540 2679 680 2720 aiqnore
701 2679 766 2711 Pio
781 2680 881 2720 Papa
901 2681 968 2711 IX.
987 2679 1026 2712 al
1047 2689 1150 2721 saqro
1172 2680 1316 2722 colleyio
1337 2679 1390 2713 dei
1412 2684 1464 2712 22.
1482 2679 1586 2711 Genn.
1606 2683 1698 2712 1853.
1712 2686 1822 2712 corre-

340 2730 428 2764 data
452 2731 490 2764 di
511 2730 721 2765 documenti.
736 2733 859 2764 Romae
885 2736 974 2764 1853.
993 2741 1065 2773 pag.
1085 2738 1154 2766 181.

437 2783 483 2825 (9)
506 2783 711 2821 Quodlibeto
737 2785 773 2816 V.
787 2784 849 2816 art.
869 2788 916 2816 15.
933 2784 976 2816 ad
993 2786 1019 2816 Ι.
1035 2786 1119 2826 opp.
1134 2785 1187 2818 ed.
1202 2788 1296 2818 Rom.
1316 2788 1406 2818 1570.
1420 2786 1599 2818 tom.VllI.
1613 2794 1646 2827 p.
1660 2786 1702 2817 11.
1717 2786 1822 2826 Appo-

337 2837 399 2870 site
417 2838 491 2869 Ant.
515 2837 652 2870 Bianchi
673 2847 727 2880 op.
743 2837 800 2870 cit.
828 2837 932 2870 Della
953 2839 1098 2870 esterior
1112 2839 1262 2880 politica
1281 2838 1378 2871 della
1392 2838 1508 2872 chiesa
1525 2838 1583 2871 lib.
1600 2840 1660 2871 111.
1675 2846 1747 2880 cap.
1763 2839 1820 2870 Vl.

340 2890 370 2931 ᾗ.
392 2895 420 2924 1.
438 2896 534 2924 n.11.
553 2894 723 2925 «Possono
739 2891 891 2933 adunque
909 2892 918 2924 i
939 2891 1078 2933 principi
1104 2900 1198 2925 come
1218 2893 1291 2933 capi
1309 2892 1395 2926 della
1416 2892 1492 2924 civil
1514 2892 1639 2934 potesta
1653 2891 1823 2925 stabilirei
