1980 3260
250 218 336 270 488
499 230 580 262 un.
610 230 656 262 ιι.
686 228 798 262 ster.
827 229 998 261 Atrum.
1028 228 1080 260 nr
1105 227 1270 268 rorrsr.
1299 226 1439 261 civiti.

246 310 524 374 principum;
562 306 631 355 vel
674 307 924 372 principum
967 316 1228 370 potestatem
1268 305 1540 360 exclusivam
1580 322 1707 363 esse,

246 386 306 432 ita
323 395 372 432 ut
389 383 519 431 unice
534 382 750 431 ecclesiae
773 392 994 430 reservata
1007 381 1065 430 sit
1081 382 1345 430 sacramenti
1368 380 1707 435 administratio.

339 458 613 508 Concludere
647 459 797 524 itaque
829 458 984 506 merito
1019 474 1279 523 possumus,
1319 467 1453 506 totam
1477 474 1591 522 pene
1609 473 1716 505 con·

247 535 505 584 troversiam
530 535 587 583 de
608 535 912 583 ecclesiastica
935 551 988 582 ac
1010 533 1128 582 civili
1152 533 1198 580 in
1232 533 1563 582 matrimonium
1595 532 1716 587 chri·

245 613 440 661 stianum
476 623 691 677 potestate
706 649 717 669 ,
757 629 919 675 magna
952 629 1006 659 ex
1040 620 1163 676 parte
1195 610 1389 676 pendere
1421 628 1475 659 ex
1493 608 1717 666 ⁵sententia

246 688 301 739 de
334 699 549 755 potestate
582 688 835 753 principum
869 686 1133 735 infidelium.
1157 686 1244 743 Qui
1278 685 1389 734 illud
1423 686 1495 741 ius
1519 686 1720 735 tribuunt

246 764 526 831 principibus
559 764 819 813 infidelibus
836 802 848 822 ,
886 764 915 811 ii
953 764 999 811 in
1022 764 1323 813 controversia
1350 763 1407 812 de
1437 762 1718 813 matrimonio

247 840 493 890 christiano
515 859 566 889 se
588 839 927 889 difficultatibus
961 839 1214 905 implicant,
1242 857 1268 888 a
1302 838 1485 905 quibus,
1512 850 1562 887 ut
1588 838 1719 892 nobis

245 917 446 976 videtur,
483 935 612 982 aegre
636 934 686 966 se
709 916 968 983 expediunt,
997 917 1267 982 quandoque
1289 916 1424 964 etiam
1447 915 1648 965 nonnulli
1672 915 1719 964 in

246 1009 454 1041 erroneas
480 992 662 1041 omnino
686 992 930 1040 sententias
953 992 1207 1040 deveniunt.
1237 991 1324 1048 Qui
1349 991 1461 1039 illud
1495 992 1568 1040 ius
1597 991 1722 1057 prin-

247 1068 422 1134 cipibus
446 1068 704 1117 infidelibus
729 1079 916 1133 negant,
944 1067 1190 1116 doctrinam
1212 1067 1479 1116 catholicam
1502 1068 1622 1116 circa
1637 1066 1722 1116 ori-

245 1145 461 1209 ginariam
481 1184 492 1203 ,
530 1145 729 1194 divinam
747 1183 758 1203 ,
797 1144 1166 1210 i-ndependentem
1189 1155 1325 1210 atque
1347 1143 1617 1193 exclusivam
1646 1159 1723 1210 po-

248 1232 451 1271 testatem
490 1221 706 1270 ecclesiae
748 1220 794 1267 in
837 1219 1094 1283 coniugium
1136 1219 1431 1268 christianum
1460 1257 1472 1278 ,
1519 1230 1564 1268 et
1604 1219 1722 1268 circa
1793 1208 1807 1218 ,

250 1308 509 1362 potestatem
551 1295 850 1345 constituendi
891 1295 1209 1360 impedimenta
1253 1295 1510 1351 dirimentia
1531 1334 1543 1353 ‚
1588 1290 1724 1362 atque

247 1374 366 1421 circa
397 1372 512 1420 alias
546 1372 706 1420 affines
732 1371 1042 1437 quaestiones,
1071 1371 1188 1420 felici
1221 1389 1460 1429 successu,
1487 1381 1537 1420 ut
1558 1371 1725 1437 pariter

247 1449 377 1498 nobis
410 1449 608 1506 videtur,
647 1466 700 1497 ac
734 1447 879 1496 solide
903 1459 1181 1513 proponunt;
1211 1448 1298 1497 sibi
1323 1466 1501 1514 semper
1523 1448 1725 1514 philoso-

249 1525 380 1591 phice
413 1535 456 1573 et
489 1523 738 1589 theologice
771 1524 1012 1573 cohaerent
1043 1535 1087 1573 et
1115 1543 1141 1573 a
1163 1524 1504 1574 difficultatibus
1526 1542 1604 1573 eas
1626 1524 1726 1574 vin-

246 1600 411 1648 dicant.
423 1600 540 1648 Huic
558 1599 810 1648 tractationi
828 1611 1007 1649 nostrae
1019 1600 1105 1648 hac
1122 1601 1422 1649 controversia
1438 1600 1495 1648 de
1507 1609 1726 1665 potestate

247 1677 496 1743 principum
534 1676 784 1725 infidelium
819 1676 952 1724 finem
977 1677 1272 1742 imponimus,
1301 1694 1354 1725 ex
1379 1694 1470 1743 qua
1492 1676 1727 1733 corollaria

247 1754 478 1802 dimanant
501 1770 620 1819 quae
642 1753 875 1802 doctrinae
899 1771 978 1819 per
1001 1763 1139 1801 totum
1174 1753 1338 1801 librum
1371 1753 1625 1802 vindicatae
1658 1769 1726 1801 re-

250 1830 510 1896 capitulatio
544 1829 764 1896 quaedam
805 1840 910 1878 sunt
942 1840 986 1878 et
1018 1829 1312 1879 confirmatio.
1707 1828 1712 1830 “

344 1907 593 1955 Tractatum
627 1916 826 1955 nostrum
866 1905 923 1953 de
954 1905 1139 1970 legifera
1176 1916 1394 1971 potestate
1427 1905 1728 1965 ecclesiastica

251 1993 294 2030 et
327 1983 471 2040 civili,
512 1982 633 2048 quod
667 1982 725 2030 ad
754 1982 1087 2031 matrimonium
1120 1982 1417 2031 christianum
1451 1983 1638 2038 attinet,
1673 1998 1727 2030 eo

251 2058 566 2123 disquisitione
612 2076 665 2106 ac
707 2058 1032 2123 disceptatione
1074 2059 1363 2123 perduximus
1382 2097 1399 2116 ‚‚
1430 2068 1480 2106 ut
1517 2057 1726 2123 quisquis

252 2151 389 2182 sanae
423 2135 482 2182 sit
507 2136 668 2183 mentis
687 2174 698 2194 ,
732 2132 920 2201 suique,
958 2146 1006 2183 ut
1040 2135 1104 2183 ita
1137 2134 1310 2192 dicam,
1338 2151 1547 2200 compos,
1576 2151 1657 2199 per
1677 2150 1728 2182 se

257 2210 398 2275 possit
427 2209 689 2275 planissime
711 2211 965 2277 perspicere
983 2249 994 2268 ,
1022 2210 1188 2276 quibus
1220 2209 1523 2259 fundamentis
1539 2248 1557 2273 ,·
1582 2209 1738 2275 iisque.

254 2304 390 2352 quam
423 2286 582 2335 solidis
601 2325 611 2344 ‚
649 2288 864 2337 ecclesiae
902 2288 1000 2336 iura
1021 2327 1031 2346 ,
1070 2288 1400 2337 matrimonium
1434 2287 1727 2346 christianum

254 2361 525 2428 spectantia,
553 2361 810 2410 innitantur.
828 2365 911 2412 Per
935 2363 1052 2412 idem
1077 2375 1252 2430 tempus
1276 2375 1529 2424 nostrarum
1561 2363 1731 2429 disqui-

256 2438 468 2486 sitionum
485 2437 622 2486 lector
636 2455 690 2486 ex
706 2455 756 2486 se
775 2439 982 2503 colligere
1005 2441 1135 2489 sacile
1158 2441 1323 2507 potuit,
1356 2458 1491 2507 quam
1513 2438 1725 2497 absurda,

256 2531 480 2579 quamque
512 2513 857 2570 demonstrando
890 2516 1080 2581 imparia
1111 2517 1275 2565 fuerint
1307 2517 1551 2565 aulicorum
1587 2515 1731 2563 homi-

256 2607 361 2636 num
380 2628 391 2648 ‚
419 2600 495 2638 aut
518 2607 631 2656 quos
662 2602 943 2655 nuncupant,
981 2592 1288 2656 regalistarum
1322 2603 1601 2657 argumenta,
1629 2590 1732 2656 qui,-

257 2665 340 2714 bus
367 2683 474 2724 sua,
507 2684 623 2731 quae
646 2666 873 2723 dictitant,
895 2667 941 2713 in
965 2667 1258 2716 christianum
1284 2667 1613 2716 matrimonium
1634 2667 1731 2714 iura

261 2743 466 2806 potestati
500 2743 618 2791 civili
650 2743 874 2792 vindicare
904 2760 1134 2809 perperam
1160 2755 1391 2792 conantur.
1416 2744 1563 2791 Prima
1582 2744 1726 2800 enim,

246 2817 634 2883 'undiqueversum
671 2838 723 2868 ea
752 2820 1030 2877 consideres,
1055 2820 1131 2868 tibi
1153 2839 1201 2869 se
1220 2831 1517 2870 consentanea
1547 2836 1731 2884 prorsus

1970 2238 1980 2366 *dasne—2
1971 2111 1980 2226 “Q
