1980 3260
355 235 446 280 156
669 244 750 276 mi.
780 243 827 276 11.
856 243 970 276 sscr.
1000 243 1030 275 1.
1062 242 1116 274 m:
1151 241 1319 276 rorusr.
1349 243 1515 279 nectas.

351 334 509 390 potest.
540 323 695 386 Itaque
728 338 978 369 consensus
1014 320 1208 386 partium
1231 329 1301 368 est
1323 321 1459 369 veluti
1490 321 1829 375 fundamentum

350 412 397 448 et
430 399 555 447 radix
589 398 733 463 ipsius
768 397 989 460 coniugii,
1029 414 1171 461 eoque
1206 395 1406 454 sublato,
1446 399 1592 447 omnis
1635 403 1830 467 coniugii

357 476 467 523 ratio
501 475 678 540 penitus
713 474 955 522 evanescit.

447 551 529 599 Ast
562 569 652 598 non
687 551 835 616 quivis
860 568 1110 599 consensus
1135 550 1193 598 ad
1217 550 1571 600 contrahendum
1604 553 1831 603 matrimo-

353 629 477 675 nium
501 629 691 685 sufficit‚
720 628 800 676 sed
825 645 1009 675 necesse
1045 638 1275 692 praeterea
1308 638 1400 686 est,
1439 639 1487 676 ut
1518 629 1577 676 sit
1617 630 1834 694 leqitimus

353 722 435 752 seu
468 723 495 752 a
528 703 733 769 personis
768 703 971 762 elicitus,
1011 722 1127 770 quae
1161 705 1253 752 sint
1287 705 1383 752 iure
1416 705 1593 754 habiles
1636 706 1694 754 ad
1727 724 1832 755 eum

354 797 623 828 consensum
647 780 948 845 praebendum
966 800 975 837 ;
1005 779 1203 845 alioquin
1222 798 1470 829 consensus
1490 792 1558 829 est
1576 781 1726 830 nullus
1751 799 1835 831 nec

357 855 562 904 effectum
597 856 804 921 producit
837 857 894 903 ad
928 873 1061 921 quem
1086 856 1241 914 datur,
1271 867 1424 921 utpote
1447 857 1615 906 nullius
1645 857 1828 906 valoris.

449 933 582 981 Porro
616 933 712 980 fieri
746 942 893 998 potest
911 943 960 980 ut
983 932 1057 980 hic
1080 949 1327 980 consensus
1352 932 1611 996 illegitimus
1645 934 1705 981 sit
1734 933 1834 981 iure

355 1018 434 1056 aut
461 1007 679 1065 naturali,
707 1018 784 1055 aut
817 1008 994 1065 divino,
1030 1018 1106 1056 aut
1139 1008 1440 1056 ecclesiastico
1458 1046 1468 1065 ‚
1497 1010 1729 1057 autetiam
1752 1008 1836 1057 ali-

353 1102 444 1150 quo
478 1084 563 1133 sub
594 1094 797 1150 respectu
819 1123 829 1142 ,
867 1085 964 1133 iure
995 1085 1133 1133 civili.
1162 1085 1208 1130 Si
1244 1084 1304 1133 sit
1337 1084 1598 1147 illegitimus
1634 1086 1730 1134 iure
1762 1103 1837 1134 na-

355 1161 488 1209 turali
536 1178 692 1226 presse
735 1172 942 1226 sumpto,
982 1172 1058 1208 aut
1091 1161 1188 1208 iure
1220 1161 1372 1209 divino
1396 1198 1406 1217 ,
1445 1160 1508 1208 ita
1539 1161 1749 1218 vitiatur,
1774 1171 1839 1209 -ut

355 1237 478 1286 nullo
511 1239 644 1286 modo
679 1238 829 1286 sanari
863 1238 1008 1302 possit
1035 1237 1092 1284 ab
1126 1237 1323 1284 humana
1355 1237 1516 1302 quavis
1547 1236 1834 1294 auctoritate,

354 1324 658 1379 perpetuoque
686 1315 854 1362 idcirco
884 1314 1060 1361 irritum
1089 1313 1367 1379 permanebit
1389 1313 1649 1376 coniugium
1683 1312 1747 1360 ita
1779 1311 1836 1358 il-

355 1389 552 1453 legitime
597 1400 888 1438 contractum.
927 1391 973 1436 Si
1010 1406 1115 1438 vero
1149 1389 1408 1453 illegitimus
1444 1390 1504 1438 sit
1535 1389 1632 1436 iure
1665 1399 1837 1437 tantum

356 1467 597 1524 canonico,
627 1484 708 1515 seu
742 1467 800 1515 ob
834 1467 1200 1532 impedimentum
1227 1466 1411 1532 aliquod
1445 1466 1661 1513 dirimens
1687 1465 1744 1513 ab
1767 1482 1839 1513 eo-
1864 1463 1870 1469 ’

356 1542 495 1591 clesia
539 1544 828 1591 constitutum
851 1582 861 1601 ‚
900 1553 1006 1591 tunc
1046 1543 1149 1590 licet
1182 1543 1244 1590 ita
1276 1543 1459 1591 vitiatus
1494 1543 1554 1590 sit
1587 1559 1836 1590 consensus

356 1630 407 1668 ut
439 1630 711 1668 contractum
746 1619 1026 1684 coniugalem
1062 1620 1237 1667 irritum
1268 1619 1445 1676 reddat,
1475 1618 1771 1666 nihilominus
1793 1618 1839 1667 vi

355 1697 558 1745 eiusdem
582 1697 858 1745 auctoritatis
884 1714 975 1762 qua
999 1697 1367 1762 impedimentum
1394 1705 1607 1743 statutum
1630 1704 1722 1752 est,
1750 1694 1839 1743 sci-

356 1772 460 1821 licet
492 1772 735 1830 ecclesiae,
764 1772 858 1821 tolli
884 1773 1019 1820 etiam
1052 1782 1225 1838 potest;
1255 1790 1335 1820 seu
1356 1772 1515 1820 vitium
1543 1771 1656 1818 illud
1678 1772 1742 1819 ita
1766 1789 1840 1820 sa-

357 1851 455 1897 nari
482 1860 651 1914 potest,
686 1859 737 1897 ut
763 1867 817 1897 eo
851 1849 1052 1907 sublato,
1091 1859 1186 1897 tum
1220 1859 1472 1898 contractus
1505 1849 1686 1898 validus
1708 1866 1841 1897 exur-

355 1936 437 1990 gat
453 1965 463 1984 ,
491 1937 582 1974 tum
608 1937 935 1975 sacramentum
952 1965 962 1984 ‚
991 1926 1185 1992 illosque
1208 1944 1364 1975 omnes
1389 1925 1609 1991 producat
1631 1925 1835 1983 effectus,

358 2020 472 2069 quos
506 2005 789 2068 produxisset
822 2005 912 2052 nisi
947 2004 1165 2053 obfuisset
1197 2004 1356 2052 vitium
1389 2003 1518 2051 illud.
1553 2002 1698 2068 Atque
1730 2002 1839 2052 hinc

359 2091 430 2128 est
456 2118 466 2137 ‚
507 2081 627 2145 quod
663 2082 836 2130 sanatio
869 2082 916 2128 in
950 2081 1101 2130 radice
1129 2081 1186 2129 de
1219 2098 1310 2146 qua
1342 2080 1609 2128 disserimus
1643 2097 1672 2128 a
1703 2079 1846 2128 Bene--

359 2157 480 2204 dicto
502 2157 611 2203 XIV.
635 2158 898 2206 definiatur:
932 2159 1098 2224 «Leqis
1130 2159 1464 2213 ecclesiasticae,
1499 2173 1617 2223 quae
1649 2156 1842 2221 impedi-

359 2243 555 2281 mentum
591 2233 767 2281 induxit
801 2235 1030 2299 abrogatio
1057 2236 1104 2282 in
1138 2252 1248 2283 casu
1280 2233 1540 2300 particulari
1556 2271 1567 2291 ,
1603 2232 1844 2282 coniuncta

360 2326 462 2357 cum
508 2309 755 2365 irritatione
800 2311 997 2358 omnium
1044 2311 1281 2360 effectuum
1317 2311 1451 2359 etiam
1491 2319 1624 2358 antea
1654 2327 1708 2358 ex
1741 2308 1840 2373 lege

361 2394 613 2447 secutorum
636 2387 700 2448 (1)
712 2423 720 2432 .
732 2405 754 2430 »

458 2463 525 2510 Ex
558 2462 632 2510 his
666 2463 757 2510 iam
798 2463 1059 2529 intelligitur
1092 2468 1137 2513 1.
1166 2484 1306 2532 quare
1337 2465 1501 2515 ablatio
1533 2465 1667 2512 istius
1701 2461 1833 2519 vitii,

361 2556 452 2605 quo
474 2538 735 2603 illegitimus
769 2541 912 2589 evasit
945 2559 1191 2592 consensus
1215 2561 1268 2592 ac
1290 2552 1525 2608 propterea
1553 2541 1704 2588 nullus
1720 2577 1732 2598 ²
1759 2556 1839 2587 VO-

361 2625 486 2663 cetur
516 2617 686 2663 sanatio
704 2653 718 2672 ,
757 2618 1016 2683 metaphora
1039 2637 1066 2667 a
1089 2620 1242 2669 morbo
1267 2619 1518 2683 desumpta.
1548 2617 1839 2681 Dispensatio

362 2693 480 2739 enim
506 2710 623 2758 quae
651 2694 800 2743 nativo
827 2695 935 2742 vitio
958 2696 1287 2760 quodammodo
1315 2693 1517 2743 medetur
1533 2732 1544 2751 ‚
1577 2693 1640 2740 ita
1661 2703 1840 2748 utcon-

361 2785 527 2816 sensus
565 2769 746 2835 ineptus
787 2769 845 2818 ad
875 2771 1185 2836 producendos
1220 2772 1408 2820 effectus
1446 2787 1561 2835 quos
1595 2769 1842 2834 producere

457 2869 502 2910 (ι)
526 2871 663 2908 Quaest.
679 2872 837 2905 canonic.
854 2881 888 2913 q.
907 2875 973 2905 174.
993 2874 1026 2906 et
1043 2875 1091 2906 De
1105 2872 1234 2916 synodo
1245 2871 1353 2906 dioec.
1370 2871 1429 2905 lib.
1440 2872 1530 2905 xm.
1546 2878 1618 2913 cap.
1637 2874 1688 2904 21.
1705 2878 1739 2903 n.
1756 2872 1787 2903 7.
