<?xml version="1.0" encoding="UTF-8"?>
<!DOCTYPE html PUBLIC "-//W3C//DTD XHTML 1.0 Transitional//EN"
    "http://www.w3.org/TR/xhtml1/DTD/xhtml1-transitional.dtd">
<html xmlns="http://www.w3.org/1999/xhtml" xml:lang="en" lang="en">
 <head>
  <title>
</title>
<meta http-equiv="Content-Type" content="text/html;charset=utf-8" />
  <meta name='ocr-system' content='tesseract 3.04.00' />
  <meta name='ocr-capabilities' content='ocr_page ocr_carea ocr_par ocr_line ocrx_word'/>
</head>
<body>
  <div class='ocr_page' id='page_1' title='image "a603380702perruoft_0436.png"; bbox 0 0 1980 3260; ppageno 0'>
   <div class='ocr_carea' id='block_1_1' title="bbox 350 241 1843 2737">
    <p class='ocr_par' dir='ltr' id='par_1_1' title="bbox 350 241 1843 2737">
     <span class='ocr_line' id='line_1_1' title="bbox 375 241 1577 291; baseline 0.001 -3"><span class='ocrx_word' id='word_1_1' title='bbox 375 241 465 288; x_wconf 79' lang='lat'><strong>432</strong></span> <span class='ocrx_word' id='word_1_2' title='bbox 629 255 710 288; x_wconf 76' lang='lat' dir='ltr'><strong>Lm.</strong></span> <span class='ocrx_word' id='word_1_3' title='bbox 741 254 787 288; x_wconf 82' lang='grc' dir='ltr'><strong>ιι.</strong></span> <span class='ocrx_word' id='word_1_4' title='bbox 816 255 929 288; x_wconf 70' lang='lat' dir='ltr'><strong>secr.</strong></span> <span class='ocrx_word' id='word_1_5' title='bbox 958 254 1130 288; x_wconf 72' lang='lat' dir='ltr'><strong>ALTERA.</strong></span> <span class='ocrx_word' id='word_1_6' title='bbox 1159 255 1211 288; x_wconf 80' lang='lat' dir='ltr'><strong>m:</strong></span> <span class='ocrx_word' id='word_1_7' title='bbox 1245 255 1408 290; x_wconf 70' lang='lat' dir='ltr'><strong>rorasr.</strong></span> <span class='ocrx_word' id='word_1_8' title='bbox 1438 257 1577 291; x_wconf 70' lang='lat' dir='ltr'><strong>elvini.</strong></span> 
     </span>
     <span class='ocr_line' id='line_1_2' title="bbox 370 333 1839 406; baseline 0.002 -25"><span class='ocrx_word' id='word_1_9' title='bbox 370 336 415 386; x_wconf 83' lang='lat' dir='ltr'><strong>in</strong></span> <span class='ocrx_word' id='word_1_10' title='bbox 459 334 760 399; x_wconf 81' lang='lat' dir='ltr'><strong>propositione</strong></span> <span class='ocrx_word' id='word_1_11' title='bbox 802 334 908 380; x_wconf 88' lang='lat' dir='ltr'><strong>LIX.</strong></span> <span class='ocrx_word' id='word_1_12' title='bbox 950 333 1300 399; x_wconf 78' lang='lat' dir='ltr'><strong>pseudo-synodi</strong></span> <span class='ocrx_word' id='word_1_13' title='bbox 1337 335 1647 400; x_wconf 86' lang='lat' dir='ltr'><strong>pistoriensis,</strong></span> <span class='ocrx_word' id='word_1_14' title='bbox 1686 347 1716 403; x_wconf 64' lang='lat' dir='ltr'><strong>as</strong></span> <span class='ocrx_word' id='word_1_15' title='bbox 1750 335 1839 406; x_wconf 66' lang='lat' dir='ltr'><strong>qua</strong></span> 
     </span>
     <span class='ocr_line' id='line_1_3' title="bbox 368 411 1834 475; baseline 0.004 -18"><span class='ocrx_word' id='word_1_16' title='bbox 368 419 522 457; x_wconf 81' lang='lat' dir='ltr'><strong>auctor</strong></span> <span class='ocrx_word' id='word_1_17' title='bbox 550 419 699 456; x_wconf 86' lang='lat' dir='ltr'><strong>noster</strong></span> <span class='ocrx_word' id='word_1_18' title='bbox 730 425 829 456; x_wconf 91' lang='lat' dir='ltr'><strong>eam</strong></span> <span class='ocrx_word' id='word_1_19' title='bbox 864 419 932 456; x_wconf 88' lang='lat' dir='ltr'><strong>est</strong></span> <span class='ocrx_word' id='word_1_20' title='bbox 965 420 1215 467; x_wconf 88' lang='lat' dir='ltr'><strong>mutuatus,</strong></span> <span class='ocrx_word' id='word_1_21' title='bbox 1249 411 1358 475; x_wconf 89' lang='lat' dir='ltr'><strong>quin</strong></span> <span class='ocrx_word' id='word_1_22' title='bbox 1393 411 1516 458; x_wconf 91' lang='lat' dir='ltr'><strong>aliud</strong></span> <span class='ocrx_word' id='word_1_23' title='bbox 1551 412 1834 464; x_wconf 62' lang='lat' dir='ltr'><strong>adiiciamus.</strong></span> 
     </span>
     <span class='ocr_line' id='line_1_4' title="bbox 465 483 1838 553; baseline 0.006 -23"><span class='ocrx_word' id='word_1_24' title='bbox 465 485 608 532; x_wconf 92' lang='lat' dir='ltr'><strong>Tertia</strong></span> <span class='ocrx_word' id='word_1_25' title='bbox 643 483 854 541; x_wconf 82' lang='lat' dir='ltr'><strong>assertio,</strong></span> <span class='ocrx_word' id='word_1_26' title='bbox 888 485 1007 549; x_wconf 93' lang='lat' dir='ltr'><strong>quod</strong></span> <span class='ocrx_word' id='word_1_27' title='bbox 1040 485 1208 533; x_wconf 84' lang='lat' dir='ltr'><strong>vinculi</strong></span> <span class='ocrx_word' id='word_1_28' title='bbox 1242 484 1418 543; x_wconf 84' lang='lat' dir='ltr'><strong>solutio,</strong></span> <span class='ocrx_word' id='word_1_29' title='bbox 1441 496 1484 533; x_wconf 90' lang='lat' dir='ltr'><strong>et</strong></span> <span class='ocrx_word' id='word_1_30' title='bbox 1507 487 1728 553; x_wconf 79' lang='lat' dir='ltr'><strong>separatio</strong></span> <span class='ocrx_word' id='word_1_31' title='bbox 1747 489 1838 539; x_wconf 60' lang='lat' dir='ltr'><strong>&#39;lia‘</strong></span> 
     </span>
     <span class='ocr_line' id='line_1_5' title="bbox 367 558 1842 626; baseline 0.003 -20"><span class='ocrx_word' id='word_1_32' title='bbox 367 559 596 607; x_wconf 87' lang='lat' dir='ltr'><strong>bitationis</strong></span> <span class='ocrx_word' id='word_1_33' title='bbox 631 560 723 607; x_wconf 90' lang='lat' dir='ltr'><strong>sint</strong></span> <span class='ocrx_word' id='word_1_34' title='bbox 754 577 781 606; x_wconf 90' lang='lat' dir='ltr'><strong>a</strong></span> <span class='ocrx_word' id='word_1_35' title='bbox 814 558 912 622; x_wconf 79' lang='lat' dir='ltr'><strong>lege</strong></span> <span class='ocrx_word' id='word_1_36' title='bbox 944 560 1062 607; x_wconf 89' lang='lat' dir='ltr'><strong>civili</strong></span> <span class='ocrx_word' id='word_1_37' title='bbox 1098 561 1318 618; x_wconf 81' lang='lat' dir='ltr'><strong>sancitae,</strong></span> <span class='ocrx_word' id='word_1_38' title='bbox 1347 562 1465 626; x_wconf 79' lang='lat' dir='ltr'><strong>salsa</strong></span> <span class='ocrx_word' id='word_1_39' title='bbox 1488 572 1582 619; x_wconf 89' lang='lat' dir='ltr'><strong>est,</strong></span> <span class='ocrx_word' id='word_1_40' title='bbox 1613 563 1652 610; x_wconf 82' lang='lat' dir='ltr'><strong>si</strong></span> <span class='ocrx_word' id='word_1_41' title='bbox 1677 563 1842 611; x_wconf 83' lang='lat' dir='ltr'><strong>intelli-</strong></span> 
     </span>
     <span class='ocr_line' id='line_1_6' title="bbox 362 629 1843 701; baseline 0.004 -19"><span class='ocrx_word' id='word_1_42' title='bbox 362 646 495 700; x_wconf 79' lang='lat' dir='ltr'><strong>gatur</strong></span> <span class='ocrx_word' id='word_1_43' title='bbox 527 636 785 684; x_wconf 87' lang='lat' dir='ltr'><strong>auctoritate</strong></span> <span class='ocrx_word' id='word_1_44' title='bbox 818 636 1059 699; x_wconf 83' lang='lat' dir='ltr'><strong>originaria</strong></span> <span class='ocrx_word' id='word_1_45' title='bbox 1101 638 1330 701; x_wconf 88' lang='lat' dir='ltr'><strong>potestatis</strong></span> <span class='ocrx_word' id='word_1_46' title='bbox 1373 638 1518 686; x_wconf 91' lang='lat' dir='ltr'><strong>civilis</strong></span> <span class='ocrx_word' id='word_1_47' title='bbox 1541 677 1551 696; x_wconf 94' lang='lat'><strong>,</strong></span> <span class='ocrx_word' id='word_1_48' title='bbox 1587 649 1632 687; x_wconf 90' lang='lat' dir='ltr'><strong>et</strong></span> <span class='ocrx_word' id='word_1_49' title='bbox 1665 629 1843 688; x_wconf 64' lang='lat' dir='ltr'><strong>nonde</strong></span> 
     </span>
     <span class='ocr_line' id='line_1_7' title="bbox 362 707 1842 781; baseline 0.003 -20"><span class='ocrx_word' id='word_1_50' title='bbox 362 713 463 761; x_wconf 62' lang='lat' dir='ltr'><strong>&gt;sola</strong></span> <span class='ocrx_word' id='word_1_51' title='bbox 485 714 742 761; x_wconf 85' lang='lat' dir='ltr'><strong>executione</strong></span> <span class='ocrx_word' id='word_1_52' title='bbox 764 731 1008 770; x_wconf 86' lang='lat' dir='ltr'><strong>canonum;</strong></span> <span class='ocrx_word' id='word_1_53' title='bbox 1047 731 1148 761; x_wconf 91' lang='lat' dir='ltr'><strong>nam</strong></span> <span class='ocrx_word' id='word_1_54' title='bbox 1184 715 1269 763; x_wconf 92' lang='lat' dir='ltr'><strong>hoc</strong></span> <span class='ocrx_word' id='word_1_55' title='bbox 1302 715 1475 763; x_wconf 87' lang='lat' dir='ltr'><strong>excedit</strong></span> <span class='ocrx_word' id='word_1_56' title='bbox 1497 707 1609 764; x_wconf 85' lang='lat' dir='ltr'><strong>fines</strong></span> <span class='ocrx_word' id='word_1_57' title='bbox 1633 716 1842 781; x_wconf 73' lang='lat' dir='ltr'><strong>politicae</strong></span> 
     </span>
     <span class='ocr_line' id='line_1_8' title="bbox 359 789 1842 854; baseline 0.004 -20"><span class='ocrx_word' id='word_1_58' title='bbox 359 789 638 837; x_wconf 74' lang='lat' dir='ltr'><strong>auctoritatis</strong></span> <span class='ocrx_word' id='word_1_59' title='bbox 653 827 663 847; x_wconf 93' lang='lat'><strong>,</strong></span> <span class='ocrx_word' id='word_1_60' title='bbox 696 807 813 854; x_wconf 89' lang='lat' dir='ltr'><strong>quae</strong></span> <span class='ocrx_word' id='word_1_61' title='bbox 844 790 900 837; x_wconf 91' lang='lat' dir='ltr'><strong>ad</strong></span> <span class='ocrx_word' id='word_1_62' title='bbox 937 790 1201 839; x_wconf 86' lang='lat' dir='ltr'><strong>solutionem</strong></span> <span class='ocrx_word' id='word_1_63' title='bbox 1234 790 1403 838; x_wconf 86' lang='lat' dir='ltr'><strong>vinculi</strong></span> <span class='ocrx_word' id='word_1_64' title='bbox 1430 809 1518 839; x_wconf 92' lang='lat' dir='ltr'><strong>non</strong></span> <span class='ocrx_word' id='word_1_65' title='bbox 1543 810 1592 840; x_wconf 89' lang='lat' dir='ltr'><strong>se</strong></span> <span class='ocrx_word' id='word_1_66' title='bbox 1616 810 1666 840; x_wconf 91' lang='lat' dir='ltr'><strong>se</strong></span> <span class='ocrx_word' id='word_1_67' title='bbox 1689 798 1842 841; x_wconf 68' lang='lat' dir='ltr'><strong>exten-&#39;-</strong></span> 
     </span>
     <span class='ocr_line' id='line_1_9' title="bbox 358 861 1843 929; baseline 0.005 -19"><span class='ocrx_word' id='word_1_68' title='bbox 358 863 456 920; x_wconf 71' lang='lat' dir='ltr'><strong>dit,</strong></span> <span class='ocrx_word' id='word_1_69' title='bbox 493 874 645 929; x_wconf 89' lang='lat' dir='ltr'><strong>utpote</strong></span> <span class='ocrx_word' id='word_1_70' title='bbox 678 864 819 912; x_wconf 90' lang='lat' dir='ltr'><strong>divini</strong></span> <span class='ocrx_word' id='word_1_71' title='bbox 860 865 994 923; x_wconf 89' lang='lat' dir='ltr'><strong>iuris,</strong></span> <span class='ocrx_word' id='word_1_72' title='bbox 1028 876 1078 913; x_wconf 92' lang='lat' dir='ltr'><strong>ut</strong></span> <span class='ocrx_word' id='word_1_73' title='bbox 1109 861 1413 923; x_wconf 80' lang='lat' dir='ltr'><strong>ostendimus3</strong></span> <span class='ocrx_word' id='word_1_74' title='bbox 1451 867 1567 915; x_wconf 91' lang='lat' dir='ltr'><strong>idem</strong></span> <span class='ocrx_word' id='word_1_75' title='bbox 1593 868 1747 915; x_wconf 80' lang='lat' dir='ltr'><strong>dicde</strong></span> <span class='ocrx_word' id='word_1_76' title='bbox 1770 884 1843 918; x_wconf 75' lang='lat' dir='ltr'><strong>se-</strong></span> 
     </span>
     <span class='ocr_line' id='line_1_10' title="bbox 363 937 1841 1006; baseline 0.006 -24"><span class='ocrx_word' id='word_1_77' title='bbox 363 939 596 1004; x_wconf 81' lang='lat' dir='ltr'><strong>paratione</strong></span> <span class='ocrx_word' id='word_1_78' title='bbox 619 940 767 1004; x_wconf 89' lang='lat' dir='ltr'><strong>quoad</strong></span> <span class='ocrx_word' id='word_1_79' title='bbox 791 950 934 988; x_wconf 91' lang='lat' dir='ltr'><strong>torum</strong></span> <span class='ocrx_word' id='word_1_80' title='bbox 954 951 998 989; x_wconf 91' lang='lat' dir='ltr'><strong>et</strong></span> <span class='ocrx_word' id='word_1_81' title='bbox 1014 940 1332 989; x_wconf 87' lang='lat' dir='ltr'><strong>habitationem</strong></span> <span class='ocrx_word' id='word_1_82' title='bbox 1348 979 1358 999; x_wconf 91' lang='lat'><strong>,</strong></span> <span class='ocrx_word' id='word_1_83' title='bbox 1386 959 1503 1006; x_wconf 89' lang='lat' dir='ltr'><strong>quae</strong></span> <span class='ocrx_word' id='word_1_84' title='bbox 1525 960 1597 990; x_wconf 88' lang='lat' dir='ltr'><strong>res</strong></span> <span class='ocrx_word' id='word_1_85' title='bbox 1615 937 1841 991; x_wconf 71' lang='lat' dir='ltr'><strong>conscien—</strong></span> 
     </span>
     <span class='ocr_line' id='line_1_11' title="bbox 366 1015 1747 1082; baseline 0.001 -19"><span class='ocrx_word' id='word_1_86' title='bbox 366 1015 455 1063; x_wconf 88' lang='lat' dir='ltr'><strong>tiae</strong></span> <span class='ocrx_word' id='word_1_87' title='bbox 479 1026 571 1073; x_wconf 92' lang='lat' dir='ltr'><strong>est,</strong></span> <span class='ocrx_word' id='word_1_88' title='bbox 600 1027 642 1064; x_wconf 90' lang='lat' dir='ltr'><strong>et</strong></span> <span class='ocrx_word' id='word_1_89' title='bbox 664 1034 691 1064; x_wconf 92' lang='lat' dir='ltr'><strong>a</strong></span> <span class='ocrx_word' id='word_1_90' title='bbox 715 1016 810 1065; x_wconf 89' lang='lat' dir='ltr'><strong>sola</strong></span> <span class='ocrx_word' id='word_1_91' title='bbox 833 1017 1021 1065; x_wconf 89' lang='lat' dir='ltr'><strong>ecclesia</strong></span> <span class='ocrx_word' id='word_1_92' title='bbox 1044 1018 1209 1082; x_wconf 91' lang='lat' dir='ltr'><strong>pendet</strong></span> <span class='ocrx_word' id='word_1_93' title='bbox 1231 1017 1454 1066; x_wconf 91' lang='lat' dir='ltr'><strong>eiusmodi</strong></span> <span class='ocrx_word' id='word_1_94' title='bbox 1484 1019 1694 1067; x_wconf 69' lang='lat' dir='ltr'><strong>sanctio.v</strong></span> <span class='ocrx_word' id='word_1_95' title='bbox 1743 1047 1747 1054; x_wconf 63' lang='lat'>=</span> 
     </span>
     <span class='ocr_line' id='line_1_12' title="bbox 461 1089 1842 1157; baseline 0.003 -18"><span class='ocrx_word' id='word_1_96' title='bbox 461 1090 569 1139; x_wconf 89' lang='lat' dir='ltr'><strong>Esto</strong></span> <span class='ocrx_word' id='word_1_97' title='bbox 592 1092 713 1157; x_wconf 91' lang='lat' dir='ltr'><strong>quod</strong></span> <span class='ocrx_word' id='word_1_98' title='bbox 737 1092 891 1156; x_wconf 80' lang='lat' dir='ltr'><strong>agatur</strong></span> <span class='ocrx_word' id='word_1_99' title='bbox 912 1092 969 1140; x_wconf 91' lang='lat' dir='ltr'><strong>de</strong></span> <span class='ocrx_word' id='word_1_100' title='bbox 991 1093 1204 1156; x_wconf 81' lang='lat' dir='ltr'><strong>cogendis</strong></span> <span class='ocrx_word' id='word_1_101' title='bbox 1227 1091 1493 1156; x_wconf 77' lang='lat' dir='ltr'><strong>ceniugibus</strong></span> <span class='ocrx_word' id='word_1_102' title='bbox 1509 1131 1519 1150; x_wconf 95' lang='lat'><strong>,</strong></span> <span class='ocrx_word' id='word_1_103' title='bbox 1541 1089 1618 1141; x_wconf 84' lang='lat' dir='ltr'><strong>aut</strong></span> <span class='ocrx_word' id='word_1_104' title='bbox 1634 1094 1691 1141; x_wconf 82' lang='lat' dir='ltr'><strong>ad</strong></span> <span class='ocrx_word' id='word_1_105' title='bbox 1711 1093 1842 1143; x_wconf 72' lang='lat' dir='ltr'><strong>coha-</strong></span> 
     </span>
     <span class='ocr_line' id='line_1_13' title="bbox 364 1167 1841 1234; baseline 0.002 -20"><span class='ocrx_word' id='word_1_106' title='bbox 364 1167 621 1225; x_wconf 86' lang='lat' dir='ltr'><strong>bitandum,</strong></span> <span class='ocrx_word' id='word_1_107' title='bbox 659 1179 736 1217; x_wconf 89' lang='lat' dir='ltr'><strong>aut</strong></span> <span class='ocrx_word' id='word_1_108' title='bbox 768 1170 824 1217; x_wconf 91' lang='lat' dir='ltr'><strong>ad</strong></span> <span class='ocrx_word' id='word_1_109' title='bbox 863 1187 912 1217; x_wconf 92' lang='lat' dir='ltr'><strong>se</strong></span> <span class='ocrx_word' id='word_1_110' title='bbox 948 1169 1005 1216; x_wconf 87' lang='lat' dir='ltr'><strong>ab</strong></span> <span class='ocrx_word' id='word_1_111' title='bbox 1039 1170 1230 1217; x_wconf 89' lang='lat' dir='ltr'><strong>invicem</strong></span> <span class='ocrx_word' id='word_1_112' title='bbox 1270 1170 1574 1234; x_wconf 85' lang='lat' dir='ltr'><strong>separandos;</strong></span> <span class='ocrx_word' id='word_1_113' title='bbox 1613 1170 1841 1218; x_wconf 70' lang='lat' dir='ltr'><strong>n0n³³inde</strong></span> 
     </span>
     <span class='ocr_line' id='line_1_14' title="bbox 363 1241 1835 1309; baseline 0.002 -17"><span class='ocrx_word' id='word_1_114' title='bbox 363 1244 568 1309; x_wconf 80' lang='lat' dir='ltr'><strong>sequitur</strong></span> <span class='ocrx_word' id='word_1_115' title='bbox 601 1243 685 1292; x_wconf 88' lang='lat' dir='ltr'><strong>hos</strong></span> <span class='ocrx_word' id='word_1_116' title='bbox 724 1262 871 1293; x_wconf 89' lang='lat' dir='ltr'><strong>meros</strong></span> <span class='ocrx_word' id='word_1_117' title='bbox 906 1245 1060 1292; x_wconf 90' lang='lat' dir='ltr'><strong>civiles</strong></span> <span class='ocrx_word' id='word_1_118' title='bbox 1096 1244 1282 1292; x_wconf 78' lang='lat' dir='ltr'><strong>effectus</strong></span> <span class='ocrx_word' id='word_1_119' title='bbox 1316 1262 1417 1292; x_wconf 88' lang='lat' dir='ltr'><strong>esse</strong></span> <span class='ocrx_word' id='word_1_120' title='bbox 1434 1283 1444 1302; x_wconf 97' lang='lat'><strong>,</strong></span> <span class='ocrx_word' id='word_1_121' title='bbox 1488 1255 1565 1293; x_wconf 88' lang='lat' dir='ltr'><strong>aut</strong></span> <span class='ocrx_word' id='word_1_122' title='bbox 1595 1241 1835 1295; x_wconf 57' lang='lat' dir='ltr'><strong>adsolant</strong></span> 
     </span>
     <span class='ocr_line' id='line_1_15' title="bbox 365 1318 1841 1386; baseline 0 -18"><span class='ocrx_word' id='word_1_123' title='bbox 365 1320 595 1385; x_wconf 89' lang='lat' dir='ltr'><strong>politicum</strong></span> <span class='ocrx_word' id='word_1_124' title='bbox 629 1321 826 1384; x_wconf 80' lang='lat' dir='ltr'><strong>regimen</strong></span> <span class='ocrx_word' id='word_1_125' title='bbox 857 1321 1110 1368; x_wconf 87' lang='lat' dir='ltr'><strong>referendas</strong></span> <span class='ocrx_word' id='word_1_126' title='bbox 1144 1320 1291 1384; x_wconf 79' lang='lat' dir='ltr'><strong>leges,</strong></span> <span class='ocrx_word' id='word_1_127' title='bbox 1325 1338 1440 1386; x_wconf 89' lang='lat' dir='ltr'><strong>quae</strong></span> <span class='ocrx_word' id='word_1_128' title='bbox 1461 1321 1550 1369; x_wconf 93' lang='lat' dir='ltr'><strong>duo</strong></span> <span class='ocrx_word' id='word_1_129' title='bbox 1574 1318 1651 1368; x_wconf 83' lang='lat' dir='ltr'><strong>illa</strong></span> <span class='ocrx_word' id='word_1_130' title='bbox 1673 1322 1841 1370; x_wconf 58' lang='lat' dir='ltr'><strong>consti&lt;-</strong></span> 
     </span>
     <span class='ocr_line' id='line_1_16' title="bbox 361 1395 1842 1461; baseline 0.001 -17"><span class='ocrx_word' id='word_1_131' title='bbox 361 1405 510 1452; x_wconf 76' lang='lat' dir='ltr'><strong>tuam,</strong></span> <span class='ocrx_word' id='word_1_132' title='bbox 547 1396 749 1461; x_wconf 87' lang='lat' dir='ltr'><strong>adeoque</strong></span> <span class='ocrx_word' id='word_1_133' title='bbox 791 1396 864 1460; x_wconf 85' lang='lat' dir='ltr'><strong>agi</strong></span> <span class='ocrx_word' id='word_1_134' title='bbox 908 1395 965 1443; x_wconf 87' lang='lat' dir='ltr'><strong>de</strong></span> <span class='ocrx_word' id='word_1_135' title='bbox 1005 1395 1153 1460; x_wconf 80' lang='lat' dir='ltr'><strong>legum</strong></span> <span class='ocrx_word' id='word_1_136' title='bbox 1193 1396 1394 1444; x_wconf 90' lang='lat' dir='ltr'><strong>civilium</strong></span> <span class='ocrx_word' id='word_1_137' title='bbox 1436 1397 1713 1445; x_wconf 44' lang='lat' dir='ltr'><strong>executione,</strong></span> <span class='ocrx_word' id='word_1_138' title='bbox 1730 1395 1842 1445; x_wconf 60' lang='lat' dir='ltr'><strong>‘Hae</strong></span> 
     </span>
     <span class='ocr_line' id='line_1_17' title="bbox 359 1471 1839 1538; baseline 0 -19"><span class='ocrx_word' id='word_1_139' title='bbox 359 1471 586 1536; x_wconf 84' lang='lat' dir='ltr'><strong>siquidem</strong></span> <span class='ocrx_word' id='word_1_140' title='bbox 610 1489 765 1520; x_wconf 87' lang='lat' dir='ltr'><strong>omnes</strong></span> <span class='ocrx_word' id='word_1_141' title='bbox 788 1472 1062 1520; x_wconf 86' lang='lat' dir='ltr'><strong>ratiunculae</strong></span> <span class='ocrx_word' id='word_1_142' title='bbox 1081 1483 1185 1521; x_wconf 89' lang='lat' dir='ltr'><strong>sunt</strong></span> <span class='ocrx_word' id='word_1_143' title='bbox 1200 1472 1381 1520; x_wconf 89' lang='lat' dir='ltr'><strong>innixae</strong></span> <span class='ocrx_word' id='word_1_144' title='bbox 1399 1482 1583 1538; x_wconf 86' lang='lat' dir='ltr'><strong>quartae</strong></span> <span class='ocrx_word' id='word_1_145' title='bbox 1604 1471 1839 1520; x_wconf 75' lang='lat' dir='ltr'><strong>assertioni</strong></span> 
     </span>
     <span class='ocr_line' id='line_1_18' title="bbox 359 1546 1838 1614; baseline 0 -18"><span class='ocrx_word' id='word_1_146' title='bbox 359 1546 606 1596; x_wconf 81' lang='lat' dir='ltr'><strong>adversarii</strong></span> <span class='ocrx_word' id='word_1_147' title='bbox 642 1549 811 1606; x_wconf 88' lang='lat' dir='ltr'><strong>nostri,</strong></span> <span class='ocrx_word' id='word_1_148' title='bbox 850 1567 966 1614; x_wconf 86' lang='lat' dir='ltr'><strong>quae</strong></span> <span class='ocrx_word' id='word_1_149' title='bbox 1011 1548 1284 1597; x_wconf 75' lang='lat' dir='ltr'><strong>haereticalis</strong></span> <span class='ocrx_word' id='word_1_150' title='bbox 1328 1558 1396 1597; x_wconf 89' lang='lat' dir='ltr'><strong>est</strong></span> <span class='ocrx_word' id='word_1_151' title='bbox 1423 1587 1434 1607; x_wconf 94' lang='lat'><strong>,</strong></span> <span class='ocrx_word' id='word_1_152' title='bbox 1471 1547 1615 1614; x_wconf 75' lang='lat' dir='ltr'><strong>atque?</strong></span> <span class='ocrx_word' id='word_1_153' title='bbox 1637 1547 1714 1596; x_wconf 66' lang='lat' dir='ltr'><strong>uti:</strong></span> <span class='ocrx_word' id='word_1_154' title='bbox 1736 1547 1838 1601; x_wconf 84' lang='lat' dir='ltr'><strong>talis</strong></span> 
     </span>
     <span class='ocr_line' id='line_1_19' title="bbox 363 1624 1806 1690; baseline 0.001 -19"><span class='ocrx_word' id='word_1_155' title='bbox 363 1640 452 1672; x_wconf 90' lang='lat' dir='ltr'><strong>non</strong></span> <span class='ocrx_word' id='word_1_156' title='bbox 486 1624 624 1672; x_wconf 89' lang='lat' dir='ltr'><strong>semel</strong></span> <span class='ocrx_word' id='word_1_157' title='bbox 659 1624 716 1672; x_wconf 88' lang='lat' dir='ltr'><strong>ab</strong></span> <span class='ocrx_word' id='word_1_158' title='bbox 752 1625 999 1690; x_wconf 89' lang='lat' dir='ltr'><strong>apostolica</strong></span> <span class='ocrx_word' id='word_1_159' title='bbox 1033 1624 1141 1673; x_wconf 85' lang='lat' dir='ltr'><strong>sede</strong></span> <span class='ocrx_word' id='word_1_160' title='bbox 1173 1625 1362 1673; x_wconf 88' lang='lat' dir='ltr'><strong>confixa.</strong></span> <span class='ocrx_word' id='word_1_161' title='bbox 1732 1634 1736 1638; x_wconf 65' lang='lat'>‘</span> <span class='ocrx_word' id='word_1_162' title='bbox 1762 1643 1767 1647; x_wconf 90' lang='lat'>·</span> <span class='ocrx_word' id='word_1_163' title='bbox 1804 1644 1806 1647; x_wconf 54' lang='lat'><strong><em>¹</em></strong></span> 
     </span>
     <span class='ocr_line' id='line_1_20' title="bbox 458 1697 1841 1766; baseline 0 -18"><span class='ocrx_word' id='word_1_164' title='bbox 458 1700 577 1748; x_wconf 90' lang='lat' dir='ltr'><strong>Haec</strong></span> <span class='ocrx_word' id='word_1_165' title='bbox 599 1711 747 1748; x_wconf 88' lang='lat' dir='ltr'><strong>autem</strong></span> <span class='ocrx_word' id='word_1_166' title='bbox 771 1711 928 1765; x_wconf 89' lang='lat' dir='ltr'><strong>quarta</strong></span> <span class='ocrx_word' id='word_1_167' title='bbox 951 1700 1138 1749; x_wconf 88' lang='lat' dir='ltr'><strong>assertio</strong></span> <span class='ocrx_word' id='word_1_168' title='bbox 1160 1710 1254 1759; x_wconf 91' lang='lat' dir='ltr'><strong>est,</strong></span> <span class='ocrx_word' id='word_1_169' title='bbox 1277 1699 1397 1766; x_wconf 92' lang='lat' dir='ltr'><strong>quod</strong></span> <span class='ocrx_word' id='word_1_170' title='bbox 1422 1699 1625 1748; x_wconf 88' lang='lat' dir='ltr'><strong>executio</strong></span> <span class='ocrx_word' id='word_1_171' title='bbox 1643 1697 1841 1748; x_wconf 74' lang='lat' dir='ltr'><strong>coactiva</strong></span> 
     </span>
     <span class='ocr_line' id='line_1_21' title="bbox 358 1772 1842 1841; baseline -0.001 -17"><span class='ocrx_word' id='word_1_172' title='bbox 358 1777 421 1825; x_wconf 88' lang='lat' dir='ltr'><strong>sit</strong></span> <span class='ocrx_word' id='word_1_173' title='bbox 453 1777 679 1841; x_wconf 81' lang='lat' dir='ltr'><strong>negotium</strong></span> <span class='ocrx_word' id='word_1_174' title='bbox 714 1777 1040 1826; x_wconf 86' lang='lat' dir='ltr'><strong>adecclesiam</strong></span> <span class='ocrx_word' id='word_1_175' title='bbox 1076 1794 1166 1825; x_wconf 91' lang='lat' dir='ltr'><strong>non</strong></span> <span class='ocrx_word' id='word_1_176' title='bbox 1202 1786 1426 1841; x_wconf 87' lang='lat' dir='ltr'><strong>spectans.</strong></span> <span class='ocrx_word' id='word_1_177' title='bbox 1456 1775 1618 1834; x_wconf 87' lang='lat' dir='ltr'><strong>Porro,</strong></span> <span class='ocrx_word' id='word_1_178' title='bbox 1645 1772 1842 1833; x_wconf 50' lang='lat' dir='ltr'><strong>utssdixie-</strong></span> 
     </span>
     <span class='ocr_line' id='line_1_22' title="bbox 360 1850 1835 1917; baseline -0.002 -18"><span class='ocrx_word' id='word_1_179' title='bbox 360 1869 482 1910; x_wconf 89' lang='lat' dir='ltr'><strong>mus,</strong></span> <span class='ocrx_word' id='word_1_180' title='bbox 505 1852 706 1901; x_wconf 86' lang='lat' dir='ltr'><strong>doctrina</strong></span> <span class='ocrx_word' id='word_1_181' title='bbox 729 1852 839 1900; x_wconf 87' lang='lat' dir='ltr'><strong>haec</strong></span> <span class='ocrx_word' id='word_1_182' title='bbox 859 1853 924 1900; x_wconf 87' lang='lat' dir='ltr'><strong>uti</strong></span> <span class='ocrx_word' id='word_1_183' title='bbox 948 1851 1231 1900; x_wconf 89' lang='lat' dir='ltr'><strong>haereticalis</strong></span> <span class='ocrx_word' id='word_1_184' title='bbox 1257 1852 1506 1917; x_wconf 79' lang='lat' dir='ltr'><strong>pros0ripta</strong></span> <span class='ocrx_word' id='word_1_185' title='bbox 1530 1861 1599 1899; x_wconf 84' lang='lat' dir='ltr'><strong>est</strong></span> <span class='ocrx_word' id='word_1_186' title='bbox 1618 1850 1645 1899; x_wconf 84' lang='lat' dir='ltr'><strong>a</strong></span> <span class='ocrx_word' id='word_1_187' title='bbox 1664 1850 1835 1899; x_wconf 63' lang='lat' dir='ltr'><strong>Piotlx.</strong></span> 
     </span>
     <span class='ocr_line' id='line_1_23' title="bbox 360 1926 1840 1992; baseline 0.001 -19"><span class='ocrx_word' id='word_1_188' title='bbox 360 1927 408 1973; x_wconf 90' lang='lat' dir='ltr'><strong>in</strong></span> <span class='ocrx_word' id='word_1_189' title='bbox 435 1929 561 1976; x_wconf 84' lang='lat' dir='ltr'><strong>Brevi</strong></span> <span class='ocrx_word' id='word_1_190' title='bbox 585 1928 703 1976; x_wconf 87' lang='lat' dir='ltr'><strong>edito</strong></span> <span class='ocrx_word' id='word_1_191' title='bbox 726 1928 942 1976; x_wconf 89' lang='lat' dir='ltr'><strong>adversus</strong></span> <span class='ocrx_word' id='word_1_192' title='bbox 978 1938 1201 1976; x_wconf 90' lang='lat' dir='ltr'><strong>auctorem</strong></span> <span class='ocrx_word' id='word_1_193' title='bbox 1231 1938 1431 1975; x_wconf 88' lang='lat' dir='ltr'><strong>nostrum</strong></span> <span class='ocrx_word' id='word_1_194' title='bbox 1446 1964 1456 1984; x_wconf 89' lang='lat'>‚</span> <span class='ocrx_word' id='word_1_195' title='bbox 1489 1928 1624 1992; x_wconf 86' lang='lat' dir='ltr'><strong>atque</strong></span> <span class='ocrx_word' id='word_1_196' title='bbox 1647 1926 1840 1975; x_wconf 71' lang='lat' dir='ltr'><strong>hisver-</strong></span> 
     </span>
     <span class='ocr_line' id='line_1_24' title="bbox 358 2001 1840 2068; baseline 0.001 -20"><span class='ocrx_word' id='word_1_197' title='bbox 358 2001 431 2049; x_wconf 80' lang='lat' dir='ltr'><strong>bis</strong></span> <span class='ocrx_word' id='word_1_198' title='bbox 463 2020 695 2068; x_wconf 87' lang='lat' dir='ltr'><strong>expressa:</strong></span> <span class='ocrx_word' id='word_1_199' title='bbox 730 2004 951 2052; x_wconf 77' lang='lat' dir='ltr'><strong>ecclesiam</strong></span> <span class='ocrx_word' id='word_1_200' title='bbox 981 2006 1050 2051; x_wconf 77' lang='lat' dir='ltr'><strong>vis</strong></span> <span class='ocrx_word' id='word_1_201' title='bbox 1084 2003 1331 2068; x_wconf 77' lang='lat' dir='ltr'><strong>inferendae</strong></span> <span class='ocrx_word' id='word_1_202' title='bbox 1360 2004 1610 2067; x_wconf 81' lang='lat' dir='ltr'><strong>potestatem</strong></span> <span class='ocrx_word' id='word_1_203' title='bbox 1634 2002 1840 2050; x_wconf 56' lang='lat' dir='ltr'><strong>unstrhu—</strong></span> 
     </span>
     <span class='ocr_line' id='line_1_25' title="bbox 357 2078 1840 2146; baseline 0.001 -22"><span class='ocrx_word' id='word_1_204' title='bbox 357 2078 455 2125; x_wconf 81' lang='lat' dir='ltr'><strong>here</strong></span> <span class='ocrx_word' id='word_1_205' title='bbox 481 2082 629 2143; x_wconf 76' lang='lat'>(153);</span> <span class='ocrx_word' id='word_1_206' title='bbox 658 2081 1037 2146; x_wconf 73' lang='lat' dir='ltr'><strong>proscripta&#39;item</strong></span> <span class='ocrx_word' id='word_1_207' title='bbox 1065 2080 1194 2127; x_wconf 86' lang='lat' dir='ltr'><strong>suita</strong></span> <span class='ocrx_word' id='word_1_208' title='bbox 1213 2079 1290 2127; x_wconf 93' lang='lat' dir='ltr'><strong>Pio</strong></span> <span class='ocrx_word' id='word_1_209' title='bbox 1301 2079 1372 2125; x_wconf 91' lang='lat' dir='ltr'><strong>Vl.</strong></span> <span class='ocrx_word' id='word_1_210' title='bbox 1388 2079 1436 2125; x_wconf 90' lang='lat' dir='ltr'><strong>in</strong></span> <span class='ocrx_word' id='word_1_211' title='bbox 1461 2078 1655 2142; x_wconf 82' lang='lat' dir='ltr'><strong>allegata</strong></span> <span class='ocrx_word' id='word_1_212' title='bbox 1679 2079 1840 2126; x_wconf 67' lang='lat' dir='ltr'><strong>cunsti-</strong></span> 
     </span>
     <span class='ocr_line' id='line_1_26' title="bbox 360 2154 1841 2222; baseline 0.001 -20"><span class='ocrx_word' id='word_1_213' title='bbox 360 2164 441 2203; x_wconf 86' lang='lat' dir='ltr'><strong>tut.</strong></span> <span class='ocrx_word' id='word_1_214' title='bbox 463 2155 683 2203; x_wconf 81' lang='lat' dir='ltr'><strong>Auctorem</strong></span> <span class='ocrx_word' id='word_1_215' title='bbox 705 2157 809 2222; x_wconf 78' lang='lat' dir='ltr'><strong>fidei</strong></span> <span class='ocrx_word' id='word_1_216' title='bbox 830 2158 877 2204; x_wconf 92' lang='lat' dir='ltr'><strong>in</strong></span> <span class='ocrx_word' id='word_1_217' title='bbox 904 2155 1285 2222; x_wconf 88' lang='lat' dir='ltr'><strong>propositionibus</strong></span> <span class='ocrx_word' id='word_1_218' title='bbox 1305 2155 1374 2201; x_wconf 92' lang='lat' dir='ltr'><strong>IV.</strong></span> <span class='ocrx_word' id='word_1_219' title='bbox 1393 2155 1500 2202; x_wconf 90' lang='lat' dir='ltr'><strong>etV.</strong></span> <span class='ocrx_word' id='word_1_220' title='bbox 1519 2154 1681 2220; x_wconf 82' lang='lat' dir='ltr'><strong>synodi</strong></span> <span class='ocrx_word' id='word_1_221' title='bbox 1698 2154 1841 2219; x_wconf 87' lang='lat' dir='ltr'><strong>pisto-</strong></span> 
     </span>
     <span class='ocr_line' id='line_1_27' title="bbox 360 2229 1839 2296; baseline 0.001 -19"><span class='ocrx_word' id='word_1_222' title='bbox 360 2229 521 2278; x_wconf 90' lang='lat' dir='ltr'><strong>riensis</strong></span> <span class='ocrx_word' id='word_1_223' title='bbox 551 2269 560 2290; x_wconf 90' lang='lat'><strong>,</strong></span> <span class='ocrx_word' id='word_1_224' title='bbox 599 2249 713 2296; x_wconf 90' lang='lat' dir='ltr'><strong>quae</strong></span> <span class='ocrx_word' id='word_1_225' title='bbox 747 2233 808 2280; x_wconf 91' lang='lat' dir='ltr'><strong>ita</strong></span> <span class='ocrx_word' id='word_1_226' title='bbox 842 2251 891 2281; x_wconf 87' lang='lat' dir='ltr'><strong>se</strong></span> <span class='ocrx_word' id='word_1_227' title='bbox 924 2233 1111 2280; x_wconf 90' lang='lat' dir='ltr'><strong>habent:</strong></span> <span class='ocrx_word' id='word_1_228' title='bbox 1134 2232 1243 2278; x_wconf 59' lang='lat' dir='ltr'><strong>-‘1v.</strong></span> <span class='ocrx_word' id='word_1_229' title='bbox 1282 2251 1304 2276; x_wconf 85' lang='lat'>«</span> <span class='ocrx_word' id='word_1_230' title='bbox 1326 2230 1575 2296; x_wconf 86' lang='lat' dir='ltr'><strong>Propositio</strong></span> <span class='ocrx_word' id='word_1_231' title='bbox 1608 2229 1839 2293; x_wconf 79' lang='lat' dir='ltr'><strong>affirmans</strong></span> 
     </span>
     <span class='ocr_line' id='line_1_28' title="bbox 356 2298 1839 2372; baseline 0.003 -19"><span class='ocrx_word' id='word_1_232' title='bbox 356 2305 540 2354; x_wconf 82' lang='lat' dir='ltr'><strong>abusum</strong></span> <span class='ocrx_word' id='word_1_233' title='bbox 562 2307 653 2372; x_wconf 83' lang='lat' dir='ltr'><strong>fore</strong></span> <span class='ocrx_word' id='word_1_234' title='bbox 682 2310 952 2357; x_wconf 80' lang='lat' dir='ltr'><strong>auctoritatis</strong></span> <span class='ocrx_word' id='word_1_235' title='bbox 985 2309 1185 2356; x_wconf 82' lang='lat' dir='ltr'><strong>ecclesiae</strong></span> <span class='ocrx_word' id='word_1_236' title='bbox 1222 2306 1517 2372; x_wconf 80' lang='lat' dir='ltr'><strong>transferendo</strong></span> <span class='ocrx_word' id='word_1_237' title='bbox 1558 2298 1684 2357; x_wconf 59' lang='lat' dir='ltr'><strong>illabiz</strong></span> <span class='ocrx_word' id='word_1_238' title='bbox 1720 2307 1839 2360; x_wconf 64' lang='lat' dir='ltr'><strong>ulma</strong></span> 
     </span>
     <span class='ocr_line' id='line_1_29' title="bbox 361 2383 1839 2441; baseline 0 -11"><span class='ocrx_word' id='word_1_239' title='bbox 361 2383 517 2431; x_wconf 78' lang='lat' dir='ltr'><strong>limites</strong></span> <span class='ocrx_word' id='word_1_240' title='bbox 546 2383 762 2431; x_wconf 81' lang='lat' dir='ltr'><strong>doctrinae</strong></span> <span class='ocrx_word' id='word_1_241' title='bbox 791 2402 841 2432; x_wconf 87' lang='lat' dir='ltr'><strong>ac</strong></span> <span class='ocrx_word' id='word_1_242' title='bbox 869 2403 1061 2441; x_wconf 84' lang='lat' dir='ltr'><strong>morum,</strong></span> <span class='ocrx_word' id='word_1_243' title='bbox 1090 2395 1131 2433; x_wconf 88' lang='lat' dir='ltr'><strong>et</strong></span> <span class='ocrx_word' id='word_1_244' title='bbox 1152 2402 1246 2432; x_wconf 88' lang='lat' dir='ltr'><strong>eam</strong></span> <span class='ocrx_word' id='word_1_245' title='bbox 1269 2383 1532 2432; x_wconf 76' lang='lat' dir='ltr'><strong>extendendo</strong></span> <span class='ocrx_word' id='word_1_246' title='bbox 1556 2383 1615 2430; x_wconf 83' lang='lat' dir='ltr'><strong>ad</strong></span> <span class='ocrx_word' id='word_1_247' title='bbox 1636 2390 1839 2431; x_wconf 76' lang='lat' dir='ltr'><strong>reseoete-</strong></span> 
     </span>
     <span class='ocr_line' id='line_1_30' title="bbox 357 2458 1838 2525; baseline 0.002 -19"><span class='ocrx_word' id='word_1_248' title='bbox 357 2459 491 2520; x_wconf 64' lang='lat' dir='ltr'><strong>riores</strong></span> <span class='ocrx_word' id='word_1_249' title='bbox 510 2495 523 2514; x_wconf 89' lang='lat'><strong>,</strong></span> <span class='ocrx_word' id='word_1_250' title='bbox 557 2468 597 2506; x_wconf 89' lang='lat' dir='ltr'><strong>et</strong></span> <span class='ocrx_word' id='word_1_251' title='bbox 622 2476 703 2523; x_wconf 79' lang='lat' dir='ltr'><strong>per</strong></span> <span class='ocrx_word' id='word_1_252' title='bbox 737 2461 826 2506; x_wconf 78' lang='lat' dir='ltr'><strong>vim</strong></span> <span class='ocrx_word' id='word_1_253' title='bbox 855 2461 1065 2524; x_wconf 76' lang='lat' dir='ltr'><strong>emiqendo</strong></span> <span class='ocrx_word' id='word_1_254' title='bbox 1103 2461 1152 2508; x_wconf 71' lang='lat' dir='ltr'><strong>id</strong></span> <span class='ocrx_word' id='word_1_255' title='bbox 1186 2460 1300 2525; x_wconf 83' lang='lat' dir='ltr'><strong>quod</strong></span> <span class='ocrx_word' id='word_1_256' title='bbox 1320 2459 1478 2524; x_wconf 80' lang='lat' dir='ltr'><strong>pendet</strong></span> <span class='ocrx_word' id='word_1_257' title='bbox 1509 2477 1537 2506; x_wconf 91' lang='lat' dir='ltr'><strong>a</strong></span> <span class='ocrx_word' id='word_1_258' title='bbox 1559 2458 1838 2523; x_wconf 61' lang='lat' dir='ltr'><strong>persuasione</strong></span> 
     </span>
     <span class='ocr_line' id='line_1_31' title="bbox 356 2534 1836 2600; baseline 0 -20"><span class='ocrx_word' id='word_1_259' title='bbox 356 2543 399 2580; x_wconf 86' lang='lat' dir='ltr'><strong>et</strong></span> <span class='ocrx_word' id='word_1_260' title='bbox 417 2534 564 2590; x_wconf 72' lang='lat' dir='ltr'><strong>corde,</strong></span> <span class='ocrx_word' id='word_1_261' title='bbox 595 2545 688 2582; x_wconf 91' lang='lat' dir='ltr'><strong>tum</strong></span> <span class='ocrx_word' id='word_1_262' title='bbox 712 2535 867 2592; x_wconf 91' lang='lat' dir='ltr'><strong>etiam,</strong></span> <span class='ocrx_word' id='word_1_263' title='bbox 893 2538 1028 2583; x_wconf 80' lang='lat' dir='ltr'><strong>multo</strong></span> <span class='ocrx_word' id='word_1_264' title='bbox 1048 2539 1192 2584; x_wconf 79' lang='lat' dir='ltr'><strong>minus</strong></span> <span class='ocrx_word' id='word_1_265' title='bbox 1214 2536 1273 2584; x_wconf 79' lang='lat' dir='ltr'><strong>ad</strong></span> <span class='ocrx_word' id='word_1_266' title='bbox 1290 2553 1384 2584; x_wconf 87' lang='lat' dir='ltr'><strong>eam</strong></span> <span class='ocrx_word' id='word_1_267' title='bbox 1395 2536 1611 2600; x_wconf 73' lang='lat' dir='ltr'><strong>pertinere</strong></span> <span class='ocrx_word' id='word_1_268' title='bbox 1625 2570 1638 2590; x_wconf 91' lang='lat'><strong>,</strong></span> <span class='ocrx_word' id='word_1_269' title='bbox 1654 2535 1836 2599; x_wconf 42' lang='lat' dir='ltr'><strong>»emiqeoe</strong></span> 
     </span>
     <span class='ocr_line' id='line_1_32' title="bbox 350 2604 1835 2678; baseline 0.001 -21"><span class='ocrx_word' id='word_1_270' title='bbox 350 2613 434 2675; x_wconf 64' lang='lat' dir='ltr'><strong>&#39;per</strong></span> <span class='ocrx_word' id='word_1_271' title='bbox 466 2612 556 2658; x_wconf 79' lang='lat' dir='ltr'><strong>vim</strong></span> <span class='ocrx_word' id='word_1_272' title='bbox 588 2613 840 2678; x_wconf 79' lang='lat' dir='ltr'><strong>eoeteriorem</strong></span> <span class='ocrx_word' id='word_1_273' title='bbox 882 2613 1184 2660; x_wconf 80' lang='lat' dir='ltr'><strong>subiectionem</strong></span> <span class='ocrx_word' id='word_1_274' title='bbox 1228 2605 1337 2661; x_wconf 67' lang='lat' dir='ltr'><strong>suis</strong></span> <span class='ocrx_word' id='word_1_275' title='bbox 1367 2611 1561 2659; x_wconf 74' lang='lat' dir='ltr'><strong>decretis.</strong></span> <span class='ocrx_word' id='word_1_276' title='bbox 1606 2604 1835 2675; x_wconf 54' lang='lat' dir='ltr'><strong>Quatenus</strong></span> 
     </span>
     <span class='ocr_line' id='line_1_33' title="bbox 358 2678 1836 2737; baseline 0 -4"><span class='ocrx_word' id='word_1_277' title='bbox 358 2678 711 2736; x_wconf 82' lang='lat' dir='ltr'><strong>indeterminatis</strong></span> <span class='ocrx_word' id='word_1_278' title='bbox 747 2687 838 2736; x_wconf 89' lang='lat' dir='ltr'><strong>illis</strong></span> <span class='ocrx_word' id='word_1_279' title='bbox 871 2688 1047 2737; x_wconf 89' lang='lat' dir='ltr'><strong>verbis:</strong></span> <span class='ocrx_word' id='word_1_280' title='bbox 1089 2688 1353 2736; x_wconf 60' lang='lat' dir='ltr'><strong>ecit-tendendo</strong></span> <span class='ocrx_word' id='word_1_281' title='bbox 1395 2687 1454 2735; x_wconf 84' lang='lat' dir='ltr'><strong>ad</strong></span> <span class='ocrx_word' id='word_1_282' title='bbox 1498 2704 1566 2734; x_wconf 82' lang='lat' dir='ltr'><strong>res</strong></span> <span class='ocrx_word' id='word_1_283' title='bbox 1605 2687 1836 2733; x_wconf 69' lang='lat' dir='ltr'><strong>exteriores</strong></span> 
     </span>
    </p>
   </div>
   <div class='ocr_carea' id='block_1_2' title="bbox 355 2807 1835 2895">
    <p class='ocr_par' dir='ltr' id='par_1_2' title="bbox 355 2807 1835 2895">
     <span class='ocr_line' id='line_1_34' title="bbox 453 2807 1835 2861; baseline -0.003 -17"><span class='ocrx_word' id='word_1_284' title='bbox 453 2810 540 2852; x_wconf 80' lang='lat'>(153)</span> <span class='ocrx_word' id='word_1_285' title='bbox 562 2813 599 2844; x_wconf 80' lang='lat' dir='ltr'><strong>ln</strong></span> <span class='ocrx_word' id='word_1_286' title='bbox 619 2811 676 2844; x_wconf 85' lang='lat' dir='ltr'><strong>cit.</strong></span> <span class='ocrx_word' id='word_1_287' title='bbox 703 2812 931 2845; x_wconf 64' lang='lat' dir='ltr'><strong>Damnatione</strong></span> <span class='ocrx_word' id='word_1_288' title='bbox 963 2811 1075 2852; x_wconf 75' lang='lat' dir='ltr'><strong>operis</strong></span> <span class='ocrx_word' id='word_1_289' title='bbox 1095 2813 1154 2843; x_wconf 77' lang='lat' dir='ltr'><strong>cui</strong></span> <span class='ocrx_word' id='word_1_290' title='bbox 1189 2810 1340 2844; x_wconf 73' lang='lat' dir='ltr'><strong>titulus:</strong></span> <span class='ocrx_word' id='word_1_291' title='bbox 1367 2810 1465 2861; x_wconf 57' lang='lat' dir='ltr'><strong>{uris</strong></span> <span class='ocrx_word' id='word_1_292' title='bbox 1487 2809 1551 2841; x_wconf 82' lang='lat' dir='ltr'><strong>etc.</strong></span> <span class='ocrx_word' id='word_1_293' title='bbox 1580 2807 1636 2840; x_wconf 86' lang='lat' dir='ltr'><strong>die</strong></span> <span class='ocrx_word' id='word_1_294' title='bbox 1655 2812 1707 2841; x_wconf 80' lang='lat'><strong>22.</strong></span> <span class='ocrx_word' id='word_1_295' title='bbox 1729 2809 1835 2848; x_wconf 75' lang='lat' dir='ltr'><strong>Augu-</strong></span> 
     </span>
     <span class='ocr_line' id='line_1_35' title="bbox 355 2862 1812 2895; baseline -0.005 -1"><span class='ocrx_word' id='word_1_296' title='bbox 355 2862 398 2894; x_wconf 81' lang='lat' dir='ltr'><strong>sti</strong></span> <span class='ocrx_word' id='word_1_297' title='bbox 423 2866 511 2895; x_wconf 80' lang='lat'>1851.</span> <span class='ocrx_word' id='word_1_298' title='bbox 1252 2877 1255 2882; x_wconf 55' lang='grc' dir='ltr'><em>ι</em></span> <span class='ocrx_word' id='word_1_299' title='bbox 1439 2867 1443 2870; x_wconf 89' lang='grc'><em>·</em></span> <span class='ocrx_word' id='word_1_300' title='bbox 1698 2867 1812 2887; x_wconf 49' lang='lat' dir='ltr'><strong>mmm.</strong></span> 
     </span>
    </p>
   </div>
  </div>
 </body>
</html>
