<?xml version="1.0" encoding="UTF-8"?>
<!DOCTYPE html PUBLIC "-//W3C//DTD XHTML 1.0 Transitional//EN"
    "http://www.w3.org/TR/xhtml1/DTD/xhtml1-transitional.dtd">
<html xmlns="http://www.w3.org/1999/xhtml" xml:lang="en" lang="en">
 <head>
  <title>
</title>
<meta http-equiv="Content-Type" content="text/html;charset=utf-8" />
  <meta name='ocr-system' content='tesseract 3.04.00' />
  <meta name='ocr-capabilities' content='ocr_page ocr_carea ocr_par ocr_line ocrx_word'/>
</head>
<body>
  <div class='ocr_page' id='page_1' title='image "a603380702perruoft_0128.png"; bbox 0 0 1980 3260; ppageno 0'>
   <div class='ocr_carea' id='block_1_1' title="bbox 363 252 1495 296">
    <p class='ocr_par' dir='ltr' id='par_1_1' title="bbox 363 252 1495 296">
     <span class='ocr_line' id='line_1_1' title="bbox 363 252 1495 296; baseline -0.004 -1"><span class='ocrx_word' id='word_1_1' title='bbox 363 252 454 296; x_wconf 79' lang='lat'>124</span> <span class='ocrx_word' id='word_1_2' title='bbox 689 261 769 292; x_wconf 79' lang='lat' dir='ltr'>Lm.</span> <span class='ocrx_word' id='word_1_3' title='bbox 799 261 845 291; x_wconf 86' lang='lat' dir='ltr'>n.</span> <span class='ocrx_word' id='word_1_4' title='bbox 875 259 987 292; x_wconf 67' lang='lat' dir='ltr'>sacr.</span> <span class='ocrx_word' id='word_1_5' title='bbox 1010 260 1040 291; x_wconf 95' lang='lat'>1.</span> <span class='ocrx_word' id='word_1_6' title='bbox 1065 258 1118 290; x_wconf 73' lang='lat' dir='ltr'>na</span> <span class='ocrx_word' id='word_1_7' title='bbox 1142 258 1306 290; x_wconf 75' lang='lat' dir='ltr'>rornsr.</span> <span class='ocrx_word' id='word_1_8' title='bbox 1331 260 1495 292; x_wconf 67' lang='lat' dir='ltr'>accras.</span> 
     </span>
    </p>
   </div>
   <div class='ocr_carea' id='block_1_2' title="bbox 357 336 1837 2751">
    <p class='ocr_par' dir='ltr' id='par_1_2' title="bbox 357 336 1837 2751">
     <span class='ocr_line' id='line_1_2' title="bbox 363 336 1828 402; baseline -0.002 -13"><span class='ocrx_word' id='word_1_9' title='bbox 363 353 500 388; x_wconf 88' lang='lat' dir='ltr'>stema</span> <span class='ocrx_word' id='word_1_10' title='bbox 532 338 635 384; x_wconf 90' lang='lat' dir='ltr'>dum</span> <span class='ocrx_word' id='word_1_11' title='bbox 673 338 960 402; x_wconf 76' lang='lat' dir='ltr'>praescripsit</span> <span class='ocrx_word' id='word_1_12' title='bbox 983 336 1259 384; x_wconf 90' lang='lat' dir='ltr'>conditiones</span> <span class='ocrx_word' id='word_1_13' title='bbox 1293 336 1378 382; x_wconf 87' lang='lat' dir='ltr'>sub</span> <span class='ocrx_word' id='word_1_14' title='bbox 1401 336 1570 400; x_wconf 79' lang='lat' dir='ltr'>quibus</span> <span class='ocrx_word' id='word_1_15' title='bbox 1594 338 1695 385; x_wconf 86' lang='lat' dir='ltr'>illae</span> <span class='ocrx_word' id='word_1_16' title='bbox 1719 355 1828 386; x_wconf 83' lang='lat' dir='ltr'>con-</span> 
     </span>
     <span class='ocr_line' id='line_1_3' title="bbox 362 412 1825 477; baseline -0.002 -13"><span class='ocrx_word' id='word_1_17' title='bbox 362 417 457 464; x_wconf 87' lang='lat' dir='ltr'>cedi</span> <span class='ocrx_word' id='word_1_18' title='bbox 494 415 610 461; x_wconf 90' lang='lat' dir='ltr'>licite</span> <span class='ocrx_word' id='word_1_19' title='bbox 638 425 844 477; x_wconf 78' lang='lat' dir='ltr'>possent,</span> <span class='ocrx_word' id='word_1_20' title='bbox 875 414 1007 460; x_wconf 89' lang='lat' dir='ltr'>immo</span> <span class='ocrx_word' id='word_1_21' title='bbox 1041 423 1084 458; x_wconf 88' lang='lat' dir='ltr'>et</span> <span class='ocrx_word' id='word_1_22' title='bbox 1107 412 1320 459; x_wconf 88' lang='lat' dir='ltr'>deberent</span> <span class='ocrx_word' id='word_1_23' title='bbox 1342 430 1396 458; x_wconf 73' lang='lat' dir='ltr'>em</span> <span class='ocrx_word' id='word_1_24' title='bbox 1429 414 1622 467; x_wconf 74' lang='lat' dir='ltr'>iustitia,</span> <span class='ocrx_word' id='word_1_25' title='bbox 1651 430 1702 460; x_wconf 84' lang='lat' dir='ltr'>ac</span> <span class='ocrx_word' id='word_1_26' title='bbox 1734 415 1825 461; x_wconf 82' lang='lat' dir='ltr'>fere</span> 
     </span>
     <span class='ocr_line' id='line_1_4' title="bbox 361 488 1825 553; baseline -0.001 -16"><span class='ocrx_word' id='word_1_27' title='bbox 361 491 549 538; x_wconf 90' lang='lat' dir='ltr'>abolevit</span> <span class='ocrx_word' id='word_1_28' title='bbox 572 490 862 536; x_wconf 80' lang='lat' dir='ltr'>relaxationes</span> <span class='ocrx_word' id='word_1_29' title='bbox 881 507 935 534; x_wconf 71' lang='lat' dir='ltr'>ea·</span> <span class='ocrx_word' id='word_1_30' title='bbox 953 490 1098 552; x_wconf 74' lang='lat' dir='ltr'>qratia</span> <span class='ocrx_word' id='word_1_31' title='bbox 1123 499 1301 553; x_wconf 89' lang='lat' dir='ltr'>propter</span> <span class='ocrx_word' id='word_1_32' title='bbox 1323 506 1436 552; x_wconf 87' lang='lat' dir='ltr'>quas</span> <span class='ocrx_word' id='word_1_33' title='bbox 1461 488 1604 535; x_wconf 87' lang='lat' dir='ltr'>solum</span> <span class='ocrx_word' id='word_1_34' title='bbox 1623 489 1825 536; x_wconf 89' lang='lat' dir='ltr'>adeunda</span> 
     </span>
     <span class='ocr_line' id='line_1_5' title="bbox 362 564 1822 629; baseline -0.001 -16"><span class='ocrx_word' id='word_1_35' title='bbox 362 577 478 613; x_wconf 87' lang='lat' dir='ltr'>esset</span> <span class='ocrx_word' id='word_1_36' title='bbox 502 565 744 629; x_wconf 88' lang='lat' dir='ltr'>apostolica</span> <span class='ocrx_word' id='word_1_37' title='bbox 769 565 913 611; x_wconf 90' lang='lat' dir='ltr'>sedes.</span> <span class='ocrx_word' id='word_1_38' title='bbox 946 564 1080 619; x_wconf 83' lang='lat' dir='ltr'>Quasi</span> <span class='ocrx_word' id='word_1_39' title='bbox 1109 581 1267 627; x_wconf 83' lang='lat' dir='ltr'>nempe</span> <span class='ocrx_word' id='word_1_40' title='bbox 1287 574 1387 610; x_wconf 88' lang='lat' dir='ltr'>ante</span> <span class='ocrx_word' id='word_1_41' title='bbox 1406 564 1451 610; x_wconf 93' lang='lat' dir='ltr'>id</span> <span class='ocrx_word' id='word_1_42' title='bbox 1478 564 1687 627; x_wconf 88' lang='lat' dir='ltr'>temporis</span> <span class='ocrx_word' id='word_1_43' title='bbox 1711 581 1822 611; x_wconf 89' lang='lat' dir='ltr'>rom.</span> 
     </span>
     <span class='ocr_line' id='line_1_6' title="bbox 361 640 1827 706; baseline -0.001 -19"><span class='ocrx_word' id='word_1_44' title='bbox 361 641 589 706; x_wconf 84' lang='lat' dir='ltr'>pontifices</span> <span class='ocrx_word' id='word_1_45' title='bbox 623 640 886 703; x_wconf 87' lang='lat' dir='ltr'>dispensare</span> <span class='ocrx_word' id='word_1_46' title='bbox 920 640 1231 686; x_wconf 85' lang='lat' dir='ltr'>consueverint</span> <span class='ocrx_word' id='word_1_47' title='bbox 1273 640 1441 703; x_wconf 88' lang='lat' dir='ltr'>absque</span> <span class='ocrx_word' id='word_1_48' title='bbox 1484 640 1660 702; x_wconf 89' lang='lat' dir='ltr'>cognita</span> <span class='ocrx_word' id='word_1_49' title='bbox 1692 656 1827 687; x_wconf 83' lang='lat' dir='ltr'>causa</span> 
     </span>
     <span class='ocr_line' id='line_1_7' title="bbox 361 715 1828 778; baseline -0.001 -15"><span class='ocrx_word' id='word_1_50' title='bbox 361 734 412 763; x_wconf 88' lang='lat' dir='ltr'>ac</span> <span class='ocrx_word' id='word_1_51' title='bbox 446 717 542 763; x_wconf 89' lang='lat' dir='ltr'>sine</span> <span class='ocrx_word' id='word_1_52' title='bbox 576 727 759 778; x_wconf 88' lang='lat' dir='ltr'>urgente</span> <span class='ocrx_word' id='word_1_53' title='bbox 791 716 914 778; x_wconf 86' lang='lat' dir='ltr'>gravi</span> <span class='ocrx_word' id='word_1_54' title='bbox 950 726 1193 761; x_wconf 69' lang='lat' dir='ltr'>causaaut</span> <span class='ocrx_word' id='word_1_55' title='bbox 1219 715 1374 762; x_wconf 90' lang='lat' dir='ltr'>maiori</span> <span class='ocrx_word' id='word_1_56' title='bbox 1409 715 1623 770; x_wconf 80' lang='lat' dir='ltr'>utilitate;</span> <span class='ocrx_word' id='word_1_57' title='bbox 1651 725 1828 762; x_wconf 84' lang='lat' dir='ltr'>atvero</span> 
     </span>
     <span class='ocr_line' id='line_1_8' title="bbox 361 791 1829 854; baseline -0.001 -16"><span class='ocrx_word' id='word_1_58' title='bbox 361 810 411 838; x_wconf 88' lang='lat' dir='ltr'>ex</span> <span class='ocrx_word' id='word_1_59' title='bbox 446 792 572 838; x_wconf 88' lang='lat' dir='ltr'>factis</span> <span class='ocrx_word' id='word_1_60' title='bbox 618 791 808 854; x_wconf 86' lang='lat' dir='ltr'>publicis</span> <span class='ocrx_word' id='word_1_61' title='bbox 850 802 982 854; x_wconf 90' lang='lat' dir='ltr'>atque</span> <span class='ocrx_word' id='word_1_62' title='bbox 1017 791 1200 838; x_wconf 89' lang='lat' dir='ltr'>notoriis</span> <span class='ocrx_word' id='word_1_63' title='bbox 1246 791 1513 838; x_wconf 88' lang='lat' dir='ltr'>contrarium</span> <span class='ocrx_word' id='word_1_64' title='bbox 1549 801 1733 838; x_wconf 88' lang='lat' dir='ltr'>constat.</span> <span class='ocrx_word' id='word_1_65' title='bbox 1774 791 1829 837; x_wconf 86' lang='lat' dir='ltr'>Ut</span> 
     </span>
     <span class='ocr_line' id='line_1_9' title="bbox 360 867 1823 930; baseline -0.001 -16"><span class='ocrx_word' id='word_1_66' title='bbox 360 886 497 914; x_wconf 91' lang='lat' dir='ltr'>unum</span> <span class='ocrx_word' id='word_1_67' title='bbox 532 879 675 914; x_wconf 87' lang='lat' dir='ltr'>autem</span> <span class='ocrx_word' id='word_1_68' title='bbox 701 867 943 914; x_wconf 84' lang='lat' dir='ltr'>alterumve</span> <span class='ocrx_word' id='word_1_69' title='bbox 972 867 1018 912; x_wconf 90' lang='lat' dir='ltr'>in</span> <span class='ocrx_word' id='word_1_70' title='bbox 1048 867 1241 913; x_wconf 87' lang='lat' dir='ltr'>medium</span> <span class='ocrx_word' id='word_1_71' title='bbox 1277 867 1514 914; x_wconf 89' lang='lat' dir='ltr'>afferamus</span> <span class='ocrx_word' id='word_1_72' title='bbox 1545 867 1823 930; x_wconf 86' lang='lat' dir='ltr'>exemplum;</span> 
     </span>
     <span class='ocr_line' id='line_1_10' title="bbox 362 943 1828 1007; baseline -0.001 -16"><span class='ocrx_word' id='word_1_73' title='bbox 362 962 451 992; x_wconf 90' lang='lat' dir='ltr'>sec.</span> <span class='ocrx_word' id='word_1_74' title='bbox 478 945 598 990; x_wconf 89' lang='lat' dir='ltr'><strong>XIII.</strong></span> <span class='ocrx_word' id='word_1_75' title='bbox 627 944 885 1007; x_wconf 87' lang='lat' dir='ltr'>Alphonsus</span> <span class='ocrx_word' id='word_1_76' title='bbox 921 961 995 990; x_wconf 87' lang='lat' dir='ltr'>rex</span> <span class='ocrx_word' id='word_1_77' title='bbox 1029 943 1245 990; x_wconf 87' lang='lat' dir='ltr'>Castellae</span> <span class='ocrx_word' id='word_1_78' title='bbox 1278 944 1334 991; x_wconf 90' lang='lat' dir='ltr'>ad</span> <span class='ocrx_word' id='word_1_79' title='bbox 1369 943 1636 990; x_wconf 82' lang='lat' dir='ltr'>Clementem</span> <span class='ocrx_word' id='word_1_80' title='bbox 1661 944 1730 989; x_wconf 93' lang='lat' dir='ltr'>lV.</span> <span class='ocrx_word' id='word_1_81' title='bbox 1760 961 1828 990; x_wconf 88' lang='lat' dir='ltr'>re-</span> 
     </span>
     <span class='ocr_line' id='line_1_11' title="bbox 360 1018 1829 1082; baseline 0 -17"><span class='ocrx_word' id='word_1_82' title='bbox 360 1020 494 1066; x_wconf 84' lang='lat' dir='ltr'>currit</span> <span class='ocrx_word' id='word_1_83' title='bbox 517 1019 767 1065; x_wconf 83' lang='lat' dir='ltr'>facultatem</span> <span class='ocrx_word' id='word_1_84' title='bbox 794 1029 950 1082; x_wconf 87' lang='lat' dir='ltr'>petens</span> <span class='ocrx_word' id='word_1_85' title='bbox 970 1019 1169 1065; x_wconf 90' lang='lat' dir='ltr'>tradendi</span> <span class='ocrx_word' id='word_1_86' title='bbox 1199 1019 1336 1065; x_wconf 86' lang='lat' dir='ltr'>filiam</span> <span class='ocrx_word' id='word_1_87' title='bbox 1363 1036 1490 1065; x_wconf 89' lang='lat' dir='ltr'>suam</span> <span class='ocrx_word' id='word_1_88' title='bbox 1519 1018 1612 1065; x_wconf 89' lang='lat' dir='ltr'>filio</span> <span class='ocrx_word' id='word_1_89' title='bbox 1636 1018 1829 1082; x_wconf 88' lang='lat' dir='ltr'>impera-</span> 
     </span>
     <span class='ocr_line' id='line_1_12' title="bbox 360 1093 1830 1158; baseline -0.001 -17"><span class='ocrx_word' id='word_1_90' title='bbox 360 1096 467 1142; x_wconf 89' lang='lat' dir='ltr'>toris</span> <span class='ocrx_word' id='word_1_91' title='bbox 495 1095 697 1141; x_wconf 88' lang='lat' dir='ltr'>Balduini</span> <span class='ocrx_word' id='word_1_92' title='bbox 724 1112 913 1158; x_wconf 92' lang='lat' dir='ltr'>quorum</span> <span class='ocrx_word' id='word_1_93' title='bbox 942 1095 1108 1158; x_wconf 89' lang='lat' dir='ltr'>nuptiis</span> <span class='ocrx_word' id='word_1_94' title='bbox 1141 1094 1504 1158; x_wconf 87' lang='lat' dir='ltr'>impedimentum</span> <span class='ocrx_word' id='word_1_95' title='bbox 1532 1093 1753 1140; x_wconf 84' lang='lat' dir='ltr'>obstabat.</span> <span class='ocrx_word' id='word_1_96' title='bbox 1775 1093 1830 1140; x_wconf 83' lang='lat' dir='ltr'>At</span> 
     </span>
     <span class='ocr_line' id='line_1_13' title="bbox 360 1169 1830 1234; baseline 0 -18"><span class='ocrx_word' id='word_1_97' title='bbox 360 1189 468 1218; x_wconf 92' lang='lat' dir='ltr'>rom.</span> <span class='ocrx_word' id='word_1_98' title='bbox 508 1170 701 1234; x_wconf 84' lang='lat' dir='ltr'>pontifex</span> <span class='ocrx_word' id='word_1_99' title='bbox 728 1187 813 1217; x_wconf 92' lang='lat' dir='ltr'>non</span> <span class='ocrx_word' id='word_1_100' title='bbox 841 1171 950 1217; x_wconf 87' lang='lat' dir='ltr'>satis</span> <span class='ocrx_word' id='word_1_101' title='bbox 974 1187 1130 1232; x_wconf 86' lang='lat' dir='ltr'>graves</span> <span class='ocrx_word' id='word_1_102' title='bbox 1161 1170 1374 1216; x_wconf 89' lang='lat' dir='ltr'>iudicavit</span> <span class='ocrx_word' id='word_1_103' title='bbox 1398 1186 1560 1216; x_wconf 84' lang='lat' dir='ltr'>causas</span> <span class='ocrx_word' id='word_1_104' title='bbox 1596 1169 1830 1216; x_wconf 88' lang='lat' dir='ltr'>relaxatio-</span> 
     </span>
     <span class='ocr_line' id='line_1_14' title="bbox 360 1243 1826 1309; baseline -0.001 -18"><span class='ocrx_word' id='word_1_105' title='bbox 360 1245 430 1292; x_wconf 88' lang='lat' dir='ltr'>nis</span> <span class='ocrx_word' id='word_1_106' title='bbox 455 1263 586 1309; x_wconf 89' lang='lat' dir='ltr'>quam</span> <span class='ocrx_word' id='word_1_107' title='bbox 614 1263 687 1292; x_wconf 90' lang='lat' dir='ltr'>rex</span> <span class='ocrx_word' id='word_1_108' title='bbox 712 1245 1004 1308; x_wconf 87' lang='lat' dir='ltr'>exposcebat,</span> <span class='ocrx_word' id='word_1_109' title='bbox 1040 1244 1144 1291; x_wconf 90' lang='lat' dir='ltr'>hinc</span> <span class='ocrx_word' id='word_1_110' title='bbox 1167 1262 1264 1290; x_wconf 91' lang='lat' dir='ltr'>eam</span> <span class='ocrx_word' id='word_1_111' title='bbox 1289 1244 1522 1306; x_wconf 78' lang='lat' dir='ltr'>denegavit</span> <span class='ocrx_word' id='word_1_112' title='bbox 1551 1243 1826 1290; x_wconf 84' lang='lat' dir='ltr'>rescribens:</span> 
     </span>
     <span class='ocr_line' id='line_1_15' title="bbox 364 1319 1832 1385; baseline 0.001 -21"><span class='ocrx_word' id='word_1_113' title='bbox 364 1341 386 1365; x_wconf 92' lang='lat'>«</span> <span class='ocrx_word' id='word_1_114' title='bbox 409 1321 523 1376; x_wconf 86' lang='lat' dir='ltr'>Quia</span> <span class='ocrx_word' id='word_1_115' title='bbox 550 1339 624 1385; x_wconf 90' lang='lat' dir='ltr'>pp.</span> <span class='ocrx_word' id='word_1_116' title='bbox 656 1338 718 1367; x_wconf 89' lang='lat' dir='ltr'>ss.</span> <span class='ocrx_word' id='word_1_117' title='bbox 753 1338 946 1367; x_wconf 91' lang='lat' dir='ltr'>canones</span> <span class='ocrx_word' id='word_1_118' title='bbox 987 1320 1031 1365; x_wconf 90' lang='lat' dir='ltr'>in</span> <span class='ocrx_word' id='word_1_119' title='bbox 1059 1336 1112 1366; x_wconf 90' lang='lat' dir='ltr'>ea</span> <span class='ocrx_word' id='word_1_120' title='bbox 1149 1330 1253 1366; x_wconf 87' lang='lat' dir='ltr'>sunt</span> <span class='ocrx_word' id='word_1_121' title='bbox 1288 1319 1514 1367; x_wconf 86' lang='lat' dir='ltr'>soliditate</span> <span class='ocrx_word' id='word_1_122' title='bbox 1548 1319 1746 1375; x_wconf 85' lang='lat' dir='ltr'>fundati,</span> <span class='ocrx_word' id='word_1_123' title='bbox 1783 1329 1832 1367; x_wconf 86' lang='lat' dir='ltr'>ut</span> 
     </span>
     <span class='ocr_line' id='line_1_16' title="bbox 359 1395 1831 1460; baseline 0 -18"><span class='ocrx_word' id='word_1_124' title='bbox 359 1396 416 1442; x_wconf 91' lang='lat' dir='ltr'>ab</span> <span class='ocrx_word' id='word_1_125' title='bbox 449 1397 514 1443; x_wconf 90' lang='lat' dir='ltr'>eis</span> <span class='ocrx_word' id='word_1_126' title='bbox 538 1396 789 1443; x_wconf 90' lang='lat' dir='ltr'>nullatenus</span> <span class='ocrx_word' id='word_1_127' title='bbox 816 1396 960 1442; x_wconf 88' lang='lat' dir='ltr'>recedi</span> <span class='ocrx_word' id='word_1_128' title='bbox 995 1395 1150 1443; x_wconf 89' lang='lat' dir='ltr'>deceat</span> <span class='ocrx_word' id='word_1_129' title='bbox 1178 1406 1254 1443; x_wconf 90' lang='lat' dir='ltr'>aut</span> <span class='ocrx_word' id='word_1_130' title='bbox 1287 1406 1513 1460; x_wconf 87' lang='lat' dir='ltr'>oporteat,</span> <span class='ocrx_word' id='word_1_131' title='bbox 1549 1395 1636 1442; x_wconf 88' lang='lat' dir='ltr'>nisi</span> <span class='ocrx_word' id='word_1_132' title='bbox 1669 1413 1831 1459; x_wconf 85' lang='lat' dir='ltr'>magna</span> 
     </span>
     <span class='ocr_line' id='line_1_17' title="bbox 359 1471 1831 1537; baseline 0 -19"><span class='ocrx_word' id='word_1_133' title='bbox 359 1471 404 1517; x_wconf 91' lang='lat' dir='ltr'>id</span> <span class='ocrx_word' id='word_1_134' title='bbox 428 1472 612 1518; x_wconf 87' lang='lat' dir='ltr'>suadeat</span> <span class='ocrx_word' id='word_1_135' title='bbox 646 1473 838 1526; x_wconf 79' lang='lat' dir='ltr'>utilitas,</span> <span class='ocrx_word' id='word_1_136' title='bbox 868 1482 943 1518; x_wconf 88' lang='lat' dir='ltr'>aut</span> <span class='ocrx_word' id='word_1_137' title='bbox 968 1474 1194 1519; x_wconf 81' lang='lat' dir='ltr'>necessitas</span> <span class='ocrx_word' id='word_1_138' title='bbox 1222 1474 1337 1519; x_wconf 79' lang='lat' dir='ltr'>iusta</span> <span class='ocrx_word' id='word_1_139' title='bbox 1361 1472 1622 1536; x_wconf 87' lang='lat' dir='ltr'>compellat,</span> <span class='ocrx_word' id='word_1_140' title='bbox 1644 1489 1831 1537; x_wconf 89' lang='lat' dir='ltr'>quorum</span> 
     </span>
     <span class='ocr_line' id='line_1_18' title="bbox 359 1546 1830 1610; baseline 0 -18"><span class='ocrx_word' id='word_1_141' title='bbox 359 1557 557 1593; x_wconf 88' lang='lat' dir='ltr'>neutram</span> <span class='ocrx_word' id='word_1_142' title='bbox 598 1547 748 1593; x_wconf 86' lang='lat' dir='ltr'>videre</span> <span class='ocrx_word' id='word_1_143' title='bbox 781 1547 1031 1610; x_wconf 86' lang='lat' dir='ltr'>potuimus,</span> <span class='ocrx_word' id='word_1_144' title='bbox 1070 1546 1116 1593; x_wconf 90' lang='lat' dir='ltr'>in</span> <span class='ocrx_word' id='word_1_145' title='bbox 1151 1547 1270 1594; x_wconf 85' lang='lat' dir='ltr'>filiae</span> <span class='ocrx_word' id='word_1_146' title='bbox 1305 1558 1406 1594; x_wconf 91' lang='lat' dir='ltr'>tuae</span> <span class='ocrx_word' id='word_1_147' title='bbox 1438 1558 1481 1593; x_wconf 90' lang='lat' dir='ltr'>et</span> <span class='ocrx_word' id='word_1_148' title='bbox 1523 1547 1744 1594; x_wconf 84' lang='lat' dir='ltr'>carissimi</span> <span class='ocrx_word' id='word_1_149' title='bbox 1783 1546 1830 1593; x_wconf 90' lang='lat' dir='ltr'>in</span> 
     </span>
     <span class='ocr_line' id='line_1_19' title="bbox 359 1622 1831 1687; baseline 0.001 -19"><span class='ocrx_word' id='word_1_150' title='bbox 359 1622 533 1669; x_wconf 90' lang='lat' dir='ltr'>Christo</span> <span class='ocrx_word' id='word_1_151' title='bbox 558 1622 637 1668; x_wconf 82' lang='lat' dir='ltr'>filii</span> <span class='ocrx_word' id='word_1_152' title='bbox 667 1623 803 1669; x_wconf 88' lang='lat' dir='ltr'>nostri</span> <span class='ocrx_word' id='word_1_153' title='bbox 831 1622 1035 1669; x_wconf 89' lang='lat' dir='ltr'>Balduini</span> <span class='ocrx_word' id='word_1_154' title='bbox 1061 1623 1338 1687; x_wconf 89' lang='lat' dir='ltr'>imperatoris</span> <span class='ocrx_word' id='word_1_155' title='bbox 1363 1622 1831 1686; x_wconf 83' lang='lat' dir='ltr'>constantinopolitani</span> 
     </span>
     <span class='ocr_line' id='line_1_20' title="bbox 358 1699 1835 1764; baseline 0.001 -20"><span class='ocrx_word' id='word_1_156' title='bbox 358 1699 447 1745; x_wconf 86' lang='lat' dir='ltr'>nati</span> <span class='ocrx_word' id='word_1_157' title='bbox 483 1699 667 1762; x_wconf 90' lang='lat' dir='ltr'>copula,</span> <span class='ocrx_word' id='word_1_158' title='bbox 708 1717 787 1762; x_wconf 90' lang='lat' dir='ltr'>pro</span> <span class='ocrx_word' id='word_1_159' title='bbox 821 1717 910 1764; x_wconf 90' lang='lat' dir='ltr'>qua</span> <span class='ocrx_word' id='word_1_160' title='bbox 945 1709 1122 1746; x_wconf 88' lang='lat' dir='ltr'>nostrae</span> <span class='ocrx_word' id='word_1_161' title='bbox 1155 1699 1508 1763; x_wconf 86' lang='lat' dir='ltr'>dispensationis</span> <span class='ocrx_word' id='word_1_162' title='bbox 1538 1700 1686 1762; x_wconf 76' lang='lat' dir='ltr'>qratia</span> <span class='ocrx_word' id='word_1_163' title='bbox 1710 1709 1835 1762; x_wconf 78' lang='lat' dir='ltr'>pete·</span> 
     </span>
     <span class='ocr_line' id='line_1_21' title="bbox 359 1774 1829 1839; baseline 0.001 -19"><span class='ocrx_word' id='word_1_164' title='bbox 359 1774 491 1820; x_wconf 91' lang='lat' dir='ltr'>batur</span> <span class='ocrx_word' id='word_1_165' title='bbox 517 1783 598 1820; x_wconf 89' lang='lat' dir='ltr'>etc.</span> <span class='ocrx_word' id='word_1_166' title='bbox 632 1776 748 1835; x_wconf 82' lang='lat'>(79).</span> <span class='ocrx_word' id='word_1_167' title='bbox 770 1794 792 1818; x_wconf 91' lang='lat'>»</span> <span class='ocrx_word' id='word_1_168' title='bbox 824 1774 987 1821; x_wconf 86' lang='lat' dir='ltr'>Contra</span> <span class='ocrx_word' id='word_1_169' title='bbox 1020 1791 1123 1821; x_wconf 87' lang='lat' dir='ltr'>vero</span> <span class='ocrx_word' id='word_1_170' title='bbox 1157 1774 1274 1821; x_wconf 91' lang='lat' dir='ltr'>idem</span> <span class='ocrx_word' id='word_1_171' title='bbox 1298 1774 1494 1839; x_wconf 81' lang='lat' dir='ltr'>pontifex</span> <span class='ocrx_word' id='word_1_172' title='bbox 1527 1774 1730 1822; x_wconf 79' lang='lat' dir='ltr'>Clemens</span> <span class='ocrx_word' id='word_1_173' title='bbox 1756 1775 1829 1821; x_wconf 85' lang='lat' dir='ltr'>lv.</span> 
     </span>
     <span class='ocr_line' id='line_1_22' title="bbox 362 1849 1833 1914; baseline 0.001 -20"><span class='ocrx_word' id='word_1_174' title='bbox 362 1849 723 1912; x_wconf 89' lang='lat' dir='ltr'>impedimentum</span> <span class='ocrx_word' id='word_1_175' title='bbox 759 1850 972 1897; x_wconf 86' lang='lat' dir='ltr'>relaxavit</span> <span class='ocrx_word' id='word_1_176' title='bbox 1007 1867 1109 1897; x_wconf 92' lang='lat' dir='ltr'>cum</span> <span class='ocrx_word' id='word_1_177' title='bbox 1145 1850 1237 1898; x_wconf 87' lang='lat' dir='ltr'>filio</span> <span class='ocrx_word' id='word_1_178' title='bbox 1271 1868 1389 1913; x_wconf 83' lang='lat' dir='ltr'>regis</span> <span class='ocrx_word' id='word_1_179' title='bbox 1419 1850 1595 1897; x_wconf 82' lang='lat' dir='ltr'>Siciliae</span> <span class='ocrx_word' id='word_1_180' title='bbox 1628 1868 1680 1898; x_wconf 90' lang='lat' dir='ltr'>eo</span> <span class='ocrx_word' id='word_1_181' title='bbox 1713 1850 1833 1914; x_wconf 86' lang='lat' dir='ltr'>quod</span> 
     </span>
     <span class='ocr_line' id='line_1_23' title="bbox 361 1924 1837 1991; baseline 0.002 -21"><span class='ocrx_word' id='word_1_182' title='bbox 361 1924 520 1971; x_wconf 87' lang='lat' dir='ltr'>viderit</span> <span class='ocrx_word' id='word_1_183' title='bbox 544 1925 682 1972; x_wconf 89' lang='lat' dir='ltr'>iustas</span> <span class='ocrx_word' id='word_1_184' title='bbox 717 1926 877 1973; x_wconf 89' lang='lat' dir='ltr'>adesse</span> <span class='ocrx_word' id='word_1_185' title='bbox 901 1943 1087 1973; x_wconf 89' lang='lat' dir='ltr'>causas:</span> <span class='ocrx_word' id='word_1_186' title='bbox 1121 1946 1143 1970; x_wconf 92' lang='lat'>«</span> <span class='ocrx_word' id='word_1_187' title='bbox 1161 1927 1283 1983; x_wconf 87' lang='lat' dir='ltr'>Etsi,</span> <span class='ocrx_word' id='word_1_188' title='bbox 1313 1927 1457 1991; x_wconf 92' lang='lat' dir='ltr'>inquit</span> <span class='ocrx_word' id='word_1_189' title='bbox 1480 1927 1699 1990; x_wconf 76' lang='lat' dir='ltr'>pentifex‚</span> <span class='ocrx_word' id='word_1_190' title='bbox 1735 1943 1837 1973; x_wconf 88' lang='lat' dir='ltr'>con-</span> 
     </span>
     <span class='ocr_line' id='line_1_24' title="bbox 360 2000 1836 2066; baseline 0.003 -21"><span class='ocrx_word' id='word_1_191' title='bbox 360 2000 526 2048; x_wconf 91' lang='lat' dir='ltr'>iunctio</span> <span class='ocrx_word' id='word_1_192' title='bbox 570 2002 753 2065; x_wconf 88' lang='lat' dir='ltr'>copulae</span> <span class='ocrx_word' id='word_1_193' title='bbox 798 2003 1043 2065; x_wconf 88' lang='lat' dir='ltr'>coniugalis</span> <span class='ocrx_word' id='word_1_194' title='bbox 1079 2003 1124 2049; x_wconf 89' lang='lat' dir='ltr'>in</span> <span class='ocrx_word' id='word_1_195' title='bbox 1155 2013 1312 2066; x_wconf 88' lang='lat' dir='ltr'>quarto</span> <span class='ocrx_word' id='word_1_196' title='bbox 1351 2002 1750 2065; x_wconf 81' lang='lat' dir='ltr'>consanguinitatis</span> <span class='ocrx_word' id='word_1_197' title='bbox 1791 2013 1836 2049; x_wconf 82' lang='lat' dir='ltr'>et</span> 
     </span>
     <span class='ocr_line' id='line_1_25' title="bbox 363 2076 1836 2142; baseline 0.001 -18"><span class='ocrx_word' id='word_1_198' title='bbox 363 2076 592 2124; x_wconf 84' lang='lat' dir='ltr'>affinitatis</span> <span class='ocrx_word' id='word_1_199' title='bbox 617 2078 757 2139; x_wconf 87' lang='lat' dir='ltr'>gradu</span> <span class='ocrx_word' id='word_1_200' title='bbox 781 2078 922 2125; x_wconf 89' lang='lat' dir='ltr'>sacris</span> <span class='ocrx_word' id='word_1_201' title='bbox 957 2079 1015 2125; x_wconf 91' lang='lat' dir='ltr'>sit</span> <span class='ocrx_word' id='word_1_202' title='bbox 1043 2078 1290 2126; x_wconf 90' lang='lat' dir='ltr'>canonibus</span> <span class='ocrx_word' id='word_1_203' title='bbox 1324 2079 1584 2134; x_wconf 77' lang='lat' dir='ltr'>interdicta,</span> <span class='ocrx_word' id='word_1_204' title='bbox 1623 2078 1836 2142; x_wconf 81' lang='lat' dir='ltr'>apostoli—</span> 
     </span>
     <span class='ocr_line' id='line_1_26' title="bbox 360 2153 1834 2218; baseline 0.002 -21"><span class='ocrx_word' id='word_1_205' title='bbox 360 2169 437 2198; x_wconf 89' lang='lat' dir='ltr'>cae</span> <span class='ocrx_word' id='word_1_206' title='bbox 471 2163 616 2198; x_wconf 90' lang='lat' dir='ltr'>tamen</span> <span class='ocrx_word' id='word_1_207' title='bbox 651 2153 769 2199; x_wconf 90' lang='lat' dir='ltr'>sedis</span> <span class='ocrx_word' id='word_1_208' title='bbox 804 2154 1081 2216; x_wconf 87' lang='lat' dir='ltr'>providentia</span> <span class='ocrx_word' id='word_1_209' title='bbox 1123 2155 1310 2218; x_wconf 87' lang='lat' dir='ltr'>rigorem</span> <span class='ocrx_word' id='word_1_210' title='bbox 1347 2154 1692 2201; x_wconf 88' lang='lat' dir='ltr'>mansuetudine</span> <span class='ocrx_word' id='word_1_211' title='bbox 1724 2165 1834 2201; x_wconf 89' lang='lat' dir='ltr'>tem-</span> 
     </span>
     <span class='ocr_line' id='line_1_27' title="bbox 360 2228 1831 2295; baseline 0.001 -21"><span class='ocrx_word' id='word_1_212' title='bbox 360 2244 545 2290; x_wconf 87' lang='lat' dir='ltr'>perans,</span> <span class='ocrx_word' id='word_1_213' title='bbox 575 2245 706 2291; x_wconf 90' lang='lat' dir='ltr'>super</span> <span class='ocrx_word' id='word_1_214' title='bbox 730 2228 801 2275; x_wconf 87' lang='lat' dir='ltr'>his</span> <span class='ocrx_word' id='word_1_215' title='bbox 826 2229 1057 2293; x_wconf 88' lang='lat' dir='ltr'>dispensat</span> <span class='ocrx_word' id='word_1_216' title='bbox 1081 2231 1300 2277; x_wconf 89' lang='lat' dir='ltr'>interdum</span> <span class='ocrx_word' id='word_1_217' title='bbox 1320 2268 1329 2286; x_wconf 86' lang='lat'><strong>‚</strong></span> <span class='ocrx_word' id='word_1_218' title='bbox 1358 2241 1400 2277; x_wconf 90' lang='lat' dir='ltr'>et</span> <span class='ocrx_word' id='word_1_219' title='bbox 1426 2230 1545 2295; x_wconf 92' lang='lat' dir='ltr'>quod</span> <span class='ocrx_word' id='word_1_220' title='bbox 1570 2240 1700 2294; x_wconf 83' lang='lat' dir='ltr'>negat</span> <span class='ocrx_word' id='word_1_221' title='bbox 1723 2230 1831 2277; x_wconf 80' lang='lat' dir='ltr'>iuris</span> 
     </span>
     <span class='ocr_line' id='line_1_28' title="bbox 360 2303 1831 2370; baseline 0.003 -22"><span class='ocrx_word' id='word_1_222' title='bbox 360 2303 573 2349; x_wconf 89' lang='lat' dir='ltr'>severitas</span> <span class='ocrx_word' id='word_1_223' title='bbox 592 2340 601 2358; x_wconf 89' lang='lat'>,</span> <span class='ocrx_word' id='word_1_224' title='bbox 633 2303 686 2349; x_wconf 93' lang='lat' dir='ltr'>de</span> <span class='ocrx_word' id='word_1_225' title='bbox 709 2306 855 2366; x_wconf 77' lang='lat' dir='ltr'>qratia</span> <span class='ocrx_word' id='word_1_226' title='bbox 884 2304 1170 2368; x_wconf 77' lang='lat' dir='ltr'>benignitatis</span> <span class='ocrx_word' id='word_1_227' title='bbox 1195 2306 1418 2370; x_wconf 81' lang='lat' dir='ltr'>indulget,</span> <span class='ocrx_word' id='word_1_228' title='bbox 1450 2309 1708 2370; x_wconf 83' lang='lat' dir='ltr'>praesertim</span> <span class='ocrx_word' id='word_1_229' title='bbox 1731 2323 1831 2353; x_wconf 87' lang='lat' dir='ltr'>cum</span> 
     </span>
     <span class='ocr_line' id='line_1_29' title="bbox 358 2379 1834 2446; baseline 0.003 -23"><span class='ocrx_word' id='word_1_230' title='bbox 358 2380 585 2425; x_wconf 76' lang='lat' dir='ltr'>necessitas</span> <span class='ocrx_word' id='word_1_231' title='bbox 604 2379 765 2441; x_wconf 87' lang='lat' dir='ltr'>exigit,</span> <span class='ocrx_word' id='word_1_232' title='bbox 788 2390 831 2425; x_wconf 89' lang='lat' dir='ltr'>et</span> <span class='ocrx_word' id='word_1_233' title='bbox 855 2398 985 2427; x_wconf 85' lang='lat' dir='ltr'>causa</span> <span class='ocrx_word' id='word_1_234' title='bbox 1002 2383 1276 2429; x_wconf 75' lang='lat' dir='ltr'>rationabilis</span> <span class='ocrx_word' id='word_1_235' title='bbox 1300 2383 1346 2429; x_wconf 92' lang='lat' dir='ltr'>id</span> <span class='ocrx_word' id='word_1_236' title='bbox 1370 2382 1569 2446; x_wconf 80' lang='lat' dir='ltr'>exposcit</span> <span class='ocrx_word' id='word_1_237' title='bbox 1594 2384 1743 2444; x_wconf 81' lang='lat'><strong>(80).»</strong></span> <span class='ocrx_word' id='word_1_238' title='bbox 1760 2381 1834 2428; x_wconf 88' lang='lat' dir='ltr'>Sic</span> 
     </span>
     <span class='ocr_line' id='line_1_30' title="bbox 357 2454 1831 2521; baseline 0.003 -22"><span class='ocrx_word' id='word_1_239' title='bbox 357 2454 605 2500; x_wconf 88' lang='lat' dir='ltr'>Alexander</span> <span class='ocrx_word' id='word_1_240' title='bbox 628 2455 696 2500; x_wconf 94' lang='lat' dir='ltr'>IV.</span> <span class='ocrx_word' id='word_1_241' title='bbox 728 2472 800 2500; x_wconf 90' lang='lat' dir='ltr'>an.</span> <span class='ocrx_word' id='word_1_242' title='bbox 831 2457 971 2501; x_wconf 74' lang='lat'>1258.</span> <span class='ocrx_word' id='word_1_243' title='bbox 1003 2475 1029 2503; x_wconf 90' lang='lat' dir='ltr'>a</span> <span class='ocrx_word' id='word_1_244' title='bbox 1053 2458 1291 2504; x_wconf 87' lang='lat' dir='ltr'>Galliarum</span> <span class='ocrx_word' id='word_1_245' title='bbox 1333 2476 1437 2521; x_wconf 86' lang='lat' dir='ltr'>rege</span> <span class='ocrx_word' id='word_1_246' title='bbox 1478 2468 1655 2521; x_wconf 85' lang='lat' dir='ltr'>rogatus</span> <span class='ocrx_word' id='word_1_247' title='bbox 1690 2457 1831 2520; x_wconf 91' lang='lat' dir='ltr'>legem</span> 
     </span>
     <span class='ocr_line' id='line_1_31' title="bbox 359 2529 1833 2595; baseline 0.002 -20"><span class='ocrx_word' id='word_1_248' title='bbox 359 2529 490 2576; x_wconf 89' lang='lat' dir='ltr'>solvit</span> <span class='ocrx_word' id='word_1_249' title='bbox 526 2530 581 2576; x_wconf 91' lang='lat' dir='ltr'>de</span> <span class='ocrx_word' id='word_1_250' title='bbox 619 2531 1018 2593; x_wconf 86' lang='lat' dir='ltr'>consanguinitatis</span> <span class='ocrx_word' id='word_1_251' title='bbox 1051 2534 1292 2595; x_wconf 89' lang='lat' dir='ltr'>gradibus;</span> <span class='ocrx_word' id='word_1_252' title='bbox 1331 2545 1482 2581; x_wconf 84' lang='lat' dir='ltr'>contra</span> <span class='ocrx_word' id='word_1_253' title='bbox 1513 2551 1618 2581; x_wconf 85' lang='lat' dir='ltr'>vero</span> <span class='ocrx_word' id='word_1_254' title='bbox 1654 2532 1833 2579; x_wconf 89' lang='lat' dir='ltr'>Walde-</span> 
     </span>
     <span class='ocr_line' id='line_1_32' title="bbox 358 2608 1834 2669; baseline 0.003 -18"><span class='ocrx_word' id='word_1_255' title='bbox 358 2624 480 2653; x_wconf 90' lang='lat' dir='ltr'>maro</span> <span class='ocrx_word' id='word_1_256' title='bbox 515 2624 743 2654; x_wconf 90' lang='lat' dir='ltr'>svecorum</span> <span class='ocrx_word' id='word_1_257' title='bbox 778 2608 869 2669; x_wconf 92' lang='lat' dir='ltr'>regi</span> <span class='ocrx_word' id='word_1_258' title='bbox 904 2609 1079 2656; x_wconf 85' lang='lat' dir='ltr'>veniam</span> <span class='ocrx_word' id='word_1_259' title='bbox 1112 2611 1219 2658; x_wconf 89' lang='lat' dir='ltr'>dare</span> <span class='ocrx_word' id='word_1_260' title='bbox 1251 2611 1532 2666; x_wconf 76' lang='lat' dir='ltr'>detrectavit,</span> <span class='ocrx_word' id='word_1_261' title='bbox 1569 2620 1618 2656; x_wconf 85' lang='lat' dir='ltr'>ut</span> <span class='ocrx_word' id='word_1_262' title='bbox 1651 2608 1834 2656; x_wconf 78' lang='lat' dir='ltr'>nuberet</span> 
     </span>
     <span class='ocr_line' id='line_1_33' title="bbox 358 2682 1833 2751; baseline 0.002 -23"><span class='ocrx_word' id='word_1_263' title='bbox 358 2682 549 2746; x_wconf 87' lang='lat' dir='ltr'>Sophiae</span> <span class='ocrx_word' id='word_1_264' title='bbox 588 2700 696 2730; x_wconf 87' lang='lat' dir='ltr'>suae</span> <span class='ocrx_word' id='word_1_265' title='bbox 730 2701 784 2730; x_wconf 87' lang='lat' dir='ltr'>ex</span> <span class='ocrx_word' id='word_1_266' title='bbox 822 2684 955 2731; x_wconf 86' lang='lat' dir='ltr'>fratre</span> <span class='ocrx_word' id='word_1_267' title='bbox 993 2686 1138 2749; x_wconf 82' lang='lat' dir='ltr'>nepti3</span> <span class='ocrx_word' id='word_1_268' title='bbox 1177 2695 1330 2751; x_wconf 89' lang='lat' dir='ltr'>postea</span> <span class='ocrx_word' id='word_1_269' title='bbox 1374 2697 1519 2733; x_wconf 89' lang='lat' dir='ltr'>tamen</span> <span class='ocrx_word' id='word_1_270' title='bbox 1553 2684 1833 2748; x_wconf 84' lang='lat' dir='ltr'>gravioribus</span> 
     </span>
    </p>
   </div>
   <div class='ocr_carea' id='block_1_3' title="bbox 447 2805 1318 2899">
    <p class='ocr_par' dir='ltr' id='par_1_3' title="bbox 447 2805 1318 2899">
     <span class='ocr_line' id='line_1_34' title="bbox 449 2805 1318 2849; baseline 0.006 -13"><span class='ocrx_word' id='word_1_271' title='bbox 449 2806 514 2843; x_wconf 85' lang='grc'>(79)</span> <span class='ocrx_word' id='word_1_272' title='bbox 537 2805 629 2846; x_wconf 72' lang='lat' dir='ltr'>Apud</span> <span class='ocrx_word' id='word_1_273' title='bbox 648 2806 791 2838; x_wconf 80' lang='lat' dir='ltr'>Mai-tene</span> <span class='ocrx_word' id='word_1_274' title='bbox 816 2807 978 2839; x_wconf 75' lang='lat' dir='ltr'>Aneccloc.</span> <span class='ocrx_word' id='word_1_275' title='bbox 999 2809 1077 2839; x_wconf 77' lang='lat' dir='ltr'>toni.</span> <span class='ocrx_word' id='word_1_276' title='bbox 1095 2810 1136 2840; x_wconf 85' lang='lat'>11.</span> <span class='ocrx_word' id='word_1_277' title='bbox 1156 2818 1227 2849; x_wconf 79' lang='lat' dir='ltr'>pag.</span> <span class='ocrx_word' id='word_1_278' title='bbox 1249 2814 1318 2841; x_wconf 78' lang='lat'><strong>303.</strong></span> 
     </span>
     <span class='ocr_line' id='line_1_35' title="bbox 447 2857 807 2899; baseline 0.006 -11"><span class='ocrx_word' id='word_1_279' title='bbox 447 2858 514 2898; x_wconf 85' lang='lat'><strong>(80)</strong></span> <span class='ocrx_word' id='word_1_280' title='bbox 536 2857 618 2889; x_wconf 88' lang='lat' dir='ltr'>lbid.</span> <span class='ocrx_word' id='word_1_281' title='bbox 643 2867 715 2899; x_wconf 78' lang='lat' dir='ltr'>pag.</span> <span class='ocrx_word' id='word_1_282' title='bbox 737 2862 807 2891; x_wconf 82' lang='lat'>537.</span> 
     </span>
    </p>
   </div>
  </div>
 </body>
</html>
