1980 3260
341 215 430 265 224
643 229 723 262 ιιιι.
753 229 798 262 ιι.
827 229 940 262 εισι.
970 230 1000 261 ι.
1028 228 1081 260 nn
1106 228 1269 261 rorrsr.
1299 228 1464 262 nectus,

339 309 523 358 destinis
551 307 842 355 matrimoniis
872 308 918 353 in
951 307 1072 353 illius
1103 307 1229 370 reqm'
1248 306 1470 369 parochiis
1484 310 1805 374 promulgatam

337 396 377 432 et
417 385 752 450 constantissime
796 383 1142 431 observatam.»
1178 382 1288 429 Item
1323 382 1371 428 in
1404 382 1516 428 Inst.
1562 384 1619 430 ad
1659 386 1798 450 episc.

337 461 634 508 lucionensem
665 460 741 506 28.
765 459 867 506 Maii
905 447 1045 505 1793.
1081 459 1304 506 «Frustra
1337 458 1646 528 quaestionem
1673 461 1804 510 modo

337 537 500 584 moveri
530 574 540 593 ,
584 553 683 583 cum
723 535 949 582 tridentini
983 534 1159 583 concilii
1193 535 1418 582 decretum
1454 534 1770 600 publicatum'
1749 547 1805 584 ἰἰι

338 612 527 675 singulis
553 611 792 658 Galliarum
816 611 1018 659 ecclesiis
1043 611 1190 658 fuerit.
1215 610 1324 657 Cum
1354 610 1472 658 enim
1499 620 1618 659 certo
1640 611 1807 661 certius

336 696 505 755 constet
534 686 580 732 in
607 676 806 734 ecclesiis
838 686 1076 734 Galliarum
1112 687 1200 734 iam
1232 703 1320 733 usu
1356 688 1582 751 receptum
1604 697 1734 745 esse,
1759 697 1809 736 ut

336 753 615 810 matrimonia
650 755 925 810 celebrentur
957 779 1106 810 coram
1141 761 1334 832 parocho
1370 772 1414 809 et
1445 761 1619 810 duobus
1641 761 1713 810 vel
1735 762 1808 809 tri·

335 837 421 886 bus
465 838 652 908 testibus
696 830 923 904 tamquam
956 838 1004 885 in
1038 838 1377 903 exequutionem
1422 838 1585 886 decreti
1630 838 1807 887 concilii

335 914 588 972 tridentini,
624 915 710 962 hoc
742 915 938 981 profecto
967 915 1075 963 satis
1111 914 1243 962 debet
1270 931 1395 971 esse,
1423 924 1473 961 ut
1500 907 1809 986 praesumatur

336 991 452 1039 facta
484 980 684 1040 eiusdem
720 992 883 1040 decreti
916 981 1182 1058 publicatio,
1228 992 1344 1038 sicut
1377 1001 1527 1056 aperte
1561 983 1746 1055 legitur
1759 992 1807 1039 in

337 1067 606 1116 resolutione
638 1068 758 1116 edita
791 1086 819 1116 a
850 1069 895 1114 S.
919 1068 978 1115 C.
998 1067 1173 1116 concilii
1201 1067 1275 1114 die
1299 1068 1376 1113 29.
1400 1067 1520 1131 Sept.
1541 1084 1614 1115 an.-
1638 1060 1803 1140 1602„

336 1160 453 1209 quae
481 1143 666 1191 refertur
683 1143 761 1191 lib.
779 1132 856 1191 10.
867 1144 987 1191 decr.
1003 1161 1106 1208 pag.
1129 1144 1203 1190 47.
1225 1142 1570 1194 Publicationem
1586 1135 1812 1207 praesumi

336 1219 416 1265 ubi
436 1219 649 1266 decretum
671 1221 805 1285 fuerit
830 1221 975 1284 aliquo
996 1229 1176 1283 tempore
1199 1220 1246 1266 in
1263 1219 1476 1283 parochia
1500 1213 1809 1284 tamquamde-

332 1305 500 1342 cretum
532 1296 706 1342 concilii
742 1296 1024 1343 observatum.
1062 1295 1275 1360 Idemque
1315 1303 1528 1343 statutum
1567 1290 1773 1360 legitur
1760 1313 1807 1370 ιιι

338 1370 428 1418 alia
456 1370 723 1418 resolutione
753 1371 826 1418 die
861 1373 936 1417 30.
970 1370 1114 1418 Martii
1147 1372 1285 1418 1669.
1296 1390 1319 1417 >2
1711 1384 1715 1388 ·
1780 1385 1784 1390 ’

431 1446 551 1493 Haec
585 1445 686 1510 ipsa
715 1463 837 1494 vero·
850 1447 995 1510 magis
1030 1439 1205 1518 evoluta
1238 1456 1343 1494 sunt
1378 1447 1426 1494 in
1444 1441 1806 1496 resolutionibus

328 1520 569 1569 *dubiorum
595 1521 956 1592 particularium,
987 1539 1103 1588 quae
1128 1523 1358 1588 proposita
1381 1533 1486 1571 sunt
1509 1540 1601 1571 sac.
1625 1518 1809 1587 congre-

334 1596 603 1660 gationihus.
634 1589 804 1646 Idcirco
826 1615 907 1647 nos
930 1615 1121 1663 paucas,
1156 1599 1418 1663 speciminis
1455 1600 1598 1663 gratia
1624 1595 1809 1647 subiici·-

333 1690 433 1741 mus
457 1690 509 1720 ex
534 1673 613 1730 iis,
641 1691 755 1743 quae
778 1674 908 1722 datae
941 1685 1046 1723 sunt
1068 1670 1148 1739 pro
1174 1674 1342 1723 Galliis.
1366 1676 1418 1721 In
1435 1675 1631 1723 dioecesi
1653 1674 1810 1723 Valen-

333 1738 419 1818 tiae
443 1749 519 1795 11.
543 1740 669 1796 Febr
692 1750 834 1797 1799.
852 1750 899 1797 in
925 1750 1120 1815 quodam
1148 1768 1263 1815 pago
1286 1750 1364 1798 uhi
1388 1750 1594 1799 catholici
1626 1748 1810 1800 numero

334 1841 486 1889 parum
520 1824 789 1873 excedebant
824 1826 1070 1874 haereticos
1094 1827 1316 1892 quaedam
1350 1827 1539 1876 Victoria
1564 1827 1719 1875 Ithien
1741 1844 1810 1875 ca—

335 1900 491 1947 tholica
525 1917 573 1949 se
606 1897 888 1949 matrimonio
922 1902 1066 1950 iunxit
1103 1920 1205 1950 cum
1238 1903 1429 1951 Antonio
1465 1902 1687 1950 Thibaud-
1704 1919 1810 1967 Ρω-

337 1985 512 2022 testante
531 2013 543 2031 ,
581 1987 651 2024 ast
683 1987 853 2025 tantum
886 1974 1107 2036 civiliter,
1146 1997 1242 2027 cum
1273 1976 1337 2026 ad-
1363 1976 1626 2044 supcriorem
1666 1980 1809 2044 leqiti-

334 2068 472 2107 mum,
499 2053 568 2099 vel
590 2054 727 2100 alium
747 2053 1008 2102 ‘sacerdotem
1025 2055 1080 2103 ab
1099 2057 1192 2120 ipso
1216 2051 1468 2120 deputatum
1490 2056 1620 2121 facile
1642 2056 1813 2103 recurri

328 2137 515 2198 poterat.
539 2127 645 2176 Orto
667 2147 770 2178 vero
793 2131 909 2179 inter
931 2131 1243 2180 contrahentes
1276 2129 1469 2180 dissidio
1484 2170 1494 2189 ‚
1532 2131 1722 2180 divortio
1744 2131 1808 2179 le-

335 2202 425 2266 gali
458 2203 515 2250 ab
549 2201 737 2253 invicem
773 2224 822 2254 se
856 2218 1119 2273 separarunt
1154 2210 1232 2256 26.
1260 2208 1448 2272 Augusti
1473 2209 1616 2256 1801.
1638 2207 1811 2258 Deinde

336 2273 563 2343 praedicta
595 2276 781 2329 Victoria
815 2300 887 2330 an.
918 2285 1060 2332 1804.
1091 2301 1255 2334 novum
1289 2284 1522 2333 attentavit
1551 2284 1809 2348 coniugium

334 2354 464 2403 civile
505 2349 606 2403 cum
639 2357 874 2407 Francisco
905 2360 1043 2409 Talon
1086 2361 1322 2410 catholico.
1362 2362 1594 2425 Factorum
1627 2376 1809 2410 suorum

333 2431 567 2496 poenitens
593 2448 791 2498 suaeque
815 2436 1114 2485 conscientiae
1139 2437 1396 2485 satisfacere
1419 2435 1803 2501 capiens‚‘petiit‚

332 2515 383 2554 ut
416 2506 584 2553 nullum
621 2507 916 2556 declararetur
957 2512 1149 2575 primum
1176 2510 1512 2560 'matrimonium
1547 2510 1668 2576 quod
1699 2526 1808 2558 con-

333 2591 523 2630 traxerat
559 2599 661 2630 cum
696 2582 900 2632 Thibaud
934 2587 1082 2636 adhuc
1114 2589 1161 2635 in
1193 2588 1310 2636 vivis
1344 2595 1526 2651 agente,
1563 2596 1610 2633 et
1641 2585 1709 2634 sic
1743 2585 1807 2633 le-

333 2658 486 2722 gitime
518 2659 726 2724 coniungi
762 2672 914 2725 posset
936 2680 1035 2710 cum
1060 2664 1213 2712 Talon.
1242 2665 1456 2729 Suprema
1479 2679 1517 2710 s.
1541 2661 1682 2710 officii
1700 2678 1806 2710 con-

330 2734 528 2798 gregatio
562 2735 672 2784 feria
704 2736 773 2783 lv.
809 2738 885 2785 23.
920 2739 1045 2787 Mart.
1087 2741 1228 2787 1808.
1270 2737 1554 2804 respondit.«
1576 2736 1806 2794 Quatenus

329 2819 502 2858 constet
536 2827 615 2876 per
647 2811 868 2876 legitimas
909 2813 1194 2878 probationes
1235 2813 1428 2879 primum
1469 2812 1802 2863 matrimonium
