1980 3260
282 270 370 315 484
547 285 627 316 Lm.
654 285 698 316 11.
724 285 835 317 secr.
861 284 1031 317 ALTERA.
1062 284 1114 316 »Β
1151 284 1315 317 rorssr.
1340 283 1481 317 civim.
1975 307 1980 336 ς

278 364 474 415 aedibus,
494 363 719 427 profanis,
757 363 835 428 qui
869 363 989 411 omni
1025 362 1254 411 hominum
1288 358 1439 426 generi
1475 361 1577 409 usui
1611 374 1740 422 sunt,

276 441 322 485 in
357 450 483 488 coetu
527 457 615 488 non
650 457 750 488 raro
782 439 1077 488 tumultuante
1093 478 1103 497 ,
1140 440 1313 488 iocante
1346 450 1430 487 etc.
1458 439 1574 487 Sane
1606 437 1761 507 multo>

275 515 420 579 aptius
454 515 721 581 reciperetur
754 510 1077 564 sacramentum
1111 515 1156 562 in
1189 514 1396 563 ecclesia.
1426 515 1471 561 2.
1493 514 1746 563 Existentia

272 593 557 638 sacramenti:
597 603 924 641 sacramentum
957 592 1115 641 existet
1156 592 1338 658 quidem
1355 630 1366 649 ‚
1408 591 1448 639 si
1487 592 1746 641 admittatur

273 667 582 716 contrahentes
606 685 707 717 esse
723 667 951 717 ministros
973 666 1093 732 (67),
1110 667 1191 716 sed
1215 685 1317 717 cum
1340 667 1620 717 incommodo
1642 684 1745 716 mox

270 744 485 809 exposito.
508 745 554 791 Si
579 756 727 794 autem
752 745 962 794 sacerdos
986 746 1045 794 sit
1066 745 1290 802 minister,
1317 744 1449 793 valde
1470 745 1746 811 periclitatur

271 820 505 869 existentia
537 821 637 872 illa:
669 823 831 871 etenim
865 822 1047 889 quando
1078 822 1210 871 datur
1240 822 1491 871 benedictio
1507 859 1519 880 ,
1546 821 1744 870 nondum

271 897 421 945 existit
446 899 632 946 materia
652 937 663 956 ,
691 899 780 947 imo
804 900 900 948 fleri
925 909 1069 966 potest
1090 909 1141 947 ut
1163 916 1407 965 numquam
1430 898 1613 956 existat;
1639 913 1746 963 ergo

270 966 468 1020 nondum
510 974 661 1023 existit
704 971 1046 1024 sacramentum.
1085 974 1276 1032 Quando
1307 973 1490 1039 ponitur
1521 972 1707 1022 materia
1727 1010 1740 1032 ,

269 1048 359 1096 iam
394 1067 482 1098 non
516 1051 644 1101 adest
676 1052 817 1101 forma
844 1071 855 1100 :
892 1069 993 1101 cum
1026 1069 1131 1116 ergo
1164 1051 1211 1099 in
1246 1059 1525 1100 sacramento
1557 1049 1744 1099 materia

268 1134 311 1172 et
344 1124 484 1175 forma
517 1129 759 1177 coexistere
794 1128 1017 1186 debeant,
1053 1127 1186 1177 valde
1224 1125 1383 1176 saltem
1416 1124 1605 1174 dubium
1637 1135 1708 1175 est
1728 1162 1740 1183 ,

267 1217 323 1248 an
359 1201 432 1249 hic
467 1203 586 1252 adsit
620 1217 944 1255 sacramentum
966 1208 1119 1270 (68).»

362 1278 541 1343 Colligit
577 1283 621 1329 3.
649 1300 739 1330 non
771 1300 905 1348 posse
938 1282 1212 1331 sacerdotem
1240 1279 1522 1330 matrimonio
1555 1279 1744 1328 coniun-

264 1371 369 1417 gere
391 1350 582 1422 sponsos
606 1359 728 1407 civili
752 1360 1071 1425 impedimento
1093 1350 1572 1424 irretitos,'anteqnam
1595 1356 1744 1407 subla·

266 1440 358 1478 tum
392 1432 525 1482 fuerit
551 1435 946 1501 impedimentum'‚
974 1455 1028 1488 eo
1050 1438 1171 1505 quod
1195 1437 1283 1487 tale
1316 1434 1647 1484 matrimonium
1668 1451 1742 1483 es-

263 1518 332 1555 set
363 1510 565 1567 irritum,
593 1525 642 1562 ut
676 1515 777 1579 ipse
809 1515 1027 1582 loquitur,
1065 1533 1122 1563 ex
1153 1515 1313 1562 nostris
1338 1513 1589 1579 principiis.
1618 1511 1741 1569 Qua·

262 1596 444 1650 propter
470 1589 511 1637 si
537 1607 667 1639 secus
691 1603 868 1657 ageret,
895 1592 1107 1642 sacerdos
1141 1602 1262 1640 tutus
1295 1589 1419 1638 haud
1453 1607 1555 1639 esse
1580 1600 1744 1660 posset

261 1660 307 1707 in
340 1667 628 1716 conscientia.
666 1670 784 1726 Quin
813 1671 971 1727 etiam,
1005 1671 1045 1719 si
1073 1688 1226 1719 secum
1254 1667 1494 1717 cohaerere
1524 1665 1633 1716 velit
1661 1665 1740 1716 hio

260 1750 440 1799 auctor,
478 1744 685 1804 deberet,
724 1747 903 1797 sublato
935 1747 1256 1813 impedimento
1288 1744 1439 1802 civili,
1468 1744 1628 1794 saltem
1650 1742 1739 1793 sub

259 1818 512 1870 conditione
544 1823 704 1873 iterare
737 1825 1092 1874 coniunctionem
1115 1825 1163 1872 in
1185 1823 1301 1872 facie
1322 1822 1555 1872 ecclesiae.
1577 1822 1738 1872 Verum

258 1909 371 1957 opus
406 1915 494 1946 non
528 1910 597 1948 est
630 1900 914 1959 inductione,
952 1919 1055 1950 cum
1097 1902 1288 1966 ipsemet
1319 1900 1368 1948 id
1403 1910 1555 1965 aperte
1592 1899 1737 1965 decla-

259 1981 338 2018 ret.
371 1974 481 2022 Nam
514 1994 616 2024 cum
649 1978 737 2026 sibi
773 1978 1057 2045 proposuerit
1099 1977 1321 2027 dubium:
1354 1996 1378 2023 α
1400 1976 1557 2025 Utrum
1590 1976 1736 2041 possit

256 2050 462 2099 sacerdos
485 2054 779 2103 ministerium
798 2073 930 2103 suum
948 2055 1163 2121 praebere
1184 2053 1469 2103 matrimonio
1491 2053 1565 2101 cui
1587 2051 1735 2101 obsta-

255 2123 332 2173 bat
359 2128 578 2191 quaedam
610 2130 791 2180 nullitas
822 2131 993 2188 civilis,
1021 2130 1103 2180 sed
1136 2147 1252 2196 quae
1284 2130 1375 2178 iam
1409 2127 1600 2178 civiliter
1630 2146 1734 2195 pur·

254 2212 357 2266 gata
389 2203 487 2251 suit.
509 2224 531 2250 »
564 2206 846 2272 Respondet:
877 2207 1041 2256 «Ratio
1075 2206 1311 2256 dubitandi
1344 2205 1452 2255 oriri
1485 2215 1632 2272 potest
1661 2204 1733 2255 vel

255 2279 313 2328 ex'
343 2297 397 2328 eo
429 2282 550 2346 quod
584 2282 653 2330 lex
686 2284 834 2335 civilis
852 2323 863 2343 ,
902 2295 1090 2352 purgata
1123 2283 1346 2341 nullitate,
1373 2281 1463 2332 non
1486 2282 1733 2348 praecipiat

253 2357 456 2405 renovari
489 2375 757 2407 consensum
775 2398 787 2418 ,
819 2361 898 2428 qui
931 2362 1057 2427 prius
1085 2360 1171 2410 fuit
1198 2359 1448 2418 invalidus;
1485 2358 1557 2408 vel
1588 2376 1644 2408 ex
1675 2376 1731 2409 eo

252 2432 374 2497 quod
409 2450 499 2482 non
531 2434 644 2485 satis
676 2447 846 2486 constet
877 2437 934 2486 de
968 2448 1126 2487 natura
1159 2436 1419 2487 huiusmodi
1451 2434 1723 2486 nullitatum.
1758 2439 1760 2443 ’

345 2580 412 2620 (67)
433 2581 505 2614 Non
524 2581 622 2615 video
642 2581 705 2615 hoe
729 2582 822 2624 sequi
848 2592 887 2615 ex
913 2583 1072 2617 sententia
1085 2584 1128 2617 de
1147 2583 1416 2618 contrahentibus
1437 2582 1597 2616 ministris
1622 2590 1729 2616 sacra·

251 2632 352 2664 menti
380 2633 599 2675 matrimonii,
626 2643 702 2667 cum
729 2643 769 2668 ex
794 2635 865 2676 lege
884 2635 1080 2677 tridentina,
1109 2636 1168 2671 ubi
1196 2645 1235 2670 ea
1263 2637 1428 2678 publicata
1447 2636 1521 2676 est,
1542 2634 1727 2676 requiratur

215 2683 228 2721 ὲ
249 2685 414 2724 praeterea
426 2687 608 2727 praesentia
622 2686 756 2728 parochi
769 2686 811 2719 ad
825 2687 971 2719 valorem
983 2688 1177 2722 sacramenti
1189 2713 1200 2728 ,
1215 2689 1314 2730 prout
1327 2689 1434 2730 reipsa
1445 2687 1480 2720 in
1493 2686 1611 2720 Galliis
1621 2686 1729 2721 decre·

246 2737 318 2769 tum
339 2737 552 2771 tridentinum
568 2739 630 2772 fuit
642 2739 857 2781 publicatum.
874 2741 963 2772 Haec
985 2740 1134 2773 doctrina
1154 2742 1205 2774 cst
1225 2749 1359 2783 prorsus
1378 2747 1528 2773 erronea.
1965 2751 1975 2774 z

343 2789 410 2830 (68)
430 2791 480 2823 lta
500 2791 620 2824 Baston
644 2791 759 2825 Theol.
776 2792 977 2833 Rothmaq.
992 2801 1064 2834 pag.
1082 2796 1154 2826 557.
1167 2793 1256 2835 apud
1274 2792 1422 2827 can-iens
1442 2792 1466 2825 1.
1483 2801 1513 2825 c.
1530 2794 1720 2826 n.1082.Ex
1956 2786 1975 2811 3²¹

250 2841 311 2872 hac
325 2850 423 2882 porro
437 2843 637 2883 expositione
659 2844 748 2885 patet
768 2853 835 2887 quo
855 2844 954 2878 ducat
973 2844 1131 2878 sententia
1150 2845 1192 2878 de
1211 2845 1379 2878 contractu
1407 2844 1498 2879 civili
1513 2845 1563 2878 uti
1584 2844 1721 2878 materia

249 2894 442 2927 sacramenti
463 2895 673 2928 matrimonii.
