1980 3260
264 238 323 282 14
583 247 662 280 Lm.
692 245 737 276 11.
769 242 882 275 seer.
911 243 939 273 1.
967 241 1021 272 m:
1045 239 1211 272 rorssr.
1241 240 1409 274 scenas.

262 346 308 375 re
340 327 428 374 duo
461 325 570 371 haec
607 338 743 369 unum
779 320 984 382 idemque
1011 326 1115 364 sunt
1144 318 1261 379 (10);
1284 327 1361 363 aut
1389 318 1510 366 iuxta
1535 323 1723 370 nonnul-

262 403 403 452 lorum
436 396 696 447 sententiam
729 403 978 443 contractus
1007 391 1224 457 nuptialis
1251 409 1355 457 pars
1379 402 1448 439 est
1470 397 1723 445 essentialis

263 493 314 525 ac
335 473 516 522 materia
540 471 740 536 proxima
761 488 815 518 cx
839 486 923 533 qua
948 468 997 514 fit
1020 476 1370 524 sacramentum,
1392 468 1469 532 qui
1494 485 1548 515 ex
1570 470 1724 519 divina

262 549 554 615 dispositione
583 546 797 594 ecclesiae
830 543 1030 607 regimini
1069 542 1259 590 traditus
1286 553 1356 590 est
1380 542 1427 589 in
1456 562 1589 608 quem
1620 544 1724 613 ipsa

263 627 438 692 plenam
466 638 804 689 supremamque
832 629 1033 668 exerceat
1055 626 1332 683 potestatem.
1367 619 1418 664 In
1443 635 1726 686 quacumque

263 701 526 767 hypothesi,
560 707 635 745 aut
667 698 852 760 ipsemet
886 704 1134 742 contractus
1168 703 1236 741 est
1279 705 1604 744 sacramentum
1627 734 1638 754 ,
1675 707 1726 745 ut

264 793 381 825 nunc
413 784 528 821 certo
558 781 675 820 tenet
704 788 811 819 vera
843 769 1090 825 sententia,
1126 779 1182 816 etv
1202 767 1374 815 nullum
1402 768 1588 817 dubium
1615 772 1725 836 quin

263 850 407 900 subsit
433 847 647 898 ecclesiae
672 846 898 911 potestati,
926 855 976 892 ut
996 855 1167 892 constat
1188 861 1241 891 ex
1265 844 1420 902 dictis;
1451 856 1528 893 aut
1544 856 1614 894 est
1629 863 1724 895 ma-

264 926 373 975 teria
396 924 594 990 proxima
610 932 653 976 et
669 920 920 970 essentialis
950 920 1238 976 sacramenti,
1264 930 1308 968 et
1329 920 1488 968 iterum
1521 931 1643 986 patet
1664 923 1724 970 ab

264 1003 364 1067 ip'so
402 1009 675 1055 sacramento
716 1015 816 1045 esse
849 996 1190 1061 inseparabilem
1212 1033 1222 1053 ‚
1269 996 1470 1062 adeoque
1510 995 1726 1046 ecclesiae

265 1076 469 1141 potestati
503 1075 704 1123 subesse.

292 1166 297 1205 ζ
337 1182 340 1184 ,
361 1153 513 1216 Neque
540 1150 672 1198 realis
696 1149 801 1214 poni
825 1158 969 1213 potest
991 1148 1213 1196 distinctio
1237 1148 1372 1196 relate
1395 1148 1452 1195 ad
1476 1165 1693 1213 personas
1704 1180 1718 1206 -‚

267 1246 383 1294 quae
407 1228 465 1277 ad
489 1226 836 1276 contrahendum
858 1224 1136 1273 conveniunt.
1161 1224 1335 1271 Etenim
1357 1223 1462 1273 licet
1488 1234 1725 1290 antequam

269 1314 538 1356 contractum
560 1303 724 1351 faciant
746 1301 933 1366 spectari
958 1300 1147 1348 debeant
1161 1300 1225 1347 uti
1245 1300 1389 1358 cives,
1416 1317 1470 1348 ac
1492 1311 1727 1366 propterea

267 1379 473 1444 politicae
495 1378 671 1427 subsint
700 1377 928 1442 potestati,
961 1393 1063 1424 cum
1085 1386 1231 1424 tamen
1265 1386 1364 1424 actu
1390 1377 1551 1425 >ineunt
1575 1377 1727 1425 coniu-

267 1455 403 1518 gium·
421 1472 500 1518 per
531 1463 732 1502 mutuum
771 1469 1036 1501 consensum
1059 1490 1069 1509 ,
1113 1469 1193 1500 seu
1227 1452 1427 1500 efficiunt
1456 1462 1727 1501 contractum

265 1530 521 1595 nuptialem,
534 1530 612 1578 uni
630 1529 879 1583 subduntur
894 1527 1124 1585 ecclesiae,
1142 1545 1279 1593 quum
1292 1545 1344 1577 eo
1362 1528 1408 1575 in
1427 1538 1528 1576 actu
1543 1528 1726 1576 eaedem

266 1622 501 1669 personae,
529 1615 605 1652 aut
631 1605 780 1669 ipsum
803 1603 997 1651 efficiant
1025 1614 1348 1652 sacramentum
1371 1620 1451 1668 per
1474 1603 1599 1651 illum
1622 1619 1729 1652 eun-

265 1680 456 1745 demque
489 1690 634 1728 actum
667 1697 755 1744 quo
789 1679 1053 1727 contrahunt
1073 1718 1083 1736 ,
1119 1691 1196 1728 aut
1229 1697 1307 1745 per
1339 1690 1612 1728 contractum
1647 1697 1727 1745 po—

265 1766 372 1806 nant
398 1757 626 1804 materiam
663 1756 907 1821 proximam
937 1757 1229 1813 sacramenti,
1269 1757 1387 1821 quod
1411 1757 1468 1804 ad
1491 1756 1726 1804 ecclesiam

265 1832 394 1882 unice
425 1831 629 1896 pertinet.
659 1832 726 1878 Ad
750 1849 850 1879 eum
874 1849 1032 1895 nempe
1065 1832 1245 1879 modum
1279 1849 1368 1897 quo
1401 1849 1546 1897 aqua,
1575 1833 1721 1897 panis,

265 1907 417 1955 vinum
439 1924 491 1955 ac
514 1925 583 1954 res
606 1917 776 1954 ceterae
798 1924 913 1971 quae
936 1908 1226 1955 sacramentis
1259 1905 1548 1956 conficiendis
1584 1908 1726 1955 inser-

267 1983 415 2038 viunt,
442 1982 654 2046 quamdiu
681 1999 767 2030 non
800 1993 906 2030 sunt
938 1982 1026 2030 nisi
1061 1983 1244 2031 materia
1277 1994 1444 2031 remota
1476 1998 1727 2031 sacramen—

268 2067 428 2114 torum,
458 2057 665 2121 profanae
694 2075 763 2105 res
799 2068 923 2115 sunt,
961 2068 1094 2123 atque
1126 2058 1355 2106 hominum
1385 2075 1519 2107 curae
1543 2059 1727 2124 permis-

266 2151 365 2181 sae:
394 2150 493 2181 cum
521 2149 623 2181 vero
646 2151 699 2180 ex
722 2133 808 2180 illis
833 2145 1110 2186 sacramenta
1131 2135 1427 2184 conficiuntur
1442 2174 1452 2192 ,
1483 2151 1564 2183 seu
1588 2150 1726 2199 quum

266 2209 500 2259 accedente
531 2209 673 2256 forma
699 2210 925 2257 materiam
955 2210 1200 2275 proximam
1225 2221 1599 2259 sacramentorum
1621 2228 1727 2258 con—

267 2286 456 2333 stituunt
472 2323 483 2342 ,
513 2302 667 2332 sacrae
690 2303 760 2332 res
785 2297 887 2333 sunt
908 2287 964 2333 ad
988 2287 1129 2335 solam
1165 2289 1434 2353 pertinentes
1463 2286 1721 2343 ecclesiam;

266 2360 334 2408 sic
365 2360 672 2408 contrahentes
706 2378 786 2424 per
818 2371 961 2408 actum
995 2379 1084 2427 quo
1119 2381 1168 2410 se
1199 2363 1405 2426 coniugio
1438 2358 1650 2425 copulant
1674 2378 1726 2408 ac

266 2436 351 2483 sibi
368 2435 567 2484 ‘invicem
591 2436 902 2484 administrant
930 2449 1250 2486 sacramentum
1265 2476 1275 2496 ,
1296 2436 1392 2486 >sub
1416 2437 1630 2500 regimine
1652 2452 1725 2485 so-

266 2511 353 2559 lius
379 2511 591 2560 ecclesiae
606 2549 616 2569 ‚
650 2522 867 2576 quatenus
891 2513 1196 2562 contrahentes
1220 2510 1347 2570 sunt,
1375 2513 1718 2560 constituuntur.

360 2585 488 2634 Nullo
515 2586 679 2635 idcirco
702 2588 915 2635 existente
940 2588 1034 2636 sive
1064 2589 1326 2646 intrinseco,
1354 2588 1451 2636 sive
1477 2588 1724 2636 extrinseco

267 2660 522 2710 discrimine
555 2662 670 2711 inter
701 2673 845 2711 cetera
876 2674 1147 2713 sacramenta
1179 2674 1223 2712 et
1251 2674 1574 2712 sacramentum
1606 2662 1723 2710 chri-

267 2735 398 2785 stiani
428 2737 660 2794 connubii,
687 2738 808 2786 unde
842 2739 930 2803 peti
966 2742 1105 2805 possit
1136 2750 1217 2789 aut
1241 2739 1402 2788 debeat
1424 2738 1628 2787 diversus
1651 2753 1723 2785 ec—

363 2837 432 2877 (io)
449 2837 524 2888 vid..
541 2819 597 2870 uh.
614 2840 638 2870 1.
655 2839 730 2871 sect.
746 2841 771 2870 1.
788 2848 858 2880 cap.
887 2843 912 2872 ι.
933 2840 992 2871 art.
1012 2845 1035 2872 1.
