1980 3260
264 252 355 283 cir.
372 251 433 282 111.
451 251 502 282 nn
520 249 637 282 nect.
657 248 748 281 ror.
768 248 872 281 nisi».
892 248 935 280 m
955 247 1185 280 memmi.
1204 248 1290 280 mn.
1316 249 1410 281 ΛΒΤ.
1428 250 1483 281 1v.
1558 235 1649 280 155

165 330 247 378 sed
278 330 518 395 requiritur
541 329 673 376 etiam
699 327 979 392 dispensatio
1004 326 1219 391 principis
1237 365 1247 383 ,
1288 327 1478 375 ecclesia
1501 329 1620 376 enim
1636 367 1646 386 ,

165 407 318 464 aiunt,
358 425 445 455 non
476 417 622 471 potest
650 405 969 470 impedimento
1005 403 1202 451 adimere
1224 404 1314 451 vim
1347 423 1482 470 quam
1517 405 1652 454 habet

166 502 193 531 a
226 484 323 547 lege
357 483 605 548 principis;
644 481 796 538 unde,
836 498 924 528 non
959 479 1137 528 obtenta
1171 480 1397 545 principis
1418 481 1650 546 dispensa-

167 561 313 618 tione,
359 560 557 607 validum
589 577 673 606 non
708 568 815 606 esset
847 558 1169 605 matrimonium
1212 559 1342 604 etiam
1375 559 1422 604 in
1456 559 1549 623 foro
1583 577 1649 606 ec-

164 638 346 692 clesiae,
380 653 498 700 quae
532 653 623 683 non
659 645 805 699 potest
828 652 908 699 pro
930 633 1081 682 valido
1116 634 1282 682 habere
1316 635 1646 682 matrimonium

163 716 212 762 in
243 732 287 761 se
322 713 497 760 irritum
537 713 687 774 (142).
710 731 732 756 »
765 713 913 774 Longe
946 712 1065 759 enim
1102 729 1181 759 nos
1219 712 1277 759 ab
1311 712 1396 760 hac
1430 712 1645 761 absumus

163 789 393 845 doctrina,
433 787 512 835 sed
547 787 647 834 ideo
676 787 787 834 haec
811 787 1209 835 animadvertimus
1243 799 1292 835 ut
1325 789 1497 836 collisio
1531 807 1646 854 quae

162 864 454 913 intercederet
482 881 582 911 cum
606 863 781 926 legibus
811 862 1018 911 civilibus
1054 863 1202 928 quoad
1226 863 1323 911 eius
1349 864 1445 910 fieri
1470 875 1640 928 potest,

160 942 349 990 evitetur
370 979 380 998 ,
419 958 471 989 ac
505 958 560 988 ne
594 939 724 987 nobis
759 939 1005 987 adversarii
1037 950 1355 997 succenseant,
1388 941 1571 1005 perinde
1595 960 1646 990 ac

161 1018 200 1066 si
228 1017 411 1066 moralis
436 1017 546 1081 legis
575 1016 720 1081 magis
745 1016 925 1064 solliciti
951 1016 1117 1064 fuerint
1141 1017 1311 1082 politici
1336 1018 1642 1081 magistratus,

160 1112 295 1160 quam
321 1113 431 1143 rom.
455 1094 720 1159 pontifices,
752 1094 830 1159 qui
866 1104 1014 1141 tamen
1050 1105 1126 1142 aut
1160 1094 1416 1143 nullatenus
1452 1095 1498 1141 in
1534 1112 1645 1143 non-

159 1172 296 1219 nullis
331 1171 547 1236 gradibus
572 1171 860 1236 dispensant,
888 1182 932 1219 et
955 1172 993 1219 si
1019 1171 1063 1218 in
1089 1171 1190 1219 aliis
1216 1172 1439 1220 interdum
1475 1170 1646 1221 relaxa-

159 1259 288 1306 runt,
327 1248 506 1297 nonnisi
548 1248 814 1296 necessitate
847 1258 1056 1311 cogente,
1089 1248 1135 1296 id
1170 1248 1429 1296 effecerunt.

735 1400 953 1438 CAPUT
983 1401 1070 1436 lv.

253 1527 305 1558 DE
330 1526 553 1559 EGCLESIAE
579 1527 810 1559 POTESTATE
837 1526 1014 1558 SANANDI
1044 1525 1306 1558 MATRIMONIA
1331 1526 1374 1558 IN
1400 1525 1566 1558 RADICE.

742 1653 1022 1691 ARTICULUS
1050 1654 1079 1689 1.

289 1752 507 1790 sanationis
531 1751 776 1789 Matrimonii
804 1752 843 1789 in
873 1750 1015 1789 radice·
1033 1761 1125 1788 vera
1153 1751 1262 1788 notio
1291 1749 1507 1789 exhibetur.

250 1879 588 1944 Dispensationi
624 1879 680 1926 de
721 1896 810 1943 qua
853 1878 1071 1926 hactenus
1116 1878 1249 1926 locuti
1291 1895 1448 1925 sumus
1490 1877 1640 1926 affinis

153 1966 222 2003 est
247 1955 452 2012 sanatio,
482 1966 530 2002 ut
554 1955 643 2002 dici
670 1954 783 2002 solet
806 1954 1076 2002 matrimonii
1102 1953 1148 2000 in
1179 1953 1344 2001 radice.
1381 1954 1639 2002 Istiusmodi

154 2032 407 2080 sanationis
453 2032 634 2080 nomine
667 2032 789 2080 venit
823 2031 989 2078 ablatio
1033 2048 1113 2078 seu
1154 2031 1348 2078 remotio
1381 2030 1502 2079 illius
1542 2031 1639 2079 vitii

153 2119 252 2155 cum
290 2126 380 2173 quo
416 2109 578 2155 initum
615 2118 683 2155 est
718 2106 1070 2164 matrimonium,
1098 2117 1142 2153 et
1165 2124 1253 2171 quo
1286 2106 1451 2154 factum
1486 2116 1554 2154 est
1589 2118 1640 2154 ut

157 2182 267 2232 illud
288 2184 479 2245 >nullum
517 2184 784 2248 irritumque
820 2183 1102 2240 redderetur,
1132 2183 1334 2248 adeoque
1358 2182 1555 2247 ineptum
1581 2183 1638 2230 ad

153 2260 338 2309 effectus
363 2259 680 2325 producendos
705 2260 782 2324 qui
808 2277 861 2306 ex
884 2259 1081 2323 legitimo
1104 2248 1311 2323 coniugio
1331 2260 1628 2324 provenirent.

234 2338 375 2393 *Quae
409 2346 458 2383 ut
481 2336 616 2401 plana
640 2337 774 2394 fiant,
810 2337 1180 2401 praemittendum
1211 2347 1279 2385 est
1308 2327 1503 2401 coniugii
1535 2354 1635 2384 con-

152 2424 337 2460 tractum
372 2413 478 2462 oriri
514 2431 541 2460 a
576 2432 780 2461 consensu
814 2414 953 2462 libero
994 2415 1226 2480 utriusque
1266 2414 1571 2463 contrahentis
1608 2432 1633 2461 a

148 2506 239 2554 quo
272 2490 393 2538 velut
427 2507 453 2537 a
488 2507 572 2537 sua
607 2491 756 2539 radice
794 2502 1046 2540 contractus
1081 2510 1133 2540 ac
1169 2493 1356 2557 proinde
1399 2502 1441 2540 et
1485 2509 1633 2539 sacra-

149 2576 346 2613 mentum
381 2566 623 2614 enascitur.
654 2568 884 2633 Siquidem
921 2569 1018 2616 sine
1050 2586 1276 2618 consensu
1301 2569 1632 2616 matrimonium

148 2642 336 2706 perinde
370 2660 423 2691 ac
458 2644 608 2709 quivis
644 2644 760 2693 alius
804 2656 1056 2696 contractus
1100 2664 1183 2695 nec
1216 2657 1284 2695 est
1322 2635 1404 2694 ⁴nec
1442 2645 1630 2709 intelligi

244 2813 331 2855 (142)
354 2814 429 2847 Vid.
447 2816 595 2849 Carriere
614 2818 663 2849 De
681 2818 1022 2852 matrim.tom.11.n.
1036 2824 1127 2854 1062.
1144 2829 1163 2852 a
1178 2828 1244 2861 qua
1258 2820 1365 2851 tamen
1382 2816 1530 2850 doctrina
1546 2825 1632 2850 nunc

145 2865 188 2898 cl.
206 2867 338 2908 auctor,
357 2868 394 2901 ut
411 2869 563 2910 superius
583 2869 746 2910 vidimus,
763 2870 907 2903 recessit.
