1980 3260
325 223 380 266 36
594 233 670 263 Lm.
709 231 752 260 11.
786 228 898 260 sacr.
938 229 965 258 1.
1001 227 1050 257 nn
1082 225 1242 256 rorasr.
1281 225 1443 257 nectas.

321 329 433 377 quae
458 311 697 357 referuntur
730 305 786 352 ad
814 300 1073 352 sacramenti
1101 301 1372 348 sanctitatem
1392 338 1401 355 ‚
1442 318 1598 364 nempe
1627 303 1767 366 impe-

323 387 500 433 dientia.
530 384 592 429 Ad
617 383 731 428 hanc
755 381 994 428 doctrinam
1020 395 1147 441 porro
1179 375 1460 423 evolvendam
1492 392 1767 439 propugnari„

323 462 508 523 damque
542 459 585 504 in
621 456 866 504 subsidium
891 455 962 500 hic
994 464 1142 500 auctor
1175 451 1361 498 adscivit
1390 460 1645 513 argumenta
1669 450 1766 513 ipsa

323 535 481 599 quibus
513 550 620 580 usus
657 533 742 578 iam
777 532 915 577 fuerat
946 529 1163 576 Launoius
1203 530 1286 590 (9).
1345 534 1349 537 ’

419 610 530 656 Huic
553 607 717 672 pariter
740 605 958 670 principio
981 605 1036 651 de
1059 603 1343 651 distinctione
1366 603 1480 648 inter
1500 612 1768 649 contractum

324 685 492 733 civilem
519 683 742 747 praevium
762 693 892 746 atque
911 681 951 727 ei
977 680 1292 744 superveniens
1320 689 1639 726 sacramentum
1666 688 1771 724 tam-

324 778 455 824 quam
476 759 602 814 basi,
633 757 965 804 matrimonialis
999 756 1217 818 legislatio
1250 755 1472 801 austriaca
1505 753 1682 817 losephi
1707 754 1762 798 11.

325 836 472 880 innixa
496 844 609 890 erat,
632 851 719 897 qua
743 833 811 879 ius
837 849 964 879 omne
990 831 1034 877 in
1058 831 1311 893 coniugium
1335 830 1625 877 christianum
1650 829 1770 893 prin-

324 910 485 974 cipatui
520 908 848 956 adscribebatur
869 947 878 964 ,
918 925 967 954 ac
992 917 1219 971 propterea
1243 907 1312 953 ius
1339 905 1558 952 statuendi
1589 905 1770 969 impedi-

325 995 469 1031 menta
491 984 740 1031 dirimentia
763 1022 772 1039 ,
802 985 949 1047 itaque
973 983 1056 1029 hac
1080 983 1124 1028 in
1149 1000 1194 1029 re
1218 982 1508 1044 abrogabatur
1540 992 1672 1028 totum
1699 981 1769 1028 ius

323 1060 610 1116 canonicum,
648 1076 790 1123 neque
824 1059 1036 1105 ecclesiae
1069 1057 1188 1104 aliud
1222 1057 1544 1104 concedebatur
1578 1057 1663 1103 nisi
1698 1073 1769 1104 ce-

321 1135 505 1182 lebratio
539 1134 864 1181 sacramentalis
903 1135 1017 1195 (10).

420 1211 482 1256 Ex
517 1227 603 1274 quo
646 1221 838 1273 tempore
872 1227 983 1256 nova
1027 1209 1134 1255 haec
1162 1219 1291 1274 atque
1322 1209 1520 1256 eversiva
1552 1208 1770 1271 legislatio

324 1286 427 1332 data
460 1286 569 1342 fuit,
607 1303 763 1350 nempe
793 1303 864 1331 an.
895 1286 1032 1330 1783.
1063 1284 1261 1349 undique
1291 1285 1544 1331 canonistae
1568 1301 1771 1331 surrexe-

327 1371 426 1407 runt
459 1361 514 1407 ad
551 1361 822 1407 exclusivum
854 1360 1059 1424 politicae
1092 1360 1319 1424 potestatis
1352 1360 1422 1407 ius
1455 1359 1769 1407 adstruendum

325 1437 369 1482 in
388 1446 654 1482 contractum
671 1436 843 1482 civilem
862 1435 1053 1498 coniugii
1071 1436 1230 1500 ipsius,
1249 1447 1295 1483 ut
1311 1435 1622 1500 loquebantur,
1638 1435 1772 1499 impe·

325 1511 519 1557 dimenta
541 1510 815 1574 apponendi,
850 1527 1008 1557 causas
1032 1511 1376 1558 matrimoniales
1401 1511 1652 1567 iudicandi,
1680 1511 1773 1557 dis-

324 1586 574 1650 pensandi,
612 1585 785 1650 aliaque
820 1586 864 1632 id
898 1603 1036 1648 genus
1072 1587 1260 1650 plurima
1293 1586 1546 1650 peragendi.
1582 1586 1769 1642 Quidam

321 1661 440 1707 enim
476 1679 586 1725 pene
621 1661 804 1708 dixerim
838 1661 957 1709 furor
990 1663 1160 1710 animos
1185 1663 1509 1710 canonistarum
1533 1673 1575 1709 et
1604 1662 1772 1709 theolo-

321 1753 478 1799 gorum
511 1736 631 1783 illius
667 1737 821 1783 aetatis
857 1737 1113 1784 incesserat.
1154 1738 1271 1784 Inter
1297 1755 1372 1785 eos
1397 1749 1541 1784 autem
1575 1738 1772 1784 eminue-

320 1823 427 1859 -runt
453 1813 508 1858 Le
527 1811 619 1859 Plat
645 1812 690 1857 in
719 1812 866 1875 Belgio
887 1814 1010 1876 (11),
1040 1824 1082 1860 et
1109 1813 1266 1860 Petzek
1295 1814 1339 1859 in
1368 1813 1597 1876 Brisgovia
1618 1814 1734 1875 (12).

418 1974 462 2013 (9)
483 1974 628 2014 cumque
651 1974 765 2006 iterum
796 1973 995 2006 Oberhanser
1019 1973 1240 2014 expostulatus
1264 1974 1429 2005 haereseos
1460 1972 1590 2011 suisset,
1619 1971 1687 2012 ipse
1716 1980 1770 2003 no-

330 2033 406 2057 vum
430 2025 533 2056 edidit
556 2025 696 2056 libellum
721 2026 774 2057 cui
791 2026 927 2057 titulum
952 2025 1045 2057 fecit:
1074 2027 1188 2057 Causa
1203 2025 1319 2057 decisa
1344 2024 1538 2056 divisarum
1560 2025 1772 2065 potestatum

327 2079 363 2109 in
391 2077 519 2118 leqibus
548 2077 870 2110 matrimonialibus.
897 2078 1043 2109 Francos.
1073 2080 1104 2109 et
1131 2078 1257 2118 Lipsiae
1289 2080 1376 2110 1777.
1408 2079 1526 2109 lterum
1556 2077 1722 2109 lacessitus
1755 2085 1774 2108 a

322 2131 371 2161 M.
400 2132 437 2160 A.
461 2129 622 2160 Hochstad
647 2129 679 2160 in
704 2131 944 2170 Disquisitione
966 2133 1143 2162 canonica.
1177 2130 1359 2170 moguntiae
1390 2133 1478 2162 1780.
1506 2137 1634 2161 rursum
1660 2137 1694 2160 se
1719 2128 1772 2160 de-

320 2180 423 2213 fendit
444 2181 477 2212 in
498 2189 607 2221 opusc.
625 2181 786 2221 Paqellae
804 2182 964 2215 volantes
985 2183 1027 2215 de
1041 2192 1148 2215 causa
1161 2182 1282 2215 *decisa
1296 2191 1360 2223 pro
1373 2182 1489 2214 studio
1510 2183 1598 2214 iuris
1619 2182 1706 2222 reqii
1723 2182 1773 2213 in-

327 2234 413 2273 teqri
436 2232 657 2265 illustrando.
687 2234 831 2265 Francos.
854 2237 885 2266 et
899 2236 985 2276 Lips.
1011 2239 1099 2268 1782.
1304 2260 1309 2264 -
1575 2265 1577 2267 .

416 2284 480 2324 (10)
502 2286 548 2316 De
571 2286 643 2324 Moy
671 2286 721 2316 vir
739 2286 880 2325 apprime
907 2287 1082 2319 catholicus
1102 2296 1262 2327 quemque
1285 2287 1397 2319 merito
1417 2286 1549 2326 August.
1565 2284 1775 2326 Rosckovany

320 2337 432 2377 -magni
453 2337 530 2369 facit
548 2346 587 2369 ac
611 2337 722 2369 laudat
746 2338 779 2369 in
803 2347 855 2378 op.
878 2339 928 2370 cni
955 2340 1005 2371 tit.
1029 2340 1207 2380 germanice
1231 2340 1325 2371 fecit:
1356 2341 1405 2371 De
1430 2339 1651 2370 matrimonio
1674 2339 1708 2369 et
1734 2337 1776 2370 de

324 2392 420 2422 statu
444 2398 545 2431 quem
566 2390 695 2422 obtinet
722 2392 758 2422 tn
783 2394 979 2431 yermam'ca
1002 2393 1144 2424 ecclesia
1171 2393 1341 2425 catholica
1363 2394 1458 2424 circa
1487 2391 1548 2424 hoc
1570 2390 1774 2432 disciplinae

328 2443 436 2482 caput
446 2440 625 2473 Landshut.
650 2446 735 2474 1830.
758 2442 989 2482 legislationem
1011 2444 1280 2476 matrimonialem
1289 2443 1419 2484 ·Iosephi
1444 2445 1486 2475 11.
1502 2451 1520 2475 e
1541 2443 1658 2475 natura
1678 2443 1724 2475 rei
1744 2444 1777 2475 et

324 2494 491 2534 principiis
511 2493 723 2526 catholicismi
746 2495 858 2526 critico
879 2495 1017 2527 examini
1039 2496 1185 2528 subiecit.

413 2545 478 2586 (11)
498 2547 545 2578 De
560 2554 625 2586 quo
648 2546 821 2586 loquuntur
836 2548 1061 2587 Ephemerides
1077 2548 1264 2581 viennenses
1276 2548 1508 2581 ecclesiasticae
1526 2551 1614 2580 1785.
1631 2557 1663 2580 n.
1676 2550 1727 2580 44.

413 2597 478 2637 (12)
498 2598 535 2628 ln
549 2606 602 2638 op.
620 2599 666 2629 De
681 2600 848 2638 potestate
863 2599 1021 2631 ecclesiae
1033 2602 1067 2631 in
1084 2600 1276 2632 statuendis
1290 2600 1501 2632 matrimonii
1514 2599 1774 2641 impedimentis.

322 2649 384 2690 Ubi
406 2649 545 2681 affirmat
562 2649 738 2690 statuitque
760 2663 776 2678 «ι
788 2650 946 2682 Ecclesiae
966 2651 1014 2683 ius
1034 2651 1137 2683 solum
1159 2653 1284 2692 regulas
1299 2651 1455 2692 quasdam
1468 2650 1554 2682 circa
1573 2650 1775 2684 administra—

321 2702 441 2733 tionem
463 2703 652 2734 sacramenti
666 2703 864 2734 matrimonii
887 2704 1035 2744 rogandi,
1062 2713 1117 2736 seu
1139 2705 1187 2736 sic
1209 2704 1297 2737 dicta
1320 2703 1549 2744 impedimenta
1562 2703 1777 2744 impedientia

322 2752 536 2784 constituendi
559 2754 758 2795 cometem
783 2754 1011 2795 impedimenta
1037 2764 1113 2787 vero
1138 2755 1322 2788 dirimentia
1345 2756 1470 2787 tantum
1491 2763 1510 2787 a
1529 2755 1619 2788 civili
1639 2755 1776 2796 imperio

325 2804 399 2844 poni
417 2813 524 2846 posse,
542 2805 659 2847 quippe
679 2806 731 2837 cui
747 2807 840 2838 unice
855 2807 929 2839 insit
943 2808 1115 2839 auctoritas
1131 2808 1290 2848 quoslibet
1306 2809 1488 2839 contractus
1506 2808 1563 2840 aut
1577 2807 1777 2849 approbandi
