1980 3260
253 268 342 301 CAP.
358 270 402 302 11.
423 269 474 302 DE
494 270 630 302 ports.
650 271 785 304 rame.
805 270 885 302 rm.
902 269 985 304 CIR.
1003 270 1127 302 mun.
1146 269 1306 302 cnmsr.
1326 269 1418 302 Aur.
1439 269 1499 304 111.
1542 251 1628 301 411

164 346 374 395 Alfonsus
423 365 574 396 secum
617 348 906 413 dispensare,
956 366 1007 396 ac
1046 348 1287 411 legitimum
1329 348 1442 396 inire
1480 347 1635 395 coniu-

164 422 317 485 gium?
340 423 395 470 At
419 434 586 470 tantum
620 423 769 480 abest,
792 434 841 470 ut
859 422 903 470 id
922 423 1229 488 pertentaverit
1264 440 1338 470 rex
1374 422 1473 480 ille,
1501 433 1550 470 ut
1578 439 1635 470 ne

164 500 475 563 excogitaverit
508 500 705 564 quidem.
744 500 858 547 Hinc
891 500 988 547 eius
1022 500 1276 563 coniugium
1312 499 1502 564 populus
1538 500 1636 547 uni-

164 592 320 622 versus
340 575 553 640 regnique
571 592 774 640 proceres
795 587 1018 640 tamquam
1044 576 1259 623 incestum
1284 575 1486 623 detestati
1512 585 1630 632 sunt,

165 661 297 715 atque
333 651 530 708 irritum;
571 652 690 699 filius
731 652 835 699 inde
876 663 997 699 ortus
1032 663 1080 699 ut
1112 652 1365 715 illegitimus
1411 661 1642 716 spectatus-

166 736 299 791 atque
323 744 349 773 a
374 728 658 775 successione
697 728 928 785 detrusus,
957 746 1101 793 neque
1130 729 1243 775 inter
1266 727 1485 775 Castellae
1509 744 1642 791 reges>

163 820 190 849 a
223 802 514 867 scriptoribus
549 802 756 850 omnibus
787 803 908 850 illius
942 804 1099 851 aetatis
1134 813 1496 850 connumeratus.

237 879 413 925 -Verum
448 879 568 943 quod
606 879 748 942 magis
779 879 988 943 patefacit
1016 879 1072 926 ad
1106 879 1245 926 solam
1271 878 1528 934 ecclesiam,
1558 894 1635 924 seu

163 955 219 1003 ad
238 971 348 1003 rom.
366 955 599 1019 pontifices
624 966 848 1020 spectasse
873 955 956 1002 hoc
979 955 1202 1018 negotium
1221 965 1290 1002 est
1312 953 1471 1018 legatio
1495 952 1640 1000 missa,

162 1030 219 1078 ad
254 1030 512 1078 Paschalem
549 1030 829 1094 pontificem,
868 1030 945 1094 qui
978 1030 1082 1077 dato
1116 1029 1356 1095 diplomate
1379 1029 1435 1077 ad
1459 1045 1638 1094 compo-

163 1106 399 1155 stellanum
417 1107 676 1171 episcopum
695 1107 736 1153 ei
755 1106 802 1152 in
821 1106 1042 1153 mandatis
1060 1105 1208 1163 dedit,
1230 1115 1303 1163 ut,
1327 1123 1463 1154 causa
1486 1122 1644 1153 exous—f

164 1201 242 1240 sa,
263 1200 425 1246 ¹regem
459 1182 742 1247 compelleret
776 1182 832 1229 ad
867 1182 1143 1245 illegitimam
1186 1199 1367 1229 uxorem
1410 1181 1638 1229 dimitten-

165 1261 307 1316 dam,
359 1271 434 1306 aut
479 1259 932 1307 excommunicatione
978 1258 1216 1323 plecteret,
1261 1259 1299 1306 si
1338 1259 1645 1323 obtemperare

166 1337 468 1384 detrectasset.
506 1336 678 1383 Exinde
712 1336 802 1382 irae
833 1335 1210 1400 vexationesque,
1250 1344 1298 1382 ut
1331 1335 1388 1382 ab
1416 1334 1637 1382 eiusmodi

165 1412 422 1460 hominibus
458 1412 553 1460 fieri
588 1412 818 1460 consuevit
844 1412 889 1458 in
920 1428 1145 1459 sacrorum
1180 1411 1438 1476 praesules,
1476 1410 1639 1475 depor-

165 1489 379 1546 tationes,
419 1488 552 1536 exilia
585 1506 636 1535 ex
674 1488 790 1551 regis
832 1488 931 1544 ira,
976 1488 1117 1535 donec
1151 1488 1361 1543 tandem,
1401 1497 1450 1534 ut
1488 1497 1643 1551 postea

165 1565 296 1613 refert
315 1565 430 1613 idem
448 1565 687 1612 historicus
701 1603 710 1621 ,
734 1565 989 1628 coniugium
1008 1565 1184 1629 penitus
1204 1564 1469 1612 dissolutum
1487 1563 1633 1610 fuerit.

260 1642 315 1688 Ut
341 1641 478 1704 igitur
510 1641 665 1706 paucis
702 1659 802 1700 rem⁴
827 1641 1141 1697 conficiamus,
1170 1658 1221 1687 ex
1246 1641 1379 1688 dictis
1404 1650 1526 1705 patet
1548 1656 1655 1687 non¹

164 1717 307 1764 solum
337 1734 387 1764 ex
420 1718 644 1764 Marianae
676 1717 823 1765 verbis
866 1717 977 1763 nihil
1019 1717 1166 1780 colligi
1202 1734 1335 1781 posse
1369 1733 1448 1781 pro
1484 1731 1638 1780 regum·

165 1793 426 1840 auctoritate
461 1792 580 1840 circa
620 1793 1037 1857 impedimentorum
1068 1793 1371 1840 dirimentium
1408 1792 1645 1839 relaxatio-

170 1886 300 1925 nem,
330 1886 484 1916 verum
504 1869 771 1916 contrarium
802 1887 985 1933 prorsus
1010 1869 1207 1925 ostendi,
1238 1886 1317 1916 seu
1340 1869 1654 1916 auctoritatem*

169 1945 442 2010 pontificiam
477 1945 534 1992 ad
568 1946 869 1993 exclusionem
903 1946 1136 2010 potestatis
1167 1946 1330 2009 regiae.

260 2022 316 2069 Et
347 2021 458 2069 haec
482 2022 538 2068 de
561 2022 727 2069 Nestio.
752 2022 961 2087 Superest
983 2033 1031 2069 ut
1054 2022 1328 2069 excutiamus
1358 2021 1504 2069 adhuc
1529 2035 1654 2068 non--

166 2096 287 2144 nulla
322 2115 374 2144 ex
403 2097 460 2145 iis
495 2115 612 2162 quae
643 2094 797 2145 subdit
826 2098 966 2154 Litta,
999 2098 1105 2145 dum
1143 2098 1372 2162 inquirens
1396 2097 1442 2142 in
1473 2096 1644 2144 relaxa-

171 2174 338 2221 tionum
381 2174 624 2237 originem,
671 2191 812 2238 quas,
853 2185 902 2221 ut
935 2173 1159 2231 vidimus,
1196 2173 1369 2222 vocavit
1408 2174 1598 2219 iustitiae
1625 2209 1636 2226 ,

167 2250 346 2306 scribit,
386 2250 544 2314 primis
580 2249 796 2297 ecclesiae
830 2250 993 2298 seculis
1027 2250 1174 2314 leges,
1208 2247 1364 2297 nullas
1404 2249 1642 2296 admisisse

167 2327 474 2391 exceptiones3
509 2326 628 2390 quod
666 2326 704 2373 si
742 2326 964 2373 interdum
993 2328 1123 2375 venia
1153 2319 1355 2383 daretur,
1388 2327 1433 2373 id
1462 2325 1640 2373 nonnisi

167 2418 266 2449 raro
289 2401 522 2449 accidisse.
548 2401 755 2465 Respectu
789 2397 889 2449 vero¹
921 2395 1318 2467 impedimentorum
1351 2402 1643 2448 dirimentium

168 2477 419 2526 nullatenus
438 2495 490 2525 ac
507 2495 749 2543 numquam
775 2479 1065 2526 relaxabatur.
1086 2479 1313 2535 Attamen,
1344 2478 1517 2533 subdit,
1540 2493 1654 2541 pro-·

168 2553 281 2601 fecto
310 2553 509 2601 nonnulli
544 2571 675 2601 casus
705 2571 791 2601 non
821 2555 1078 2612 defuerunt,
1100 2556 1178 2620 qui
1199 2556 1309 2602 adeo
1328 2553 1641 2601 relaxationem

167 2640 476 2686 mererentur,
515 2642 563 2677 ut
602 2631 826 2678 videretur
861 2632 997 2696 ,quasi
1039 2632 1209 2679 iniusta
1253 2632 1349 2678 eius
1389 2628 1636 2691 denegatio.

169 2706 466 2753 Nihilominus
492 2707 614 2754 nulla
639 2725 822 2772 prorsus
855 2709 1024 2756 ratione
1053 2708 1263 2756 relaxatio
1291 2705 1637 2761 concedebatur;

169 2782 323 2847 sicque
353 2785 641 2831 ostenderunt
673 2785 888 2833 ccclesiae
917 2797 1065 2851 patres
1085 2803 1133 2832 se
1159 2783 1349 2848 practice
1376 2798 1637 2845 agnoscere,

170 2858 382 2907 iniustum
418 2873 574 2908 natura
599 2879 680 2909 sua
706 2862 836 2926 plane
870 2880 957 2909 non
993 2879 1120 2913 esse.
1155 2860 1374 2921 denegare
1411 2858 1643 2905 relaxatio-
