1980 3260
371 241 460 286 102
679 251 757 281 Lm.
787 250 833 280 ιι.
863 249 975 280 secr.
1005 248 1035 278 1.
1064 247 1115 277 ns
1140 245 1306 277 rornsr.
1336 243 1501 278 scetes.

369 331 556 396 sciplina
575 326 722 373 induci
748 326 891 390 coepit
912 363 923 382 ‚
960 341 1048 388 qua
1070 322 1428 386 dispensationes
1458 321 1826 380 concedere-ntur,

368 423 467 455 cum
502 420 613 466 opus
642 411 791 456 esset,
830 410 1064 463 antequam
1100 397 1355 460 coniugium
1380 397 1566 443 iniretur
1588 413 1689 444 cum
1706 399 1829 447 eius-
1870 404 1872 406 ’

365 481 481 527 modi
500 477 844 542 impedimentis.
868 477 998 522 Porro
1017 492 1176 522 novam
1194 474 1310 520 hanc
1324 472 1613 538 'disciplinam
1631 476 1827 523 omnium

365 556 494 623 primi
530 556 786 603 invexerunt
818 570 926 600 rom.
957 551 1191 616 pontifices
1209 589 1220 608 ‚
1255 551 1361 616 qui,
1395 550 1608 615 probante
1640 550 1828 600 ecclesia

365 634 594 687 universa,
625 630 734 686 soli,
763 639 898 693 atque
918 628 1142 676 exclusive
1165 627 1359 690 legitime
1384 644 1482 673 eam
1512 637 1822 675 exercuerunt:

367 724 511 771 neque
533 705 588 753 ab
613 705 689 751 illa
712 714 853 751 aetate
876 704 933 750 ad
958 721 1038 751 nos
1057 721 1200 767 usque
1214 741 1224 759 ‚
1246 720 1405 767 nempe
1429 719 1506 767 per
1529 713 1699 766 septem
1726 702 1828 767 plus

363 784 509 829 minus
545 781 694 829 secula
718 780 900 845 proferri
926 779 994 827 vel
1019 798 1156 826 unum
1181 789 1325 844 potest
1348 779 1597 843 exemplum
1621 778 1679 826 de
1701 796 1830 844 prae*

361 859 434 906 via
456 857 722 905 relaxatione
746 856 802 902 ab
826 855 1048 920 episcopis
1073 854 1168 902 iure
1190 853 1371 918 proprio
1394 870 1606 902 concessa
1634 855 1751 916 (36).
1777 885 1779 888 -
1807 863 1810 865 ’

459 934 643 980 Tantum
666 950 770 979 vero
794 931 944 988 abest,
982 942 1031 978 ut
1055 930 1140 978 sibi
1165 930 1361 995 episcopi
1377 930 1690 978 *auctoritatem
1714 930 1830 977 hanc

361 1009 600 1075 aliquando
624 1009 882 1064 tribuerint,
911 1019 959 1055 ut
982 1008 1127 1072 potius
1152 1006 1344 1071 publicis
1373 1006 1482 1054 actis
1505 1024 1603 1054 eam
1628 1007 1714 1054 sibi
1738 1024 1828 1054 non

361 1096 607 1150 competere
641 1084 976 1131 declaraverint.
1010 1085 1125 1130 Sane
1155 1083 1201 1129 in
1225 1082 1453 1129 turonensi
1483 1082 1671 1130 concilio
1707 1082 1828 1147 quod

361 1179 434 1208 an.
458 1163 579 1207 1583
605 1160 872 1208 celebratum
896 1171 984 1216 est,
1008 1159 1169 1223 cuique
1186 1157 1419 1205 duodecim
1440 1156 1682 1204 ‚Galliarum
1701 1166 1830 1220 prae-

361 1237 482 1284 sules
508 1237 799 1284 interfuerunt
833 1235 907 1283 hic
930 1251 1070 1282 canon
1101 1234 1168 1280 tit.
1201 1235 1274 1280 lx.
1309 1234 1371 1280 De
1399 1234 1644 1280 matrimon.
1683 1232 1828 1280 editus

360 1323 459 1359 est:
503 1331 525 1357 α
549 1314 599 1358 In
633 1323 790 1377 quarto
822 1309 1220 1373 consanguinitatis
1252 1320 1295 1357 et
1329 1309 1556 1357 affinitatis
1579 1347 1589 1366 ‚
1627 1325 1709 1356 nec
1739 1326 1830 1356 non

361 1387 637 1450 cognationis
662 1386 908 1451 spiritualis
933 1385 1171 1450 prohibitis
1195 1384 1408 1448 gradibus
1429 1386 1638 1449 episcopis
1662 1384 1828 1448 dispen-

357 1480 452 1509 sare
481 1480 564 1508 non
595 1463 718 1508 licere
753 1462 1022 1508 declaramus
1051 1463 1201 1523 (37).»
1224 1461 1346 1508 Idem
1370 1461 1656 1509 constitutum
1689 1461 1826 1508 estin

358 1538 545 1585 concilio
584 1538 813 1593 tolosano,
859 1537 930 1584 cui
972 1537 1163 1601 praefuit
1201 1537 1562 1602 archiepiscopus
1600 1535 1826 1584 tolosanus

358 1614 478 1660 card.
518 1614 573 1660 de
603 1615 759 1678 Ieyosa
792 1631 865 1660 an.
908 1615 1048 1660 1590.
1089 1613 1160 1660 Sic
1193 1613 1311 1660 enim
1347 1613 1598 1660 decernitur
1636 1611 1823 1661 subititss

357 1689 419 1735 De
452 1691 640 1736 matrim.
670 1689 829 1744 «Quos
866 1689 1144 1752 cognationis
1176 1689 1341 1751 gradus
1366 1688 1576 1752 impedit,
1618 1687 1706 1735 nisi
1733 1687 1829 1736 visa

358 1765 480 1828 prius
516 1765 677 1812 summi
713 1763 938 1829 pontificis
975 1765 1311 1830 dispensatione
1346 1764 1393 1810 in
1428 1764 1697 1812 matrimonii
1722 1781 1828 1812 con-

358 1840 647 1896 iunctionem,
671 1839 853 1904 parochi
874 1858 962 1887 non
981 1840 1196 1904 recipiant
1213 1841 1308 1902 (38)
1321 1878 1329 1886 .
1341 1859 1363 1884 »
1381 1840 1533 1904 Neque
1551 1839 1642 1887 alia
1660 1839 1830 1888 ratione

360 1915 543 1962 concilia
564 1915 827 1979 lingonense
859 1926 901 1963 et
925 1926 1123 1964 trecense
1156 1915 1228 1963 his
1251 1914 1398 1963 verbis
1430 1914 1475 1962 id
1510 1914 1817 1963 declararunt:

423 2102 425 2104 q
448 2061 513 2101 (36)
533 2062 685 2093 Nonnulli
710 2064 916 2095 autumarunt
939 2062 1107 2103 episcopos
1126 2062 1247 2102 gallos,
1275 2069 1349 2093 cum
1371 2061 1569 2102 accepissent
1585 2069 1603 2092 a
1621 2060 1772 2093 Paschali
1784 2061 1827 2093 11.

359 2111 609 2153 redintegratum
636 2113 733 2146 fuisse
765 2115 948 2155 coniugium
985 2114 1125 2155 Philippi
1151 2115 1182 2146 et
1198 2113 1387 2154 Bertradae,
1411 2112 1497 2153 qnod
1525 2114 1618 2145 antea
1634 2112 1827 2145 dissolutum

358 2166 478 2205 fuerat,
505 2165 566 2196 sibi
595 2166 756 2199 paschaiis
784 2168 966 2208 exemplum
991 2167 1182 2199 imitandum
1205 2166 1402 2207 sumpsisse,
1431 2165 1646 2197 concedendo·
1664 2165 1827 2206 praeviam

357 2216 639 2257 dispensationem.
663 2218 710 2249 Ad
733 2219 777 2250 ita
792 2219 993 2251 sentiendum
1021 2219 1158 2260 permoti
1172 2221 1248 2263 sunt
1270 2228 1311 2250 ex
1334 2219 1482 2258 iis,quae
1503 2218 1600 2259 refert
1621 2217 1828 2251 Hildebertus

357 2269 451 2309 epist.
473 2271 614 2301 xxxiv.
631 2270 671 2301 ad
695 2271 970 2311 rhotomagensem
986 2272 1280 2313 archiepiscopum,
1305 2285 1320 2299 «
1333 2271 1401 2303 Sibi
1417 2279 1532 2312 nempe
1544 2270 1729 2303 walterum
1745 2270 1824 2302 sub-

357 2324 636 2354 murmurantem
670 2324 816 2355 retulisse
846 2324 919 2356 illos
943 2325 1171 2367 (episcopos),
1200 2325 1275 2357 data
1302 2325 1423 2366 scripto
1449 2323 1620 2363 facultate,
1644 2323 1827 2364 permisisse

358 2377 395 2407 ut
421 2375 506 2407 filiae
527 2375 671 2408 Gauterii
697 2376 738 2408 de
762 2377 919 2409 Meduana
945 2379 1054 2411 liceret
1077 2379 1232 2412 comitem
1245 2379 1443 2414 Mortonium
1462 2377 1494 2410 in
1511 2376 1612 2408 vetito
1635 2376 1735 2417 gradu
1762 2385 1829 2409 ms·

358 2427 456 2459 ritum
476 2428 667 2469 accipere.»
691 2430 749 2460 Ast
772 2428 977 2462 Hildebertus
1003 2430 1121 2462 ibidem
1148 2431 1183 2463 id
1209 2431 1270 2464 sibi
1297 2431 1403 2463 visum
1428 2428 1618 2461 incredibile
1645 2428 1827 2470 profitetur,

357 2479 514 2511 subdens:
540 2480 644 2512 «Mihi
667 2482 773 2513 autem
796 2490 853 2513 nec
867 2483 1049 2523 extorqueri
1076 2492 1245 2526 assensus,
1261 2492 1320 2516 nec
1334 2481 1522 2524 persuaderi
1543 2481 1664 2522 potuit,
1688 2480 1826 2522 prudeu-

356 2532 435 2563 tiam
462 2534 601 2565 vestram
628 2533 661 2564 in
675 2542 786 2565 eorum
810 2534 1047 2574 simplieitatem
1074 2536 1325 2576 descendisse‚=›
1344 2528 1441 2576 atque
1463 2534 1598 2567 ulterius
1621 2533 1831 2575 progrediens

356 2585 491 2617 adiecit:
515 2586 639 2618 “cuius
661 2586 695 2617 in
723 2586 908 2627 parochiam
933 2587 1033 2627 nupta
1056 2587 1264 2629 demigrasset
1282 2588 1352 2621 eius
1376 2588 1446 2619 sore
1468 2595 1570 2628 usque
1592 2586 1634 2619 ad
1659 2585 1828 2618 dissidium

358 2638 422 2670 illis
437 2638 556 2679 nuptiis
570 2638 747 2671 resistere.»
762 2638 915 2679 Adeoque
927 2641 1013 2679 patet
1025 2639 1181 2673 eiusmodi
1196 2641 1468 2682 dispensationem
1482 2638 1734 2672 commentitiam
1745 2639 1826 2671 esse.

355 2689 487 2722 Accedit
501 2692 700 2731 praetensum
715 2690 984 2732 dispensationem
999 2701 1018 2724 a
1033 2693 1178 2725 Paschali
1195 2695 1220 2725 1.
1232 2694 1294 2726 >aut
1311 2701 1377 2726 non
1389 2691 1515 2732 datam,
1535 2693 1591 2724 ant
1611 2691 1751 2724 dubiam
1763 2690 1827 2724 ss}-

356 2745 420 2774 tem
442 2751 510 2775 esse
525 2767 534 2783 ‚
558 2744 593 2775 ut
610 2746 721 2784 postea
743 2743 898 2776 dicemus.

445 2795 509 2835 (37)
529 2796 688 2828 Harduin.
711 2797 797 2829 Acta
817 2797 939 2829 concil.
956 2799 1035 2830 tom.
1055 2800 1092 2831 X.
1112 2799 1174 2832 col.
1197 2803 1284 2833 1405.

444 2846 509 2889 (as)
531 2848 612 2882 lbid.
633 2850 712 2882 tom.
737 2851 776 2882 x.
795 2850 858 2883 col.
882 2853 969 2883 1804.
