1980 3260
247 249 337 281 ων.
356 250 401 282 ιι.
420 249 472 281 1>ss
492 250 632 283 roms.
653 250 788 283 rame.
808 251 890 284 mn.
907 251 990 283 cm.
1010 249 1135 284 uun.
1154 249 1314 282 cmusr.
1331 249 1424 282 Aur.
1441 248 1502 282 111.
1546 234 1634 280 413

266 329 309 373 3.
351 328 615 376 Inferimus:
654 346 760 393 ergo
794 330 977 377 mentita
1012 340 1080 377 est
1112 329 1327 394 iniquitas
1363 327 1449 376 sibi
1478 365 1488 384 ,
1531 328 1637 375 dum

167 421 221 450 ex
240 421 329 451 una
347 415 471 468 parte
488 405 758 452 contendunt
777 406 847 453 ius
865 405 1088 453 statuendi
1107 405 1421 470 impedimenta
1439 414 1638 470 spectare

170 479 227 526 ad
251 479 475 545 politicam
498 481 822 538 auctoritatem,
845 481 1028 547 perinde
1046 498 1098 528 ac
1117 481 1187 528 ius
1211 480 1268 528 ab
1291 480 1356 528 eis
1380 479 1634 536 relaxandi;

169 572 223 602 ex
257 555 396 603 altera
428 573 533 604 vero
566 567 690 621 parte
719 557 909 605 fatentur
937 557 994 605 ad
1027 557 1259 606 ecclesiam
1289 573 1474 621 eamque
1499 555 1637 603 solam

168 642 406 696 utrumque
438 632 495 679 ab
530 633 655 681 initio
688 634 983 699 pertinuisse,
1022 635 1110 682 nisi
1146 634 1283 683 velint
1310 633 1635 687 Domitianum,

167 716 244 754 aut
269 707 452 754 Decium
480 726 570 755 una
600 708 700 756 cum
736 710 925 758 ecclesia
957 710 1236 758 concurrisse
1258 709 1351 757 sive
1376 709 1432 756 ad
1458 707 1640 773 impedi-

170 793 320 830 menta
354 784 732 843 constabilienda,
755 786 849 834 sive
868 786 926 834 ad
945 786 1207 843 relaxanda,
1231 803 1331 834 cum
1351 802 1464 851 opus
1489 784 1634 832 fuerit.

168 857 393 906 Hactenus
427 859 607 924 quidem
643 862 833 909 contenti
870 862 1035 909 fuimus
1075 878 1356 926 propugnare
1395 860 1640 908 doctrinam

168 934 433 984 catholicam
465 936 738 984 retundendo
771 937 1122 986 adversariorum
1157 938 1351 1002 impetus
1392 937 1641 1000 inanesque

171 1021 378 1068 conatu83
410 1029 527 1059 nunc
553 1030 657 1061 vero
681 1013 737 1060 ad
761 1013 1002 1078 pleniorem
1036 1013 1234 1062 veritatis
1269 1012 1542 1077 triumphum
1567 1028 1643 1076 po·

174 1087 319 1136 sitivis
343 1089 614 1151 argumentis
648 1102 781 1154 atque
814 1089 1089 1137 illationibus
1122 1090 1183 1137 ita
1216 1088 1541 1154 progredimur.

267 1165 313 1211 Si
338 1165 408 1213 ius
433 1166 660 1213 relaxandi
685 1166 1002 1232 impedimenta
1026 1166 1280 1214 dirimentia
1302 1165 1508 1229 coniugia
1524 1165 1643 1213 chri-

175 1241 419 1289 stianorum
438 1242 495 1289 ad
514 1243 738 1309 principes
772 1243 911 1291 laicos
944 1243 1208 1308 pertineret,
1238 1242 1445 1308 profecto¹
1468 1242 1641 1307 quoties

171 1329 373 1382 ageretur
400 1318 457 1366 de
489 1319 695 1383 coniugio
729 1321 898 1368 incesto
930 1337 982 1367 ac
1016 1319 1247 1383 illegitimo
1272 1319 1366 1367 sive
1389 1319 1537 1384 quoad
1562 1335 1611 1366 se
1628 1357 1638 1375 ‚

174 1394 271 1443 sive
303 1394 452 1460 quoad
485 1395 713 1451 subditos,
761 1396 889 1443 toties
929 1395 1187 1443 auctoritate
1220 1395 1402 1459 propria
1430 1432 1440 1451 ,
1487 1410 1645 1460 nempe

172 1487 381 1536 suprema
411 1481 455 1518 et
484 1471 837 1536 independente,
866 1481 1083 1520 etsecum
1114 1481 1157 1519 et
1189 1488 1289 1518 cum
1321 1470 1515 1518 subditis
1548 1469 1644 1518 suis

170 1546 397 1612 principes
432 1546 706 1595 relaxassent
738 1547 858 1611 leges
893 1547 1221 1595 matrimonium
1256 1546 1644 1595 dirimentes.1am

169 1638 274 1670 vero
306 1640 550 1687 numquam
584 1623 645 1670 ita
680 1641 728 1671 se
762 1635 996 1687 gesserunt
1028 1623 1257 1688 principes
1293 1640 1535 1687 regesque,
1564 1622 1644 1670 sed

171 1708 423 1747 constanter
453 1699 510 1746 ad
540 1699 755 1748 ecclesiae
789 1700 1093 1748 auctoritatem
1118 1717 1168 1748 se
1192 1698 1470 1747 contulerunt
1493 1698 1548 1746 ad
1572 1697 1646 1746 ob-

172 1773 396 1822 tinendam
433 1775 762 1824 relaxationem.

268 1851 434 1899 Revera
452 1890 462 1909 ,
496 1853 611 1917 ipsis
642 1853 911 1901 adversariis
935 1854 1175 1901 fatentibus
1203 1854 1292 1902 imo
1314 1864 1358 1901 et
1379 1852 1647 1901 contenden-

173 1926 292 1975 tibus
308 1964 318 1984 ,
347 1927 503 1992 primis
527 1929 743 1977 ecclesiae
776 1930 940 1977 seculis
965 1930 1088 1978 nulla
1112 1930 1288 1995 penitus
1314 1929 1524 1977 relaxatio
1546 1945 1647 1976 con-

171 2002 410 2051 cedebatur
424 2042 434 2061 ,
457 2004 536 2052 sed
555 2005 593 2052 si
612 2023 701 2070 qua
724 2007 1005 2054 matrimonia
1033 2017 1256 2054 contracta
1281 2006 1471 2054 fuissent
1493 2004 1646 2069 aliquo

172 2080 342 2128 irretita
374 2080 715 2146 impedimento,
747 2082 1119 2131 dissolvebantur.
1144 2084 1301 2131 Postea
1332 2099 1437 2130 vero
1459 2120 1469 2139 ,
1507 2098 1645 2148 quum

173 2156 395 2204 interdum
443 2158 553 2205 inita
596 2159 804 2222 coniugia
854 2159 1106 2224 impellente
1152 2159 1417 2207 necessitate
1461 2158 1646 2207 tolerare

173 2231 286 2297 opus
320 2243 460 2289 esset,
498 2251 579 2281 nec
609 2234 697 2281 nisi
734 2252 910 2282 summa
943 2253 1089 2283 rerum
1124 2253 1448 2301 regnorumque
1479 2246 1648 2301 pertur-

173 2309 352 2357 batione
392 2309 578 2358 dissolvi
621 2322 839 2375 possent,
884 2323 1089 2377 coeptum
1123 2323 1191 2360 est
1224 2313 1271 2359 in
1305 2311 1525 2375 coniugiis
1559 2311 1647 2362 iam

175 2387 410 2432 contractis
445 2386 575 2434 venia
608 2387 720 2434 dari.
751 2387 955 2453 Denique
987 2388 1044 2436 ob
1078 2388 1254 2452 gravia,
1287 2406 1402 2453 quae
1436 2405 1517 2435 suo
1549 2386 1646 2434 loco

175 2461 479 2509 recensuimus
517 2463 737 2511 rationum
773 2475 993 2512 momenta
1018 2482 1131 2513 nova
1154 2464 1403 2512 introducta
1426 2474 1493 2511 est
1515 2462 1648 2510 disci·

175 2535 322 2600 plina,
362 2554 451 2601 qua
486 2538 666 2586 daretur
701 2539 833 2587 venia
866 2550 967 2588 ante
1002 2558 1136 2606 quam
1172 2540 1378 2603 coniugia
1411 2539 1641 2586 inirentur.

176 2612 227 2658 In
259 2622 447 2678 utroque
480 2625 625 2661 autem
660 2632 767 2662 casu
802 2615 897 2663 sive
929 2616 986 2663 de
1019 2616 1107 2664 iam
1142 2617 1252 2664 inito
1286 2616 1515 2679 illegitimo
1547 2632 1649 2663 con·

177 2688 297 2751 iugio
312 2727 322 2745 ,
356 2690 450 2738 sive
473 2690 529 2738 de
553 2692 746 2739 ineundo
782 2704 1010 2756 ageretur,
1051 2703 1305 2741 constanter
1327 2709 1379 2739 ao
1403 2691 1563 2755 iugiter
1585 2691 1648 2738 in·

178 2765 361 2812 tervenit
394 2767 488 2814 sola
532 2768 745 2816 ecelesiae
779 2787 857 2817 seu
900 2770 1169 2835 apostolicae
1203 2768 1324 2816 sedis
1368 2768 1642 2824 auctoritas,

179 2851 255 2889 aut
275 2841 406 2889 etiam
433 2860 485 2890 ex
514 2844 644 2893 tacito
667 2856 744 2893 aut
765 2863 976 2911 expresso
999 2845 1269 2911 apostolicae
1293 2844 1414 2892 sedis
1449 2844 1642 2899 indulto,
