1980 3260
362 206 450 251 402
615 219 695 249 Lm.
726 217 771 248 11.
801 216 914 248 sncr.
943 217 1115 247 ALTERA.
1145 216 1196 246 nr:
1231 215 1398 268 ΙΡοιϊιετ.
1427 216 1568 248 crvm.

357 297 503 360 legum
539 295 846 359 dispositione.
877 293 1055 340 Minime
1086 309 1191 341 vero
1228 292 1392 341 valebit
1417 293 1550 340 venia
1578 310 1605 340 a
1630 295 1832 361 principe

357 373 485 426 data,
520 380 591 425 ut,
625 370 662 416 si
692 387 807 433 quae
840 368 1031 416 fuissent
1064 368 1282 434 irritantia
1317 368 1636 432 impedimenta
1669 369 1831 431 abep-

358 447 497 494 clesia
531 446 770 492 constituta
805 445 1102 502 solverentur,
1126 462 1177 492 ac
1201 445 1448 507 legitimum
1473 445 1662 493 evadere
1685 463 1834 502 coram

356 522 448 568 Deo
483 531 526 568 et
559 537 707 568 coram
742 520 932 567 ecclesia
967 531 1223 567 censeretur
1262 520 1520 584 coniugium
1554 520 1756 586 alioquin
1789 521 1839 570 il-

356 598 618 661 legitimum.
657 597 860 644 Ceterum
895 597 1271 662 quemadmodum
1311 596 1509 645 diximus
1537 635 1548 655 ,
1601 614 1715 657 cum,
1742 615 1838 660 ma-

357 674 567 721 trimonia
600 673 657 721 ab
691 684 881 738 utraque
916 683 1131 738 potestate
1165 673 1391 739 prohibita
1425 685 1555 732 sunt,
1583 674 1640 722 ad
1670 684 1838 722 utram-

356 769 444 815 que
478 761 741 815 potestatem
767 750 862 799 fieri
887 749 1019 798 debet
1044 767 1252 798 recursus
1276 767 1356 815 pro
1380 751 1627 816 respectiva
1660 750 1840 817 dispen-

357 828 545 875 satione.
1651 881 1654 884 ,
1786 880 1788 882 ,

453 905 517 952 Ν6
543 922 647 953 vero
681 904 791 952 haec
821 922 846 952 a
877 904 1009 952 nobis
1042 905 1180 968 gratis
1216 903 1412 968 confingi
1448 904 1553 969 quis
1585 904 1834 962 existimet,

360 981 470 1028 satis
499 991 568 1028 est
597 980 834 1045 diligenter
866 981 1065 1046 ipsarum
1099 980 1249 1044 legum
1280 979 1494 1028 formulas
1518 991 1563 1028 et
1584 991 1839 1035 contextum

359 1046 597 1123 inspicere.
636 1057 698 1105 Ac
732 1058 878 1122 primo
907 1057 1084 1104 initium
1117 1057 1340 1105 sumimus
1374 1074 1401 1112 a
1433 1056 1531 1120 lege
1563 1056 1653 1104 lata
1675 1056 1734 1104 ab
1757 1057 1842 1105 im-

357 1144 559 1199 peratore
594 1133 844 1181 Theodosio
878 1133 950 1181 cui
986 1133 1098 1180 adeo
1133 1131 1304 1180 insistit
1337 1132 1566 1180 Launoius
1602 1134 1726 1205 (95),
1761 1133 1839 1198 qui

357 1209 546 1257 testibus
587 1210 717 1257 Sexto
764 1209 944 1257 Aurelio
983 1209 1153 1256 Victore
1181 1246 1192 1264 ,
1234 1207 1470 1256 Ambrosio
1507 1219 1553 1258 et
1594 1207 1842 1273 Augustino

363 1305 387 1331 «
414 1286 559 1334 Etiam
595 1285 752 1333 fratres
787 1285 1009 1350 patrueles
1043 1295 1087 1332 et
1119 1284 1414 1333 consobrinos
1457 1285 1597 1333 vetuit
1641 1286 1758 1334 inter
1781 1302 1843 1349 ‚se

361 1361 558 1424 coniugii
593 1361 828 1409 convenire
861 1360 1064 1418 nomine,
1093 1371 1137 1408 et
1165 1360 1497 1408 severissimam
1527 1378 1715 1426 poenam
1748 1372 1842 1410 sta-

361 1436 446 1487 tuit
465 1438 616 1499 (96).»
631 1436 790 1483 Verum
814 1436 917 1501 quis
941 1453 1029 1484 non
1060 1436 1184 1484 videt
1205 1453 1259 1484 ea
1283 1436 1329 1482 in
1354 1435 1452 1500 lege
1474 1436 1532 1483 de
1558 1437 1718 1501 poenis
1742 1447 1842 1486 tan-

355 1512 584 1560 tummodo
618 1512 689 1576 agi
724 1512 914 1560 decretis
948 1513 994 1559 in
1037 1512 1297 1561 infractores
1319 1551 1329 1570 ‚
1370 1529 1453 1561 nec
1496 1513 1639 1560 ullum
1680 1513 1840 1574 haberi

356 1589 564 1646 verbum,
592 1606 681 1655 quo
704 1588 775 1638 vel
797 1589 1051 1637 insinuetur
1069 1589 1251 1655 quidem
1277 1589 1464 1638 irritatio
1487 1590 1711 1645 eiusmodi
1722 1607 1842 1641 con-.-

358 1666 582 1730 iugiorum
616 1665 765 1731 quoad
796 1664 1057 1714 vinculum?
1082 1665 1362 1731 Proindeque
1390 1666 1429 1714 si
1454 1684 1545 1731 qua
1571 1666 1677 1714 data
1709 1660 1841 1717 fuerit

358 1742 636 1808 dispensatio
660 1743 716 1789 ab
740 1743 896 1790 eodem
929 1743 1197 1808 imperatore
1229 1743 1341 1791 haec
1374 1743 1566 1801 indictas
1593 1760 1762 1810 poenas
1784 1743 1844 1793 si-

358 1819 521 1866 militer
555 1819 833 1883 attingebat,
873 1837 1042 1885 easque
1074 1819 1314 1868 relaxabat.

453 1897 574 1943 Idem
612 1897 685 1943 dic
715 1897 771 1944 de
801 1896 939 1944 altera
972 1897 1068 1960 lege
1103 1897 1275 1944 sancita
1315 1914 1342 1944 a
1376 1896 1615 1945 Theodosii
1650 1897 1841 1945 senioris

359 1972 465 2019 filiis
484 1972 674 2020 Arcadio
698 1984 742 2021 et
766 1973 962 2021 Honorio
992 1991 1065 2020 an.
1093 1975 1224 2030 396„
1247 1973 1294 2019 in
1317 1990 1408 2038 qua
1429 1983 1636 2020 vetantur
1657 1973 1841 2038 nuptiae

357 2048 404 2094 in
439 2049 652 2111 gradibus
686 2050 927 2114 prohibitis
962 2050 1047 2097 sub
1083 2049 1239 2115 poenis
1269 2048 1477 2097 civilibus
1505 2051 1626 2112 (97).
1650 2051 1758 2097 Item
1783 2049 1841 2098 de

357 2123 499 2171 altera
532 2125 629 2188 lege
655 2126 712 2173 ab
735 2127 895 2174 iisdem
931 2126 1272 2192 imperatoribus
1305 2126 1410 2173 data
1442 2143 1516 2173 an.
1549 2126 1656 2173 409.
1679 2125 1727 2172 in
1748 2143 1842 2192 qua

357 2200 523 2264 pariter
558 2201 669 2247 nihil
705 2202 760 2249 de
792 2201 972 2250 vinculo
1008 2202 1240 2259 statuitur,
1282 2200 1361 2248 sed
1394 2201 1527 2249 unice
1561 2218 1729 2266 poenae
1762 2202 1842 2252 de.-

453 2379 519 2420 (95)
539 2382 590 2412 De
610 2382 707 2421 reyia
727 2382 762 2412 in
785 2384 890 2414 matr.
903 2385 1030 2424 potest.
1049 2384 1110 2415 art.
1128 2385 1188 2415 111.
1204 2392 1274 2424 cap.
1289 2385 1315 2414 Ι.

459 2433 525 2474 (96)
545 2434 596 2464 lta
620 2442 647 2465 s.
665 2433 853 2466 Ambrosius
879 2436 973 2476 epist.
994 2438 1140 2468 XLVIII.
1157 2437 1199 2468 ad
1217 2438 1409 2477 Paternum,
1425 2435 1479 2468 cui
1501 2435 1620 2476 reliqui
1643 2437 1841 2476 consonant,

359 2485 472 2517 Victor
486 2485 520 2517 in
532 2487 683 2527 Epitom.
692 2485 774 2518 hist.
789 2487 850 2518 sub
865 2487 962 2520 finem
971 2513 981 2529 ,
998 2498 1024 2520 s.
1035 2490 1234 2530 Augustinus
1247 2490 1308 2522 lib.
1320 2491 1407 2522 XlV.
1420 2490 1471 2521 De
1485 2490 1583 2521 civit.
1593 2490 1658 2521 Dei
1671 2497 1742 2530 cap.
1753 2489 1840 2521 xvl.

357 2539 446 2571 Haec
467 2539 552 2570 enim
580 2538 631 2571 lex
659 2538 825 2580 deperdita
851 2542 910 2572 est.

457 2592 522 2632 (97)
547 2590 628 2624 cod.
648 2591 861 2624 theodosion.
878 2592 935 2624 lib.
953 2594 1010 2625 ΙΙΙ.
1025 2595 1075 2626 tit.
1096 2600 1144 2627 12.
1161 2597 1211 2628 De
1233 2597 1373 2628 incestas
1389 2596 1520 2636 nuptiis
1535 2594 1569 2626 in
1587 2603 1654 2635 qua
1668 2593 1839 2627 statuitur:

361 2657 376 2671 «ι
392 2643 453 2676 Sed
471 2652 576 2685 neque
595 2653 748 2685 uxorem,
769 2653 874 2685 neque
898 2646 982 2677 tilios
999 2655 1038 2678 ex
1059 2656 1097 2679 ea
1114 2648 1220 2681 editos
1236 2649 1356 2681 habere
1368 2648 1536 2688 credatur,
1558 2650 1595 2680 ut
1612 2647 1694 2680 nihil
1710 2656 1846 2689 prorsus

358 2697 534 2737 praedictis
549 2706 587 2729 ac
602 2706 660 2739 per
673 2698 895 2738 interpositam
912 2707 1083 2739 personam
1098 2701 1150 2732 vel
1164 2701 1264 2733 donet
1278 2703 1458 2743 superstes,
1476 2701 1524 2733 vel
1541 2701 1691 2733 mortuus
1704 2701 1840 2734 derelin-

359 2752 448 2789 quat.
473 2752 559 2791 Dos,
587 2751 613 2783 si
641 2759 706 2792 qua
733 2751 815 2784 forte
837 2751 1023 2783 solemniter
1044 2754 1101 2785 aut
1130 2754 1223 2795 data,
1250 2757 1307 2787 aut
1327 2755 1431 2794 dicta,
1455 2756 1514 2787 aut
1542 2756 1702 2796 promissa
1726 2755 1840 2795 fucrit,

361 2802 453 2836 iuxta
478 2804 529 2835 ius
552 2804 724 2844 antiquum
752 2804 819 2837 fisci
849 2805 950 2838 nostri
981 2806 1159 2839 commodis
1185 2807 1280 2840 cedat
1305 2809 1389 2839 etc.»
