1980 3260
272 224 362 256 CAP.
377 224 435 255 VI.
453 224 503 255 DE
522 223 647 255 MATR.
663 223 840 255 mmm.
856 222 940 254 INT.
960 221 1008 254 SE
1024 222 1105 254 vm.
1122 222 1205 255 CUM
1219 222 1342 255 cmx.
1362 223 1455 255 ΛΒΤ.
1472 223 1518 255 11.
1582 207 1673 253 239

208 312 317 357 tum,
335 300 505 347 nullum
519 310 603 356 est,
621 299 821 365 adeoque
838 298 1075 347 concidunt
1092 316 1208 365 quae
1226 310 1528 364 superstructa
1542 310 1650 348 sunt
1661 319 1675 356 ;-

208 393 261 424 eo
298 375 367 424 vel
402 377 548 440 magis
582 375 701 441 quod
736 375 991 440 provinciae
1024 385 1319 440 protestantes
1364 392 1499 439 regno
1539 375 1679 424 Bava-

208 453 300 500 riae
322 452 521 500 adiectae
535 470 623 500 non
643 452 805 500 fuerint
822 451 909 500 nisi
928 462 1030 517 post
1046 452 1108 499 ita
1125 451 1289 499 dictam
1306 452 1673 511 restaurationem,

208 547 368 594 nempe
391 532 464 576 a'n
497 531 640 575 1814.
669 546 722 576 ac
754 531 981 593 praeterea
1013 528 1159 577 forte
1148 545 1193 575 m
1226 527 1317 575 illis
1351 528 1594 611 decretum
1603 528 1680 574 tri-

207 606 437 653 dentinum
473 622 560 652 non
597 606 739 652 fuerat
771 604 1061 669 publicatum.
1310 642 1313 645 Α
1560 615 1561 618 ’

305 680 430 735 Quae
454 690 600 725 autem
625 680 682 725 de
714 683 763 727 se
799 680 898 743 ipso
933 681 1064 727 refert
1096 679 1360 728 Benedictus
1393 680 1503 726 xlv.
1533 678 1678 744 deque

209 759 291 803 sua
323 754 619 801 haesitatione
654 754 714 800 in
733 772 808 818 op
845 756 910 801 De
942 756 1131 819 synodo,
1175 766 1454 803 coarctantur
1493 756 1550 803 ad
1583 756 1679 803 sola

207 830 490 879 matrimonia
514 829 778 877 Hellandiae
801 830 859 878 ob
882 831 1127 895 peculiaria
1151 831 1274 879 illius
1298 832 1493 895 regionis
1517 832 1678 880 adiun-

208 919 300 965 cta,
325 906 384 954 ‘in
418 906 584 972 quibus
619 906 753 954 etiam
788 924 814 954 a
848 907 1078 955 nonnullis
1117 907 1426 965 dubitabatur,
1469 925 1575 955 num
1611 909 1680 956 re-

208 985 308 1070 ipsa
324 984 372 1031 in
390 983 580 1047 singulis
606 983 821 1049 paroeciis
846 983 1133 1049 publicatum
1143 984 1430 1032 tridentinum
1455 985 1679 1032 decretum

209 1061 358 1127 reipsa
392 1061 545 1117 fuerit,
583 1060 642 1108 ob
675 1069 912 1126 perpetuos
945 1059 1129 1108 bellicos
1163 1071 1309 1110 motus
1340 1059 1505 1150 quibus
1534 1070 1679 1138 aetate

209 1138 288 1222 illa
322 1148 463 1186 status
499 1137 710 1186 foederati
743 1137 896 1201 agitati
930 1148 1069 1186 erant.

307 1215 506 1273 Accedit,
545 1232 807 1280 responsum
838 1214 1197 1279 congregationis
1231 1233 1270 1263 s.
1299 1212 1435 1263 officii·
1469 1214 1526 1262 ad
1556 1211 1677 1264 hanc

212 1295 356 1358 ipsam
390 1291 699 1357 quaestionem
734 1309 806 1339 an.
848 1292 988 1338 1671.
1028 1309 1055 1338 a
1087 1290 1254 1339 Ioanne
1295 1291 1507 1357 episcopo
1541 1290 1679 1340 casto·

213 1368 374 1425 riensi,
403 1379 446 1416 et
479 1386 559 1433 per
592 1368 844 1434 Provincias
879 1368 1211 1417 confoederatas
1237 1369 1404 1416 vicario
1432 1367 1677 1435 apostolico

212 1446 375 1495 Romae
398 1446 697 1511 propositam,
727 1446 900 1503 datum,
928 1455 1088 1512 nempe
1112 1443 1137 1492 >«
1155 1447 1249 1494 Non
1274 1444 1510 1496 convenire
1525 1485 1535 1504 ,
1557 1457 1606 1494 ut
1628 1464 1681 1495 ea

211 1522 414 1588 quaestio
432 1540 459 1570 a
477 1540 515 1570 s.
534 1523 683 1570 officio
705 1522 982 1580 definiretur,
1005 1540 1158 1570 verum
1183 1532 1392 1570 statueret
1415 1518 1534 1588 ipse,
1557 1522 1678 1587 quod

211 1598 410 1648 crederet
427 1599 676 1647 animarum
696 1599 782 1647 sibi
797 1596 1063 1647 credi-tarum
1083 1599 1216 1647 saluti
1235 1595 1425 1647 maxime
1441 1593 1679 1664 expedire»

213 1676 426 1723 maiorem
444 1691 621 1723 creasse
635 1674 961 1722 difficultatem.
985 1676 1094 1722 Nam
1119 1693 1256 1740 quum
1275 1675 1528 1740 episcopus
1538 1685 1683 1723 casto-

212 1752 375 1799 riensis
393 1751 654 1799 iudicaverit
671 1762 764 1798 tum
781 1751 838 1798 ad
856 1747 1090 1816 scrupulos
1107 1749 1375 1815 abigendos,
1397 1761 1441 1798 et
1457 1750 1514 1798 ad
1533 1751 1680 1799 varias

215 1826 502 1876 difficultates
525 1828 754 1885 vitandas,
794 1838 886 1876 tum
908 1827 966 1874 ad
991 1825 1255 1875 servandam
1286 1845 1440 1892 pacem
1464 1838 1508 1875 et
1529 1828 1684 1875 catho-

213 1904 399 1953 licorum
438 1905 771 1969 persecutiones
810 1905 1140 1970 praecavendas
1174 1905 1412 1970 plurimum
1454 1904 1678 1969 expedire,

212 1993 262 2030 ut
299 1981 519 2030 eiusmodi
554 1981 836 2030 matrimonia
876 1991 1185 2047 reputarentur
1217 1981 1387 2038 val'ida3
1433 1981 1516 2029 hoc
1551 1998 1679 2029 suum

214 2057 428 2106 iudicium
460 2068 563 2124 post
597 2058 786 2107 reditum
821 2075 874 2107 ex
897 2058 1014 2106 Urbe
1051 2058 1264 2123 episcopo
1298 2053 1572 2122 gandavensi
1604 2075 1683 2123 per

214 2134 383 2183 litteras
434 2134 562 2183 datas
611 2134 685 2182 die
738 2137 814 2182 14.
865 2135 1050 2199 Augusti
1102 2153 1175 2182 an.
1221 2135 1361 2181 1685.
1401 2128 1444 2182 et
1491 2127 1682 2183 Antonio

215 2210 412 2259 Hoessac
450 2210 721 2259 cathedralis
762 2210 1101 2276 antwerpiensis
1136 2207 1567 2274 canonico'subdie.
1599 2212 1677 2257 17.

213 2286 422 2334 Decemb.
468 2286 669 2336 eiusdem
714 2288 850 2344 anni,
890 2305 978 2334 non
1025 2298 1112 2335 tam
1152 2287 1507 2346 commendavit,
1547 2305 1681 2353 quam

214 2359 342 2411 enixe
384 2357 609 2429 praecepit
652 2364 709 2411 ad
757 2365 928 2429 praxim
974 2364 1232 2421 deducere;
1281 2381 1363 2412 nec
1408 2356 1559 2412 contra
1598 2364 1683 2412 hoc

214 2450 499 2506 praeceptum
534 2440 767 2505 quidpiam
791 2458 818 2488 a
849 2459 887 2489 s.
916 2435 1256 2505 congregatione
1285 2441 1569 2489 reclamatum
1593 2450 1677 2495 est,

214 2515 317 2563 licet
351 2516 462 2565 illud
503 2516 646 2564 eidem
692 2517 825 2565 fuerit
869 2517 1261 2575 communicatum,
1300 2528 1350 2565 ut
1390 2517 1522 2564 refert
1545 2515 1683 2563 Stale-

214 2609 300 2641 nus
337 2594 454 2657 (60).
489 2594 693 2659 Denique
727 2594 965 2660 episcopus
1000 2594 1338 2660 antwerpiensis
1371 2594 1417 2640 in
1459 2610 1541 2640 sua
1570 2591 1683 2640 rela—

215 2668 335 2717 tione
351 2669 408 2718 ad
433 2687 471 2718 s.
493 2671 877 2734 congregationem
901 2670 958 2719 de
981 2671 1105 2737 praxi
1136 2688 1245 2719 suae
1268 2671 1523 2718 dioeceseos
1547 2668 1675 2724 data,

309 2848 377 2889 (⁶0)
397 2850 433 2880 ln
452 2850 635 2882 Dis-certat.
662 2849 807 2891 theoloq.
828 2850 928 2892 polit.
951 2853 1001 2883 De
1023 2852 1221 2884 mammon.
1247 2849 1408 2881 haeretic.
1434 2848 1516 2888 part.
1530 2848 1570 2879 ΙΙ.
1584 2856 1611 2878 c.
1627 2848 1682 2878 W·
