1980 3260
273 255 367 288 mr.
385 257 444 288 vi.
463 257 514 288 ni:
534 256 658 289 nun.
679 255 855 288 affluar.
874 255 957 287 mr.
972 255 1018 287 sn
1037 256 1115 287 vm.
1128 255 1211 288 cun
1232 255 1353 288 cun.
1371 256 1464 287 aar.
1483 257 1524 287 v.
1586 240 1675 286 277

208 333 433 382 eiusmodi
460 334 825 391 resolutionibus,
854 334 954 382 licet
978 334 1287 382 contrahentes
1311 321 1500 381 alicuius
1531 344 1682 381 essent

212 411 407 474 regionis
443 411 489 457 in
523 428 612 476 qua
646 410 931 458 tridentinum
967 427 1055 458 non
1087 411 1219 474 viget.

314 486 592 552 Quapropter
608 504 661 535 ea
679 487 885 551 coniugia
915 504 1030 552 quae
1059 487 1153 535 sive
1179 488 1364 544 Romae,
1388 488 1482 535 sive
1512 486 1684 534 Floren—

209 562 299 611 tiae
332 563 427 611 sive
456 562 681 626 Augustae
705 563 994 611 Taurinorum
1028 574 1104 611 aut
1137 563 1242 611 alibi
1269 564 1315 609 in
1340 563 1467 611 Italia
1490 580 1516 610 a
1539 572 1683 628 prote-

209 637 433 686 stantibus
468 638 582 685 inter
615 656 665 686 se
687 676 697 695 ,
742 649 817 686 aut
858 657 885 686 a
926 639 1270 705 protestantibus
1313 657 1412 687 cum
1451 638 1682 687 catholicis

207 714 416 761 ineuntur
449 723 525 760 aut
559 730 707 761 coram
742 714 838 763 solo
871 716 1159 779 magistratu,
1199 725 1276 762 aut
1316 715 1410 763 solo
1450 724 1683 780 praesente

205 788 430 837 haeretico
464 788 698 846 ministro,
728 789 850 837 nulla
883 791 1063 839 omnino
1092 801 1197 838 sunt
1218 791 1326 839 vitio
1349 790 1683 838 clandestinita-

206 864 264 913 tis
292 865 442 927 (174).

301 938 442 1004 quue
475 939 648 988 etiamsi
683 941 890 988 ineantur
923 942 968 987 in
1005 941 1180 989 sacellis
1215 958 1269 989 ac
1302 941 1510 989 domibus
1542 959 1684 988 exem—

206 1015 296 1081 ptis
331 1015 441 1079 regii
476 1015 669 1063 ministri
704 1016 940 1064 acatholici
965 1016 1011 1062 in
1035 1016 1146 1064 locis
1179 1016 1257 1064 ubi
1291 1017 1410 1080 viget
1444 1017 1683 1064 tridentina

204 1090 290 1139 lex.
320 1091 460 1139 Cuius
495 1092 758 1140 assertionis
790 1092 949 1141 vadem
989 1092 1148 1140 damus
1190 1092 1532 1149 resolutionem,
1569 1110 1684 1157 quae

208 1168 375 1216 emissa
411 1178 479 1216 est
503 1186 529 1215 a
554 1186 764 1233 suprema
793 1185 998 1233 congreg.
1033 1186 1096 1217 ss.
1126 1168 1431 1234 inquisitionis
1468 1169 1514 1214 in
1550 1185 1685 1215 causa

205 1243 440 1292 cuiusdam
464 1243 674 1310 Aloysiae
696 1245 861 1292 Mariae
883 1246 936 1291 N.
959 1246 1033 1302 N.,
1061 1262 1177 1310 quae
1210 1255 1305 1292 orta
1338 1245 1383 1291 in
1412 1244 1571 1308 Anglia
1594 1263 1684 1292 una

204 1336 304 1367 cum
340 1319 512 1368 familia
546 1338 629 1368 sua
663 1320 796 1368 exilio
831 1321 935 1368 inde
969 1321 1155 1385 expulsa
1177 1321 1298 1369 venit
1322 1321 1538 1368 Lutetiam
1568 1321 1683 1367 Pari-

207 1395 391 1444 siorum.
447 1396 568 1444 Haec
617 1414 716 1444 cum
766 1397 949 1444 Romam
990 1396 1188 1444 venisset
1234 1415 1307 1444 an.
1358 1399 1498 1443 1832.
1545 1397 1685 1444 eiura-

206 1472 272 1519 vit
315 1489 488 1520 errores
541 1483 687 1519 sectae
726 1473 1012 1537 protestantis
1054 1473 1096 1520 io
1140 1490 1229 1537 qua
1274 1483 1369 1520 orta
1414 1483 1456 1520 et
1497 1473 1683 1520 educata

204 1558 323 1606 erat,
363 1548 581 1614 petiitque
615 1548 867 1596 facultatem
904 1548 1194 1595 contrahendi
1226 1548 1288 1595 ibi
1328 1549 1674 1596 matrimonium.

207 1624 582 1690 Quandoquidem
607 1635 753 1672 autem
790 1625 836 1671 in
874 1624 1085 1672 instantia
1121 1643 1202 1672 sua
1236 1636 1499 1690 exposuerat
1532 1642 1580 1673 se
1610 1625 1682 1672 die

205 1701 284 1747 27.
308 1699 410 1746 Iulii
446 1717 520 1747 an.
561 1701 704 1746 1822.
743 1701 1019 1748 contraxisse
1052 1701 1380 1748 matrimonium
1415 1701 1546 1749 civile
1579 1718 1680 1748 cum

202 1775 320 1840 gallo
355 1776 572 1824 catholico
612 1776 778 1824 Frider.
822 1777 873 1822 N.
915 1778 967 1822 N.
1008 1794 1154 1824 coram
1196 1777 1482 1840 magistratu,
1523 1794 1574 1823 ac
1609 1777 1682 1823 die

203 1852 495 1917 insequenti,
551 1870 711 1917 nempe
758 1854 834 1899 28.
882 1853 1011 1909 Iulii,
1062 1853 1315 1916 coniugium
1357 1853 1515 1900 iterum
1567 1852 1681 1900 cele-

202 1927 360 1976 Brasse
384 1929 430 1975 in
455 1929 586 1977 domo
612 1929 720 1992 regii
745 1930 931 1977 oratoris
961 1929 1202 1976 Britannici
1230 1929 1412 1975 Parisiis
1444 1929 1564 1975 iuxta
1598 1928 1680 1975 for-

203 2021 322 2052 mam
358 2004 573 2053 ecclesiae
608 2005 870 2069 anglicanae
904 2022 1051 2052 coram
1086 2004 1316 2069 capellano
1352 2003 1513 2067 anglici
1549 2003 1680 2049 mini—

207 2081 326 2138 stri,
376 2098 571 2145 expensa
611 2081 694 2127 fuit
734 2081 937 2145 quaestio
984 2080 1100 2127 circa
1144 2079 1417 2127 validitatem
1457 2079 1677 2126 eiusmodi

202 2157 395 2220 coniugii
414 2157 459 2203 in
478 2167 717 2203 memorata
742 2174 950 2220 suprema
970 2174 1007 2203 s.
1021 2156 1097 2203 off.
1114 2156 1469 2219 congregatione,
1488 2172 1540 2202 eo
1558 2156 1678 2219 quod

205 2233 352 2281 adhuc
387 2233 432 2278 in
466 2232 581 2279 vivis
616 2242 766 2295 ageret
798 2234 850 2278 N.
881 2233 932 2278 N.
975 2234 1078 2279 Post
1117 2232 1374 2297 desumptas
1409 2232 1679 2279 informatio—

208 2326 313 2367 nes,
342 2309 452 2356 feria
478 2309 547 2354 IV.
578 2310 654 2354 14.
685 2309 811 2355 Mart.
844 2310 986 2355 1832.
1026 2309 1248 2356 decretum
1282 2319 1373 2356 est:
1418 2308 1576 2354 «Nihil
1601 2308 1679 2354 ob-

207 2394 350 2442 stare,
380 2385 620 2450 quominus
655 2384 819 2432 oratrix
858 2384 1039 2450 Aloysia
1072 2385 1209 2432 Maria
1242 2386 1292 2431 N.
1323 2386 1375 2431 N.
1422 2385 1678 2432 admittatur

203 2460 259 2508 ad
294 2461 589 2508 iuramentum
626 2460 995 2525 suppletorium.»
1036 2460 1163 2516 Quod
1199 2461 1383 2525 perinde
1418 2470 1484 2506 est
1516 2477 1567 2506 ac
1600 2459 1678 2505 de—

202 2537 371 2585 clarare
407 2537 650 2585 invalidum
686 2537 942 2600 coniugium
977 2537 1033 2584 ab
1067 2538 1118 2583 N.
1150 2538 1201 2583 N.
1237 2537 1393 2584 initum
1418 2553 1518 2583 cum
1542 2536 1594 2580 N.
1619 2536 1669 2581 N.

295 2707 384 2748 (174)
406 2707 531 2740 Idcirco
554 2707 795 2740 matrimonium
805 2709 922 2739 Romae
938 2707 1129 2740 attentatum
1144 2707 1185 2739 ab
1199 2707 1343 2747 apostata
1355 2705 1535 2746 Hyacinthe
1545 2705 1675 2745 Achilli,

198 2760 296 2792 cuius
309 2759 517 2793 meminimus
531 2760 564 2792 in
580 2769 634 2801 op.
650 2762 670 2791 1
674 2760 686 2791 l
702 2760 1005 2801 protestantesimo
1020 2768 1037 2792 e
1053 2759 1088 2792 la
1104 2760 1223 2801 reqola
1239 2758 1366 2798 disedc
1380 2766 1447 2798 par.
1463 2759 1521 2788 111.
1537 2759 1673 2798 cap.V1.

206 2813 240 2844 in
255 2813 345 2854 nota,
359 2821 424 2845 non
440 2812 538 2845 modo
555 2813 683 2845 nullum
703 2812 766 2844 fuit
778 2812 820 2845 oh
834 2812 1064 2854 impedimenta
1085 2812 1239 2845 canonica
1261 2810 1392 2843 ordinis
1407 2811 1441 2843 et
1458 2811 1547 2850 voti,
1564 2818 1676 2844 verum

198 2864 299 2897 etiam
321 2864 363 2897 ob
384 2864 652 2906 impedimentum
676 2864 980 2899 clandestinitacis.
