1980 3260
349 246 440 293 352
602 259 681 292 Lm.
710 258 756 292 ιι.
785 256 898 291 secr.
927 256 1099 290 ALTERA.
1127 256 1180 289 nr.
1214 255 1379 289 rornsr.
1408 255 1551 291 civim.

346 337 466 404 quod
499 336 610 386 tales
645 336 691 383 in
724 335 899 401 imperii
931 334 1109 398 fastigio
1141 333 1424 382 collocaverit
1451 353 1475 380 «
1490 334 1537 381 in
1561 335 1726 400 quibus
1755 338 1815 394 ad

346 416 481 463 totius
514 412 670 461 mundi
703 413 891 461 salutem
923 422 966 460 et
998 412 1122 476 regia
1155 421 1352 477 potestas
1380 421 1424 460 et
1449 411 1817 463 sacerdotalism-

344 500 460 555 yeret
486 490 705 537 industria
727 491 876 552 (11)‚»
893 497 937 536 et
959 487 1068 536 alibi
1091 488 1354 553 episcopum
1377 487 1819 553 constantinopolita-

344 583 451 613 num
478 565 761 623 adhortatur,
781 575 831 612 ut
848 565 1051 614 observet
1078 564 1408 629 religiosissimi
1440 564 1820 629 principis.«Non

345 641 488 690 solum
524 642 694 705 regiam
713 679 723 699 ,
762 641 842 689 sed
875 651 918 689 et
951 641 1258 688 sacerdotalem
1290 642 1430 706 ipsius
1461 652 1641 689 mentem
1663 642 1815 705 (12).»

344 718 634 766 Commendat
655 719 701 765 in
725 718 990 783 imperatore
1021 718 1329 765 sacerdotalem
1357 728 1397 765 et
1424 719 1705 783 apostolieum
1726 719 1822 766 ani-

343 813 460 841 mum
477 796 519 857 (1
529 796 594 858 3).
607 794 788 843 Extollit
803 795 849 841 in
869 794 1005 842 altero
1021 794 1328 842 sacerdotalem
1342 794 1681 842 sollicitudinem
1695 795 1792 859 (14)
1803 832 1814 853 ,

344 888 425 919 nec
444 870 583 919 solam
601 871 769 934 regiam
787 880 1048 936 potestatem
1062 909 1072 929 ‚
1095 870 1175 919 sed
1191 871 1324 919 etiam
1341 870 1650 919 sacerdotalem
1665 870 1820 920 doctri-

345 965 447 995 nam
470 950 586 1012 (15).
611 947 709 1004 Quo
732 948 897 1014 pariter
925 965 1063 996 sensu
1097 947 1334 996 concilium
1369 947 1723 996 chalcedonense
1745 964 1820 997 ac—

344 1025 553 1074 clamavit
583 1025 797 1073 sacerdoti
826 1026 1104 1090 imperatori,
1142 1042 1301 1090 nempe
1331 1025 1556 1072 Marciano
1578 1025 1698 1088 (16).

440 1100 566 1157 Quae
599 1102 781 1167 quidem
814 1101 964 1149 omnia
997 1100 1253 1165 complexus
1294 1110 1363 1148 est
1395 1117 1587 1164 magnus
1618 1100 1819 1166 Aquinas

344 1177 391 1224 in
424 1177 588 1225 celebri
627 1196 761 1244 opere
795 1178 915 1244 quod
949 1177 1180 1241 inscripsit
1212 1177 1276 1223 De
1315 1178 1522 1241 reqimine
1558 1177 1777 1242 principis
1799 1214 1814 1234 ‚

344 1270 398 1301 ac
429 1254 545 1301 mira
567 1292 577 1312 ,
619 1264 669 1301 ut
702 1253 845 1311 solet,
883 1253 1029 1316 logica
1063 1252 1330 1300 deductione
1369 1252 1619 1301 concludit:
1654 1273 1677 1299 ι(
1705 1252 1821 1312 Quia

343 1329 480 1392 igitur
501 1330 618 1378 vitae
633 1368 643 1388 ‚
672 1348 763 1395 qua
779 1330 826 1376 in
844 1329 1064 1395 praesenti
1087 1328 1202 1377 bene
1222 1329 1415 1377 vivimus
1429 1367 1439 1387 ‚
1461 1329 1565 1377 finis
1588 1339 1657 1378 est
1676 1329 1820 1380 beati-

342 1404 453 1453 tudo
485 1405 692 1453 caelestis
711 1443 720 1462 ‚
749 1405 807 1452 ad
830 1406 948 1469 regis
972 1404 1170 1453 officium
1196 1405 1388 1470 pertinet
1411 1421 1464 1452 ea
1487 1405 1660 1454 ratione
1680 1406 1819 1454 vitam

342 1481 644 1530 multitudinis
683 1481 846 1530 bonam
881 1499 1119 1547 procurare
1135 1520 1145 1540 ,
1184 1482 1431 1530 secundum
1460 1482 1582 1548 quod
1615 1482 1821 1546 congruit

344 1558 402 1606 ad
435 1558 671 1607 caelestem
704 1558 1026 1607 beatitudinem
1059 1559 1418 1624 consequendam
1432 1597 1443 1616 ,
1482 1569 1532 1607 ut
1566 1558 1737 1607 scilicet
1764 1576 1820 1608 ea

342 1635 618 1700 praecipiat,
656 1652 772 1700 quae
804 1635 862 1683 ad
897 1634 1135 1683 caelestem
1177 1634 1498 1682 beatitudinem
1538 1635 1739 1693 ducunt,
1774 1645 1821 1684 et

343 1728 491 1760 eorum
524 1712 746 1761 contraria
763 1750 773 1770 ‚
812 1711 1058 1760 secundum
1091 1711 1212 1776 quod
1246 1711 1379 1758 fuerit
1410 1711 1643 1776 possibile,
1682 1711 1821 1760 inter-

343 1786 478 1836 dicat.
512 1787 638 1844 Quae
661 1798 808 1836 autem
831 1788 891 1846 sit
914 1788 972 1836 ad
993 1804 1145 1835 veram
1167 1787 1488 1835 beatitudinem
1511 1787 1586 1836 via
1600 1825 1610 1845 ,
1637 1798 1682 1836 et
1702 1804 1820 1853 quae

345 1864 436 1912 sint
468 1865 788 1931 impedimenta
821 1865 919 1913 eius
953 1882 1008 1912 ex
1041 1864 1137 1929 lege
1170 1864 1324 1912 divina
1355 1865 1660 1928 cognoscitur,
1697 1866 1820 1914 cuius

349 1940 545 1989 doctrina
572 1944 761 2007 pertinet
794 1942 853 1990 ad
884 1941 1118 1990 sacerdotis
1158 1942 1370 2007 officium,
1418 1941 1665 1989 secundum
1706 1941 1820 1989 illud

348 2017 591 2067 Malachiae
623 2020 679 2066 ΙΙ.
712 2021 756 2068 7.
789 2019 915 2067 labia
947 2018 1182 2067 sacerdotis
1216 2017 1455 2065 custodient
1491 2019 1742 2074 scientiam,
1779 2028 1822 2066 et

351 2094 484 2158 leqem
514 2097 733 2160 requirent
764 2114 820 2144 ex
853 2112 923 2143 ore
956 2096 1062 2142 eius.
1088 2094 1148 2142 ⁴Et
1181 2094 1282 2143 ideo
1304 2094 1434 2142 Deut.
1461 2094 1593 2141 XVII.
1623 2094 1701 2141 18.
1735 2094 1821 2142 Do-

346 2169 495 2218 minus
546 2172 810 2237 praecepit:
858 2172 1096 2236 Postquam
1142 2169 1303 2218 sederit
1344 2186 1424 2217 reae
1463 2171 1511 2217 in
1548 2170 1656 2217 solio
1696 2171 1824 2235 reqni

347 2247 421 2294 sui
452 2245 661 2293 describet
694 2248 782 2294 sibi
811 2247 1186 2295 Deuteronomium
1221 2246 1326 2311 leqis
1362 2245 1489 2292 huius
1509 2247 1557 2292 in
1577 2246 1814 2302 volumine,

346 2322 527 2387 accipiet
549 2323 771 2386 eoeemplar
793 2341 820 2371 a
842 2323 1059 2370 sacerdote
1085 2322 1248 2370 levitici
1270 2321 1460 2377 ordinis,
1488 2331 1529 2368 et
1552 2321 1722 2369 habebit
1753 2339 1820 2370 se-

346 2414 464 2454 cam,
493 2398 687 2462 leqatque
720 2399 833 2446 illud
867 2400 1062 2447 omnibus
1095 2399 1245 2446 diebus
1278 2399 1396 2446 vitae
1428 2415 1562 2453 suae,
1599 2408 1649 2445 ut
1678 2398 1819 2447 discat

349 2476 495 2523 timere
527 2475 758 2523 Dominum
791 2476 928 2523 Deum
959 2494 1086 2523 saum
1118 2486 1159 2523 et
1181 2475 1394 2523 custodire
1415 2474 1547 2521 verba
1569 2484 1610 2521 et
1639 2490 1819 2522 ceremo-

442 2617 510 2659 (ιι)
527 2618 631 2660 Epist.
652 2619 748 2651 CXV.
764 2617 807 2650 ad
824 2617 1023 2651 Marcianum
1044 2619 1224 2659 Augustum
1241 2627 1271 2651 c.
1285 2619 1312 2650 1.
1328 2617 1380 2650 ed.
1396 2615 1547 2649 Ballerin.
1561 2615 1637 2648 coll.
1654 2619 1725 2648 120.

442 2670 509 2711 (12)
530 2670 632 2712 Epist.
655 2671 750 2703 CLV.
769 2669 812 2702 ad
829 2670 1015 2702 Anatolium
1036 2670 1099 2702 col.
1122 2674 1210 2704 1317.

444 2723 510 2763 (13)
534 2722 635 2764 Epist.
658 2723 769 2755 CLVI.
783 2721 825 2754 ad
843 2723 983 2754 Leonem
1004 2724 1138 2763 August.
1151 2731 1181 2755 c.
1194 2723 1251 2755 VI.
1266 2722 1329 2754 col.
1348 2725 1438 2754 1325.

444 2774 510 2816 (14)
531 2775 637 2817 Epist.
659 2776 834 2808 CXLVIII.
850 2773 894 2807 ad
913 2775 1068 2806 Marcian.
1085 2776 1220 2816 August.
1235 2783 1264 2807 c.
1280 2776 1307 2807 Ι.
1321 2774 1384 2806 ool.
1403 2776 1494 2806 1297.

447 2827 512 2869 (15)
534 2828 645 2870 Epist..
658 2829 771 2861 CXVI.
788 2827 830 2860 ad
845 2827 1047 2860 pulcheriam
1061 2828 1196 2868 August.
1208 2836 1238 2860 c.
1255 2829 1282 2860 Ι.
1299 2826 1361 2859 col.
1381 2829 1468 2860 1207.

452 2881 517 2922 (16)
536 2883 624 2915 Acta
643 2884 738 2915 conc.
757 2880 915 2915 Harduin.
929 2881 1010 2914 tom.
1026 2881 1143 2914 11.001.
1159 2883 1230 2914 490.
