1980 3260
253 239 341 284 306
565 251 645 281 Lm.
676 249 721 281 11.
753 249 866 281 sacr.
897 249 925 281 1.
960 248 1012 280 ΒΕ
1037 248 1205 280 rorsssr.
1239 247 1404 281 scenas.

251 331 386 379 tentia
420 338 607 391 negante
643 327 792 390 vigeat
825 325 1006 391 quidem
1037 326 1082 372 in
1110 326 1340 374 conversis
1374 327 1729 388 matrimonium,

250 407 327 455 sed
364 415 413 452 ut
448 403 638 468 simplex
674 403 892 450 naturalis
928 412 1179 450 contractus
1203 440 1213 459 ‚
1259 402 1488 450 seiunctus
1524 420 1551 450 a
1584 421 1733 454 sacra-

249 483 384 530 menti
419 481 621 537 ratione;
669 482 713 527 2.
753 480 874 545 quod
907 479 1129 527 eiusmodi
1164 479 1377 543 coniuges
1413 490 1629 545 perpetuo
1662 481 1736 529 de-

249 561 382 608 beant
411 558 553 623 gratia
587 557 901 606 sacramentali
935 557 1146 615 destitui,
1175 575 1229 605 ac
1252 547 1440 623 proinde
1463 557 1619 621 gratiis
1643 557 1738 606 illis

249 636 499 684 actualibus
547 635 601 682 ad
645 652 759 699 quas
798 634 844 682 vi
886 633 1155 682 sacramenti
1190 634 1262 682 ius
1299 634 1533 683 haberent.
1573 633 1737 682 Contra

248 730 380 770 vero⁷
418 712 464 758 in
501 712 725 760 sententia
754 711 1029 769 affirmante,
1065 712 1326 778 utriusque,
1362 721 1620 760 contractus
1654 710 1738 760 sci-

248 789 352 836 licet
396 799 439 836 et
480 788 746 836 sacramenti
791 788 902 835 ratio
937 805 1027 836 non
1061 788 1368 845 desideratur,
1407 805 1460 836 ac
1500 797 1737 853 propterea

251 865 406 913 fideles
437 865 485 912 hi
522 865 734 929 coniuges
775 865 919 928 gratia
948 864 1258 913 sacramentali
1283 865 1491 913 fruuntur
1511 882 1603 912 una
1635 881 1737 913 cum

249 942 443 992 auxiliis.
465 941 714 989 actualibus
739 941 804 988 illi
829 941 1033 989 adnexis.

347 1019 494 1067 Tertia
530 1019 730 1067 succedit
763 1019 989 1085 quaestio;
1018 1036 1075 1066 an
1100 1019 1213 1067 ratio
1242 1019 1511 1067 sacramenti
1534 1036 1589 1067 ex
1611 1028 1739 1084 parte

254 1096 401 1143 fidelis
437 1095 682 1153 habeatur,
714 1095 753 1143 si
788 1095 899 1144 forte
933 1113 1022 1144 non
1055 1106 1267 1160 uterque,
1308 1095 1388 1142 sed
1422 1094 1533 1142 alter
1564 1104 1738 1143 tantum

251 1173 490 1237 coniugum
525 1183 835 1231 convertatur,
881 1172 949 1221 vel
984 1173 1024 1221 si
1054 1190 1107 1219 ex
1145 1171 1362 1220 ecclesiae
1401 1171 1740 1237 dispensatione

252 1250 400 1297 fidelis
447 1267 549 1297 cum
595 1249 766 1296 infideli
808 1249 1142 1297 matrimonium
1185 1248 1321 1296 ineat.
1369 1248 1593 1305 Quoniam
1631 1265 1740 1298 vero

252 1327 414 1391 prioris
438 1343 571 1374 casus
602 1326 764 1374 solutio
799 1343 962 1389 magna
985 1344 1038 1374 ex
1062 1336 1187 1391 parte
1210 1325 1375 1390 pendet
1397 1343 1452 1374 ex
1475 1325 1738 1391 posterioris

251 1403 473 1450 solutione
491 1441 501 1460 ,
529 1420 583 1450 ex
607 1403 692 1449 hac
714 1402 980 1467 incipiemus
1013 1402 1282 1468 inquirendo
1297 1440 1307 1460 ,
1336 1420 1443 1450 num
1467 1402 1737 1451 sacramenti

252 1480 364 1527 ratio
400 1479 684 1543 agnoscenda
718 1479 778 1526 sit
810 1479 856 1526 in
893 1479 1102 1544 coniugio
1124 1518 1134 1538 ‚
1174 1480 1294 1546 quod
1330 1479 1477 1528 fidelis
1515 1479 1742 1529 contrahit

252 1574 354 1604 cum
388 1555 576 1603 infideli.
611 1555 733 1602 Nihil
769 1573 898 1621 porro
933 1556 990 1604 ad
1025 1574 1124 1604 eam
1152 1556 1452 1604 dirimendam
1475 1556 1607 1605 nobis
1631 1574 1740 1622 sup-

253 1633 363 1698 petit
397 1633 493 1680 sive
528 1650 582 1679 ex
616 1649 709 1680 sac.
748 1631 934 1690 litteris,
974 1633 1070 1681 sive
1103 1651 1156 1681 ex
1191 1634 1439 1699 apostolica
1471 1633 1736 1690 traditione3

254 1709 448 1774 theologi
474 1726 579 1757 vero
607 1719 650 1756 et
679 1709 724 1756 in
756 1709 842 1757 hoc
875 1709 1007 1757 valde
1038 1710 1157 1757 inter
1185 1727 1235 1758 se
1269 1709 1566 1767 dissentiunt;
1605 1709 1742 1758 adeo-

254 1804 341 1851 que
367 1785 635 1834 coniecturis
671 1785 774 1851 plus
808 1786 957 1834 minus
993 1786 1288 1835 suadentibus
1323 1786 1638 1850 indulgeamus
1663 1803 1743 1834 ne-

256 1880 381 1910 cesse
415 1873 483 1910 est
505 1901 515 1920 ,
555 1879 638 1910 nec
672 1863 914 1928 quicquam
949 1863 1056 1911 certi
1092 1864 1363 1912 constituere
1392 1863 1654 1930 poterimus.

351 1939 507 1986 Verum
538 1939 657 2004 quod
687 1939 831 2003 magis
856 1939 1008 1986 mirari
1033 1939 1188 1987 subest
1211 1939 1323 1987 illud
1346 1950 1439 1997 est,
1467 1938 1590 2005 quod
1613 1938 1741 1986 theo-

258 2015 456 2078 logorum
490 2015 692 2081 plerique
726 2017 805 2082 qui
840 2016 1027 2064 inficiati
1068 2027 1174 2064 sunt
1209 2016 1460 2064 infidelium
1498 2015 1736 2080 coniugia,

258 2109 360 2138 cum
395 2091 426 2137 ii
460 2092 751 2140 christianam
787 2094 1051 2159 profitentur
1092 2094 1353 2157 religionem
1387 2111 1440 2141 ac
1470 2093 1742 2159 baptismate

258 2168 487 2231 tinguntur
516 2169 699 2217 induere
734 2171 999 2219 sacramenti
1034 2182 1261 2228 naturam,
1301 2181 1352 2218 ut
1382 2169 1625 2235 plurimum
1660 2169 1742 2217 ad-

259 2254 434 2291 struant
467 2247 729 2293 sacramenti
766 2247 983 2295 rationem
1016 2247 1174 2295 haberi
1198 2265 1253 2295 ex
1276 2258 1402 2312 parte
1436 2246 1587 2304 fideli,
1625 2262 1743 2312 quae

259 2338 360 2367 cum
396 2320 566 2367 infideli
603 2322 885 2385 coniungitur
919 2325 1035 2386 (23).
1060 2324 1223 2372 Contra
1244 2341 1350 2372 vero
1378 2334 1543 2388 negant
1570 2323 1744 2389 passim

261 2397 307 2443 in
337 2396 559 2444 eiusmodi
597 2398 908 2447 coniunctione
946 2411 1272 2449 sacramentum
1305 2401 1490 2466 reperiri
1530 2401 1577 2448 in
1618 2410 1745 2466 parte

261 2473 384 2521 fideli
410 2473 603 2537 theologi
628 2473 716 2531 illi,
739 2475 816 2539 qui
835 2488 1085 2539 agnoscunt
1107 2487 1436 2526 sacramentum
1460 2494 1673 2540 exurgere
1689 2493 1743 2524 ex

261 2550 511 2598 infidelium
540 2561 797 2609 contractu,
826 2569 926 2599 cum
950 2553 1223 2620 baptismum
1249 2555 1502 2620 suscipiunt
1523 2554 1640 2616 (24).

358 2626 545 2693 Utrique
585 2627 932 2686 contendenteS‚
974 2640 1023 2677 ut
1057 2630 1288 2679 innuimus
1312 2669 1322 2688 ,
1360 2629 1576 2677 dimicant
1609 2628 1745 2677 ratio-

358 2771 424 2812 (23)
445 2771 496 2803 Ita
508 2771 646 2813 Eckius,
667 2773 745 2805 Soto
758 2796 767 2812 ,
782 2772 947 2813 Tournely
956 2797 967 2813 ‚
981 2773 1105 2814 (louet,
1120 2774 1242 2815 aliique
1255 2780 1339 2814 quos
1350 2771 1457 2804 Collet
1470 2769 1589 2812 allegat
1603 2780 1637 2803 n.
1651 2773 1723 2804 267.

357 2822 423 2863 (24)
445 2824 495 2856 Ita
516 2826 686 2866 vasquez,
712 2825 873 2866 sanchez,
897 2825 1050 2867 Pontius,
1073 2826 1194 2867 Kugler
1213 2834 1288 2858 cum
1309 2824 1384 2857 aliIs
1406 2824 1448 2857 ab
1467 2823 1581 2858 eodem
1594 2823 1747 2875 adductis

260 2885 294 2916 q.
313 2877 518 2910 V11.n.413.
