1980 3260
215 235 305 267 cir.
326 236 370 268 11.
390 236 441 269 nn
459 236 600 269 roi-ns.
619 237 754 271 nunc.
774 238 856 270 rm.
874 238 957 271 cm.
976 239 1100 272 uun.
1118 239 1279 272 cnam.
1296 239 1390 272 aar.
1407 239 1452 272 n.
1506 224 1597 271 38³

144 345 147 347 >
187 315 192 320 “
235 316 279 361 3.
319 315 499 364 Accedit
542 317 693 382 praxis
734 328 778 366 et
812 335 922 367 usus
956 317 1012 366 ab
1045 318 1607 383 immemorabili·‚?.penes

135 389 362 455 politicam
397 403 656 458 potestatem
692 404 894 459 receptus
910 432 920 451 ‚
958 393 1257 459 fundatusque
1289 394 1335 441 in
1367 394 1467 459 ipsa
1500 406 1605 443 cont-

134 466 244 531 iugii
277 478 436 516 natura
457 506 467 525 ‚
506 469 804 517 constituendi
844 469 1063 517 eiusmodi
1105 469 1420 534 impedimenta
1436 506 1452 526 .,
1474 471 1607 534 quae

133 543 306 591 nullum
344 561 397 592 ac
430 545 604 592 irritum
639 545 827 593 reddant
861 546 1139 609 coniugium,
1168 544 1288 610 quod
1311 556 1470 593 contra>
1484 545 1606 609 leges

132 619 298 667 initum>
317 619 472 677 fuerit,
501 631 550 669 ut
572 622 852 670 documentis
875 622 1126 686 omnigenis
1150 639 1227 687 per
1249 621 1401 670 secula
1424 618 1603 686 singula

130 694 326 743 ostendit
359 695 625 745 Gerbaesius
659 699 776 760 (62).
800 698 866 744 Ad
891 698 1013 745 hunc
1035 707 1257 745 auctorem
1279 687 1433 762 utpote
1454 697 1605 762 copio-

129 787 231 829 sum
249 808 260 827 ,
297 781 342 818 et
373 771 451 836 qui
486 789 696 837 expresse
730 773 787 820 de
820 773 905 821 hoc
936 775 1175 838 vpertractat
1206 783 1467 835 argumento
1499 789 1604 821 con-

127 847 368 896 sueverunt
396 865 446 895 se
476 848 672 913 recipere
699 860 902 896 auctores
937 848 1219 915 posteriores·
1236 848 1294 896 ad
1329 849 1463 896 idem·
1481 849 1605 896 evin*

127 922 345 980 cendum,
376 924 614 988 praecipue
646 924 794 989 quoad
829 924 906 971 illa
939 924 1224 981 documenta,
1254 941 1371 989 quae
1392 934 1603 989 petuntur

126 1015 181 1046 ex
224 997 398 1062 legibus
441 998 756 1064 imperatorum
797 999 1142 1047 christianorum
1160 1037 1173 1057 ‚
1209 1010 1412 1048 necnon
1448 1016 1601 1063 regum

127 1075 181 1122 ac
195 1073 477 1140 principum,
507 1075 614 1140 qui,
640 1074 862 1123 dissoluto
886 1075 1072 1140 imperio
1096 1093 1280 1134 romano
1298 1113 1309 1133 ‚
1327 1075 1457 1140 'leges
1481 1074 1599 1124 circa

126 1150 333 1214 coniugia
365 1168 444 1216 pro
481 1150 577 1198 suis
612 1149 804 1198 subditis
838 1150 1126 1198 reddiderunt
1148 1153 1266 1214 (63).

226 1227 269 1273 4.
311 1226 435 1282 Quod
451 1227 568 1273 Deus
592 1227 808 1282 conium-it,
833 1226 982 1291 inquit»
995 1226 1200 1279 Christus
1213 1265 1223 1283 ,
1241 1226 1367 1274 homo
1384 1244 1468 1274 non
1485 1242 1604 1291 sepa=

124 1313 204 1350 ret.
234 1303 368 1351 Porro
391 1303 510 1350 Deus
546 1320 626 1367 per
648 1321 808 1350 causas
840 1303 1064 1350 naturales
1094 1314 1138 1351 et
1166 1302 1416 1351 ordinarias
1448 1304 1606 1351 huma-

123 1395 205 1427 nos
239 1388 490 1427 contractus
525 1379 718 1444 perficit,
757 1378 842 1426 hoc
874 1389 964 1435 est,
1003 1379 1260 1426 auctoritate
1282 1378 1430 1442 legum
1449 1416 1459 1436 ‚
1477 1379 1605 1426 'sicut

123 1453 348 1502 naturales
383 1472 453 1502 res
477 1471 557 1520 per
579 1471 740 1502 causas
775 1454 1014 1502 naturales.
1054 1455 1150 1502 Non
1175 1454 1325 1520 itaque
1348 1455 1600 1502 Deus-con-

122 1531 284 1595 iungit,
306 1530 425 1596 quod
445 1531 756 1579 contra'iustas
774 1530 896 1596 leges
916 1531 1136 1578 humanas
1154 1531 1452 1594 coniungitur.
1470 1531 1602 1578 Num·-

122 1623 258 1672 quam
292 1617 498 1672 poterunt
530 1607 714 1655 iuristae
748 1607 837 1665 illi,
875 1607 952 1672 qui
987 1617 1247 1673 potestatem
1283 1606 1484 1655 tribuunt
1515 1606 1601 1655 soli

122 1682 340 1731 ecclesiae
373 1683 596 1731 statuendi
621 1683 938 1748 impedimenta
955 1721 965 1740 ‚
994 1683 1183 1749 probare
1206 1683 1467 1732 auctoritate
1491 1683 1603 1730 iuris

122 1758 266 1807 divini
299 1770 377 1807 aut
409 1759 633 1817 canonici,
670 1776 754 1808 nec
786 1759 920 1807 etiam
960 1760 1130 1808 ratione
1163 1759 1256 1807 ulla
1291 1759 1486 1816 efficaci,
1524 1776 1604 1823 per

132 1833 218 1882 hoc
241 1851 423 1899 nempe,
450 1835 571 1900 quod
595 1835 727 1883 etiam
752 1835 907 1883 eadem
931 1846 1128 1901 potestas
1158 1834 1410 1885 vindicetur
1438 1834 1600 1899 princi÷

123 1909 258 1975 pibus
282 1910 582 1968 secularibus,
613 1911 817 1976 derogari
841 1911 1090 1959 auctoritati
1115 1910 1471 1968 ecclesiasticam
1499 1927 1600 1959 cum

126 1987 278 2052 potius
312 1987 532 2036 conducat
565 1987 781 2036 ecclesiae
814 1988 931 2054 paci.
967 1988 1011 2035 Si
1046 1988 1164 2035 enim
1199 1987 1271 2036 ius
1305 1987 1454 2053 ipsum
1487 1986 1602 2035 divi-

123 2079 230 2111 num
255 2063 467 2130 permittit
484 2063 711 2129 prohiberi
729 2064 786 2112 ab
803 2064 1016 2122 ecclesia,
1039 2064 1158 2130 quod
1176 2063 1325 2129 ipsum
1342 2063 1601 2130 non'prohi-

124 2138 220 2198 bet,
254 2155 393 2206 quare
426 2139 615 2189 ecclesia
638 2156 725 2188 non
750 2140 972 2206 permittat
994 2138 1185 2199 seculari
1214 2138 1419 2205 potestati
1450 2137 1603 2204 prohi-

222 2309 289 2351 (62)
310 2311 372 2352 op.
391 2311 425 2343 et
452 2310 514 2343 loc.
534 2310 592 2343 cit.
615 2310 646 2352 ς.
671 2312 722 2343 on
739 2319 875 2353 prouve
898 2309 930 2344 le
946 2311 1099 2353 pouvotr
1118 2310 1179 2344 des
1204 2311 1363 2353 princes,
1382 2318 1452 2352 par
1472 2308 1603 2349 l'usaqe

123 2361 229 2405 qu’its
249 2370 292 2396 en
312 2364 375 2396 ont
389 2362 486 2404 sam
502 2364 723 2405 provocatque
745 2363 787 2396 ad
811 2364 864 2397 ius
887 2372 1076 2405 romanum,
1099 2363 1141 2397 ad
1163 2363 1309 2397 codicem
1331 2361 1603 2408 theodosion.‚ad

126 2414 286 2456 digestum
300 2415 357 2448 ubi
372 2415 582 2449 inveniuntur
602 2416 688 2449 tituli
707 2418 754 2450 De
770 2418 844 2450 ritu
859 2419 1065 2459 nuptiarum
1074 2428 1088 2457 ,-
1099 2416 1142 2450 de
1162 2418 1241 2450 {ure
1260 2416 1415 2455 dotium5
1434 2415 1477 2448 de
1488 2415 1604 2456 pactis

125 2466 304 2501 dotalibus
310 2479 324 2508 ,·
343 2467 387 2501 de
406 2468 594 2502 donatione
614 2471 708 2502 inter
734 2471 854 2503 virum
874 2471 909 2502 et
930 2477 1100 2502 uxorem:
1122 2468 1165 2502 de
1184 2468 1348 2502 divortiis
1368 2470 1401 2501 ee
1423 2465 1577 2509 repudiis
1589 2476 1602 2499 .-

125 2519 170 2553 αα
191 2519 308 2554 soluto
332 2522 578 2554 matrimonio.-
595 2521 638 2554 de
655 2523 792 2555 actione
812 2530 932 2555 rerum
952 2523 1152 2555 amotarum
1167 2545 1177 2563 ,
1197 2522 1240 2555 ad
1255 2521 1407 2562 codicem
1431 2519 1600 2552 lustinian.

125 2572 178 2605 tit.
197 2574 248 2605 Dc
262 2574 417 2615 nuptiis.-
438 2572 482 2606 de
512 2575 650 2607 incestis
671 2576 705 2607 et
724 2574 911 2607 inutilibus
932 2575 1082 2617 nupms:
1097 2576 1134 2607 εἰ
1151 2575 1295 2617 nuptiae
1307 2582 1352 2606 esc
1367 2572 1534 2613 rescripto
1544 2579 1602 2612 pe-

127 2626 274 2658 tuntur:
297 2625 342 2659 de
361 2626 518 2669 repudiis
524 2638 538 2667 ‚·
558 2629 657 2668 atque
678 2627 721 2660 ad
746 2627 856 2669 plures
881 2627 1026 2661 eiusdem
1046 2628 1252 2670 imperatoris
1273 2625 1450 2664 novellas,-
1470 2623 1603 2657 tandem

125 2678 168 2710 ad
195 2679 325 2712 codices
343 2681 607 2722 ostrogothorum
619 2706 628 2722 ,
658 2681 932 2724 longobardorum
955 2691 1133 2724 regumque
1153 2682 1349 2714 francorum.

221 2731 287 2772 (6³)
308 2731 363 2765 Uti
388 2734 515 2774 praeter
540 2733 695 2774 allegatos
723 2733 868 2767 fecerunt
888 2734 980 2767 Icard
1000 2734 1035 2766 in
1048 2735 1192 2767 Dissere.
1206 2733 1249 2766 de
1263 2730 1600 2774 impedimmamm.

126 2784 202 2815 iure
233 2784 349 2818 civilis
383 2785 559 2827 inductis,
580 2788 725 2828 αμιν.
752 2795 825 2829 pag.
841 2792 860 2821 8
889 2796 986 2829 seqq.
1004 2787 1117 2821 addita
1147 2785 1299 2820 tractatui
1327 2784 1369 2818 de
1394 2783 1602 2817 matrimonio

126 2836 163 2868 P.
176 2835 323 2870 Billuart.
339 2837 432 2870 Paris
451 2841 526 2872 1827
542 2855 554 2864 ·
570 2843 620 2872 31.
637 2840 718 2872 Item
740 2840 886 2874 cari-iere
908 2841 972 2874 loc.
989 2841 1045 2874 cit.
1565 2830 1568 2834 ’
