1980 3260
343 245 430 289 260
657 253 736 283 Lm.
766 251 812 282 11.
840 250 955 281 sacr.
979 250 1009 280 1.
1039 248 1090 279 ni:
1126 245 1293 278 romsr.
1323 245 1488 278 noctus.

436 335 509 379 27.
550 333 599 377 ln
629 329 853 394 aliquibus
879 326 1056 391 imperii
1091 323 1293 371 Russiaci
1318 324 1561 388 provinciis
1582 327 1700 389 (99).

434 410 509 453 28.
551 405 680 470 Apud
715 404 944 451 Ruthenos
968 403 1117 464 (100).

433 560 528 605 Non
564 557 646 604 fuit
681 566 827 603 autem
863 553 1151 601 tridentinum
1186 551 1411 599 decretum
1436 551 1490 597 in
1506 551 1685 616 Europa
1708 569 1814 616 pro-

339 634 427 680 mul
461 643 598 680 atum:

431 651 478 754 ῗ.
520 709 569 754 In
603 706 783 770 Anglia,
821 705 988 761 Scofia,
1031 721 1084 751 ac
1114 703 1339 752 nonnullis
1370 702 1610 751 Hiberniae
1638 703 1815 768 provin-

339 786 421 832 ciis
439 786 588 847 (101).
1455 779 1457 781 ’

437 861 480 906 2.
521 860 571 905 ln
594 859 805 906 Borussia
829 874 982 923 presse
1006 867 1207 921 sumpta,
1230 873 1311 904 seu
1331 856 1560 921 primitivo
1584 855 1722 905 huius
1738 872 1814 904 no-

337 936 472 983 minis
498 935 766 1000 principatu.

437 1015 479 1059 3.
522 1013 571 1058 In
606 1011 880 1059 Pomerania.

439 1090 483 1134 4.
524 1088 574 1133 In
609 1087 815 1134 Saxonia.

437 1167 481 1209 5.
522 1164 571 1209 In
605 1163 773 1211 Svecia.

440 1243 483 1285 6.
523 1239 798 1302 Argentorati
828 1239 975 1300 (102).

341 1449 471 1481 propag.
487 1439 552 1472 fide
566 1440 687 1481 plurioe
700 1439 878 1481 postulasse
888 1464 899 1480 ‚
914 1441 952 1472 ut
964 1449 991 1472 s.
1001 1439 1088 1473 sedis
1103 1439 1262 1473 iudicium
1276 1440 1355 1482 ipsis
1367 1440 1582 1473 innotesceret
1594 1439 1680 1473 circa
1694 1437 1813 1473 vatidi-

342 1495 441 1525 tatem
454 1492 738 1525 matrimoniorum
746 1517 756 1533 ‚
770 1501 854 1534 quae
868 1492 951 1525 inter
962 1501 1062 1525 unam
1071 1494 1196 1535 partem
1209 1493 1403 1526 catholicam
1416 1494 1449 1526 et
1459 1493 1593 1526 alteram
1604 1492 1815 1534 haereticam,

341 1555 406 1577 non
433 1546 562 1578 servata
582 1545 688 1577 forma
706 1545 837 1577 concilii
858 1545 1027 1578 tridentini
1041 1546 1075 1578 in
1090 1546 1153 1579 isto
1166 1555 1264 1588 regno
1278 1547 1525 1579 contrahuntur.
1540 1547 1625 1579 cum
1638 1547 1750 1588 itaque
1760 1555 1814 1579 ne·

341 1599 499 1631 cessariae
513 1598 555 1630 ad
571 1598 799 1631 resolvendum
814 1598 952 1631 dubium
965 1599 1101 1632 notitiae
1113 1599 1288 1640 requisitae
1298 1600 1431 1641 ruerint,
1442 1608 1481 1632 ac
1494 1599 1626 1632 demum
1639 1599 1701 1632 sub
1714 1599 1769 1632 die
1783 1603 1815 1633 ³.

339 1653 434 1684 Mart.
449 1651 609 1684 currentis
624 1651 659 1683 in
672 1652 837 1684 maturum
859 1661 994 1685 examen
1015 1653 1050 1685 in
1074 1662 1102 1685 s.
1119 1661 1269 1694 congreg.
1293 1662 1321 1686 s.
1343 1652 1403 1685 off.
1426 1661 1538 1686 coram
1554 1652 1703 1686 sanctiss.
1717 1653 1760 1685 D.
1772 1653 1814 1685 R.

337 1705 398 1736 Pio
410 1706 468 1736 vl.
483 1705 636 1737 vocatum
654 1704 770 1746 fuerit,
783 1704 944 1737 Sanctitas
961 1713 1036 1746 sua,
1049 1705 1170 1738 auditis
1183 1705 1382 1738 eminentiss.
1397 1704 1487 1738 card.
1500 1705 1699 1746 generalium
1713 1702 1818 1746 inqui-

343 1758 478 1789 sitorum
500 1757 681 1799 suffragiis,
706 1757 851 1791 decrevit
873 1758 1079 1791 matrimonia
1100 1759 1203 1791 mixta
1217 1758 1252 1791 in
1271 1757 1427 1791 Hibernia
1453 1758 1621 1790 contracta
1637 1758 1672 1791 et
1689 1758 1817 1790 eontra·

342 1810 464 1851 nenda,
479 1819 545 1843 non
560 1811 687 1843 servata
708 1810 814 1843 forma
827 1819 919 1844 conc.
938 1811 1107 1844 tridentini
1122 1813 1160 1844 in
1177 1811 1260 1844 locis
1271 1813 1308 1844 in
1320 1810 1448 1853 quibus
1461 1811 1532 1844 sive
1544 1810 1720 1844 concilium
1735 1809 1816 1843 trid.

343 1863 412 1895 sive
424 1863 494 1896 eius
509 1863 675 1896 decretum
689 1872 768 1896 sess.
780 1866 831 1897 24.
843 1872 873 1896 c.
890 1868 919 1896 1.
934 1866 983 1897 De
996 1863 1127 1897 reform.
1137 1862 1268 1904 sor-san
1277 1862 1358 1904 suit
1368 1862 1655 1905 promulgatum,
1671 1861 1738 1895 alio
1748 1870 1816 1895 non

343 1917 553 1949 concurrente
566 1917 723 1949 canonico
738 1916 989 1959 impedimento,
1005 1917 1156 1959 quamvis
1169 1916 1301 1958 illicita,
1317 1915 1467 1949 habenda
1480 1924 1551 1948 esse
1563 1915 1601 1948 ut
1611 1914 1721 1947 valida
1731 1915 1818 1948 etc.»

437 1969 503 2009 (99)
525 1969 728 2002 Publicatum
757 1969 820 2002 suit
843 1969 1011 2003 Chioviae.
1027 1971 1111 2003 cum
1125 1969 1212 2002 enim
1225 1968 1432 2010 metropolita
1445 1967 1642 2001 chioviensin
1659 1968 1818 2001 irritaoeet

344 2021 501 2053 nonnulla
515 2022 664 2063 coniugia
678 2022 894 2064 clandestina,
912 2023 1125 2055 constitutum
1140 2023 1190 2055 est
1203 2022 1357 2064 dubium,
1377 2030 1419 2054 an
1431 2021 1572 2055 irritatio
1585 2020 1746 2054 eiusmodi
1759 2030 1817 2063 po·

343 2073 444 2105 tuerit
456 2073 518 2104 rite
531 2073 619 2106 fieri?
634 2076 752 2116 congr.
766 2083 794 2108 s.
808 2075 868 2108 off.
877 2074 1137 2116 affirmativam
1159 2076 1369 2107 sententiam
1391 2073 1557 2115 amplexa
1576 2074 1638 2106 est.
1649 2089 1662 2098 ·
1673 2074 1758 2115 Ergo
1771 2073 1817 2106 ei·

346 2125 420 2157 dem
450 2127 596 2158 constitit
620 2127 660 2159 de
685 2127 904 2169 publicatione
927 2127 1047 2161 decreti
1073 2127 1254 2160 tridentini.
1266 2127 1352 2160 Hinc
1363 2125 1493 2159 decreto
1508 2130 1560 2159 22.
1576 2126 1704 2158 Ianuar.
1722 2129 1814 2160 1⁶26.

344 2180 379 2211 S.
396 2178 454 2211 osi.
471 2178 610 2211 dicitur:
629 2182 776 2213 «Revera
798 2183 831 2214 et
854 2182 888 2214 in
911 2181 1029 2214 effectu
1048 2181 1254 2223 metropolita
1279 2179 1460 2222 publicavit
1482 2178 1658 2212 concilium
1677 2178 1758 2212 trid.
1778 2180 1817 2212 tn

347 2230 507 2263 omnibus
513 2231 707 2272 parochiis,
725 2234 763 2265 ut
777 2233 863 2266 idem
877 2234 1052 2267 concilium
1063 2229 1241 2276 praecipit3
1262 2241 1338 2265 nam
1353 2231 1469 2265 habuit
1482 2231 1695 2266 intentionem
1708 2232 1817 2274 ipsum

345 2284 554 2325 publicandi,
571 2284 719 2326 illudque
733 2286 768 2318 in
782 2287 960 2320 substantia
973 2287 1186 2329 publicavit.»

441 2337 530 2378 (loo)
552 2337 590 2369 ld
603 2340 729 2371 constat
742 2348 781 2371 ex
794 2348 823 2372 s.
834 2349 982 2382 congreg.
999 2350 1028 2374 s.
1041 2340 1100 2373 off.
1116 2349 1170 2373 an.
1187 2344 1278 2374 1835.

442 2390 529 2430 (101)
552 2392 682 2423 Praeter
701 2391 894 2425 decisionem
907 2402 934 2426 s.
947 2394 1005 2426 off.
1022 2402 1076 2427 an.
1094 2397 1184 2427 1782.
1201 2398 1252 2427 22.
1267 2393 1331 2426 lul.
1348 2392 1382 2425 in
1395 2400 1462 2434 qna
1478 2392 1614 2425 dicitnr:
1631 2405 1648 2421 ιι
1660 2394 1745 2426 cum
1757 2391 1817 2425 mi-

344 2443 432 2475 nime
451 2444 543 2484 putet
563 2452 591 2476 s.
606 2452 755 2485 congreg.
770 2444 934 2478 decretum
948 2455 1040 2479 conc.
1048 2447 1216 2480 tridentini
1230 2455 1297 2489 quo
1310 2445 1511 2479 clandestina
1523 2445 1674 2487 coniugia
1687 2444 1815 2477 {tritan-

344 2498 400 2527 tur
408 2519 419 2535 ,
434 2495 470 2527 in
484 2496 618 2537 Angliae
629 2496 787 2537 paroeciis
799 2497 1002 2538 publicatum
1016 2498 1131 2540 fuisse;
1149 2498 1272 2531 idcirco
1283 2497 1492 2531 matrimonia
1505 2497 1586 2530 inita
1598 2505 1709 2530 eoram
1722 2495 1817 2528 mini·

346 2551 415 2581 stro
429 2549 591 2582 haeretico
606 2548 730 2582 valida
743 2558 813 2582 esse
826 2550 1032 2583 arbitratur.»
1049 2552 1087 2583 In
1107 2560 1256 2594 congreg.
1273 2550 1314 2584 de
1336 2549 1543 2592 propaganda
1566 2548 1632 2582 fide
1654 2556 1707 2581 an.
1724 2549 1815 2582 1787.

351 2606 400 2635 18.
416 2602 480 2634 Iul.
497 2602 642 2634 decisum
665 2603 716 2635 est
731 2604 826 2635 «Non
839 2604 986 2636 constare
1000 2603 1042 2637 de
1054 2604 1176 2637 decreti
1189 2603 1427 2646 publicatione,
1445 2601 1592 2643 adeoque
1608 2600 1817 2634 matrimonia

346 2663 456 2687 coram
472 2654 647 2687 ministello
661 2654 823 2688 haeretico
836 2655 947 2688 valida
961 2656 1093 2689 omnino
1111 2665 1182 2690 oese
1196 2655 1378 2689 habenda.»

443 2707 532 2748 (102)
552 2709 673 2749 Nempe
689 2707 725 2740 in
744 2707 823 2740 solis
843 2708 987 2741 ecclesiis
1006 2709 1271 2750 protestantium,
1294 2716 1378 2750 quae
1394 2706 1582 2740 defecerunt
1601 2714 1654 2738 au.
1674 2707 1816 2739 1529.1n

348 2760 493 2793 ecclesiis
507 2760 678 2793 catholicis
689 2761 763 2802 post
776 2760 902 2794 Ludov.
917 2762 1004 2794 xlv.
1017 2762 1166 2795 restituto
1178 2762 1224 2794 ibi
1235 2761 1325 2794 cultu
1338 2759 1512 2800 catholico,
1519 2758 1758 2802 promulgatum
1769 2759 1818 2791 eat

347 2814 381 2845 et
396 2814 562 2846 servatum
577 2822 669 2846 conc.
684 2813 909 2847 tridentinum.
924 2814 1009 2847 Hinc
1025 2823 1065 2847 ex
1081 2815 1169 2848 decr.
1185 2824 1213 2849 s.
1227 2822 1375 2856 congreg.
1391 2822 1419 2846 a.
1435 2812 1493 2846 off.
1507 2817 1547 2846 23
1561 2812 1633 2845 ΙιιΙ.’
1643 2813 1735 2845 1842.
1749 2820 1817 2844 ma·

351 2865 505 2899 trimonia
526 2866 680 2900 haeretic.
694 2866 820 2908 valida3
836 2866 928 2900 irrita
940 2867 1174 2902 catholicorum
1190 2867 1260 2902 sine
1273 2867 1379 2900 forma
1389 2865 1465 2900 trid.
1480 2864 1643 2900 declarata
1663 2865 1751 2898 sum.
