1980 3260
212 246 301 278 CAP.
326 247 370 279 11.
396 248 447 279 DE
467 248 605 279 Po‘rEs.
623 247 758 280 PnlNc.
779 247 860 279 1³11).
877 247 959 279 cm.
975 246 1099 279 mm.
1117 246 1276 279 cnmsr.
1294 246 1386 279 Am.
1405 246 1434 279 1.
1507 229 1601 278 361

138 334 303 372 certum
345 336 413 374 est
451 325 580 390 longe
619 336 720 374 ante
764 326 1060 374 Theodosium
1100 326 1356 374 christianis
1395 325 1600 390 coniugia

137 402 501 450 consobrinorum
541 403 675 451 vetita
719 402 881 459 fuisse,
920 413 969 450 ut
1001 412 1172 450 constat
1204 419 1258 450 ex
1291 401 1435 451 allatis
1467 419 1602 451 cano·-

137 476 269 524 nibus
302 494 426 524 conc.
455 478 695 542 ancyrani,
726 478 1058 525 neocesarensis
1091 487 1224 542 atque
1258 477 1509 525 illiberitani
1533 476 1597 540 (Ἴ)

136 562 180 599 et
213 569 266 599 ex
301 570 339 600 s.
374 552 560 608 Basilio,
600 569 652 600 ac
687 562 918 616 propterea
961 552 1101 616 legem
1137 552 1473 603 theodosianam
1514 570 1603 602 non

137 627 355 675 adiecisse
392 627 637 676 canonibus
682 628 996 676 ecclesiasticis
1029 628 1117 676 nisi
1153 628 1426 677 sanctionem
1461 639 1603 677 exter-

136 721 239 750 nam
274 720 326 750 ac
358 703 535 750 civilem
559 703 614 750 ad
639 703 903 752 coercendos
939 720 1135 768 paganos
1159 715 1203 752 et
1225 704 1365 752 malos
1397 705 1603 753 christia-

137 796 243 835 nos,
282 779 360 844 qui
394 789 655 827 attentarent
686 781 906 827 eiusmodi
941 781 1187 837 connubia,
1216 798 1295 828 seu
1320 782 1603 847 prospexisse

136 866 355 902 canonum
373 855 620 902 executioni
641 856 797 919 poenis
817 857 1152 921 temporalibus.
1166 856 1263 912 Quo
1281 866 1449 904 tantum
1467 874 1603 904 sensu

137 930 325 994 intelligi
360 930 523 979 debent
555 931 691 980 verba
719 931 821 978 illa:
852 933 967 996 quod
989 951 1071 997 per
1101 933 1210 996 leqes
1234 932 1408 987 licebat,
1436 942 1477 979 et
1498 950 1607 979 non-

137 1007 240 1054 dum
256 1007 539 1072 prohibuerat
564 1008 634 1054 lea·
660 1008 862 1055 humana.
887 1009 1116 1073 Siquidem
1136 1018 1288 1056 contra
1310 1009 1474 1072 sactum
1491 1007 1603 1054 nihil

134 1083 279 1141 valet;
314 1084 403 1131 iam
430 1101 534 1132 vero
567 1085 681 1149 sacto
715 1095 888 1132 constat
921 1085 1043 1148 leges
1077 1084 1403 1133 ecclesiasticas
1436 1083 1605 1131 iamdiu

137 1159 337 1208 extitisse
370 1171 568 1208 vetantes
602 1177 653 1208 ac
686 1161 911 1209 irritantes
943 1161 1029 1209 ista
1062 1160 1268 1224 coniugia
1301 1160 1416 1207 inter
1448 1176 1607 1208 conso-

137 1235 290 1284 brinos
323 1246 533 1283 attentata
556 1238 641 1299 (8).

234 1312 388 1376 ltaque
425 1330 569 1377 neque
602 1329 639 1360 s.
669 1313 945 1376 Augustinus
979 1312 1200 1376 regalistis
1234 1312 1376 1369 savet;
1414 1322 1605 1360 attamen

139 1387 184 1433 hi
218 1387 307 1435 duo
341 1387 484 1436 solum
520 1399 667 1453 patres
702 1407 728 1436 a
761 1390 826 1436 De
855 1389 1056 1437 Dominis
1091 1388 1271 1436 adducti
1306 1399 1424 1436 sunt.

234 1465 359 1511 Nunc
383 1464 672 1529 expendenda
696 1465 905 1522 concilia;
942 1466 980 1513 si
1010 1466 1127 1512 enim
1153 1465 1283 1511 fidem
1313 1464 1609 1527 adiungamus

138 1540 389 1605 Spalatensi
408 1580 417 1598 ,
441 1541 497 1588 ad
516 1552 703 1589 aetatem
729 1559 874 1606 usque
887 1542 1033 1605 Magni
1059 1541 1257 1605 Gregorii
1282 1540 1405 1588 nulla
1422 1540 1611 1588 habetur

139 1617 311 1665 sanctio
334 1618 547 1664 canonica
562 1656 571 1674 ,
594 1635 685 1682 qua
703 1617 926 1682 prohibita
950 1618 1111 1665 fuerint
1133 1617 1339 1680 coniugia
1362 1616 1418 1664 ob
1441 1615 1610 1679 gradus

139 1694 537 1756 consanguinitatis
572 1705 615 1741 et
647 1694 894 1742 affinitatis.
935 1694 1062 1750 Quod
1096 1704 1144 1741 ut
1173 1694 1363 1750 efficiat,
1401 1703 1611 1757 provocat

139 1770 196 1817 ad
230 1769 418 1817 concilia
453 1788 726 1835 ancyranum
751 1809 761 1827 ,
809 1770 1206 1826 neocaesariense,
1252 1770 1565 1817 illiberitanum
1594 1806 1607 1825 ,-

140 1862 256 1909 quae
288 1845 508 1893 celebrata
542 1856 644 1894 sunt
678 1856 914 1911 antequam
939 1846 1058 1910 leges
1083 1846 1139 1894 ab
1164 1844 1501 1910 imperatoribus
1525 1844 1613 1892 hac

235 2011 280 2052 (7)
303 2012 428 2044 Horum
449 2012 661 2045 conciliorum
682 2012 866 2045 testimonia
881 2012 999 2053 quibus
1013 2011 1206 2044 vetabantur
1226 2009 1388 2043 connubia
1407 2008 1611 2042 consobrino·

142 2073 213 2096 rum
233 2065 381 2106 superius
398 2066 590 2106 protulimus
605 2067 683 2098 sect.
699 2068 724 2098 l.
740 2075 810 2107 cap.
830 2067 853 2097 1.
871 2067 932 2097 art.
950 2067 991 2097 ll.

234 2118 280 2158 (s)
303 2117 363 2149 Hic
381 2118 451 2149 sine
466 2118 745 2150 animadversione
765 2117 978 2150 dimittendus
993 2126 1057 2149 non
1075 2118 1122 2149 est
1135 2124 1315 2158 anonymus
1336 2115 1449 2148 auctor
1472 2115 1529 2147 cit.
1545 2114 1612 2146 Del

141 2169 264 2202 <lirino
285 2172 364 2210 etc„
380 2170 437 2210 qui
453 2172 489 2202 ut
502 2172 626 2202 certum
648 2170 782 2203 assuiiiit
796 2179 836 2202 ex
851 2171 957 2202 mente
972 2179 998 2202 s.
1015 2169 1184 2210 Augustini
1200 2169 1234 2201 id
1248 2177 1343 2201 omne
1357 2168 1483 2200 licitum
1499 2167 1611 2207 fuisse,

141 2222 229 2262 quod
252 2231 316 2254 non
343 2222 386 2254 sit
411 2225 525 2254 contra
546 2223 646 2263 legem
673 2223 816 2255 divinam
833 2224 865 2254 et
879 2223 1072 2263 humanam,
1089 2222 1212 2255 scilicet
1229 2221 1371 2253 civilem.
1388 2222 1489 2252 Porro
1504 2219 1612 2261 prohi-

142 2274 245 2306 bitum
262 2284 326 2307 non
340 2277 409 2306 erat
430 2275 497 2315 lege
515 2274 626 2307 divina
645 2277 701 2307 aut
721 2275 878 2317 imperiali
900 2275 1085 2315 coniugium
1099 2274 1278 2315 episcopis,
1293 2273 1486 2315 presbyteris
1499 2275 1531 2305 et
1545 2272 1611 2304 dia·

143 2328 251 2367 conis,
273 2329 416 2360 attamen
438 2328 586 2360 videmus
605 2328 669 2360 iam
688 2337 707 2360 a
725 2337 796 2360 can.
810 2333 860 2360 28.
873 2328 1054 2369 apostolico
1070 2330 1247 2360 statutum:
1267 2328 1328 2358 «ln
1346 2327 1466 2368 nuptiis
1485 2327 1612 2365 autem,

142 2381 198 2421 qui
215 2380 255 2412 ad
273 2381 395 2413 clerum
418 2381 561 2422 provecti
577 2382 670 2422 suut,
688 2382 918 2422 praecipimus,
933 2383 970 2414 ut
982 2381 1008 2414 si
1024 2381 1207 2421 voluerint,
1224 2389 1341 2413 uxores
1355 2380 1535 2421 accipiant,
1555 2377 1614 2410 sed

140 2435 292 2475 lectores,
318 2436 528 2475 cantoresque
549 2437 709 2467 tantum.»
725 2436 805 2467 Item
832 2435 865 2467 in
895 2444 985 2467 conc.
1002 2435 1144 2475 carthag.
1165 2435 1223 2467 ΙΙΙ.
1239 2443 1292 2467 an.
1312 2439 1381 2467 390.
1403 2434 1523 2475 pariter
1537 2433 1612 2463 ante

139 2487 243 2528 legem
268 2496 508 2528 quamcumque
529 2488 727 2529 imperialem
753 2488 806 2520 hic
830 2496 933 2520 canon
948 2487 1054 2521 editus
1068 2490 1134 2520 est:
1155 2501 1170 2516 κ
1184 2489 1227 2519 Ut
1240 2487 1328 2528 quod
1342 2485 1479 2527 apostoli
1498 2484 1612 2516 ‹locuc-

143 2543 238 2582 runt,
262 2543 294 2573 et
314 2541 383 2582 ipsa
404 2542 545 2573 servavit
566 2542 763 2583 antiquitas,
786 2550 845 2574 nos
862 2551 994 2583 quoque
1009 2541 1249 2581 custodiamus;
1267 2541 1307 2572 ab
1321 2539 1478 2572 universis
1492 2538 1612 2579 episco-

141 2593 190 2634 pis
206 2593 329 2626 dictum
344 2595 409 2626 cst:
427 2594 587 2627 omnibus
609 2595 730 2636 placet,
755 2595 791 2626 ut
810 2595 970 2636 episcopi,
990 2594 1183 2636 presbyteri,
1200 2593 1348 2633 diaconi,
1365 2591 1416 2624 vei
1438 2591 1492 2631 qui
1509 2598 1612 2622 sacra·

142 2648 250 2679 menta
265 2648 481 2688 contrectant,
499 2648 674 2689 pudicitiae
689 2647 858 2688 custodes,
875 2647 971 2681 etiam
986 2647 1027 2680 ab
1042 2647 1196 2680 uxoribus
1208 2646 1420 2679 abstineant.»
1433 2641 1612 2683 Numquid-

142 2708 215 2731 nam
230 2699 424 2732 censendnm
442 2702 490 2732 est
505 2701 719 2742 Augustinum
735 2700 887 2733 habuisse
903 2701 940 2733 ut
955 2700 1044 2734 licita
1060 2701 1220 2733 maiorum
1237 2699 1428 2731 clericorum
1445 2695 1592 2735 coniugia
1603 2719 1612 2735 ,

142 2760 181 2784 eo
195 2751 283 2792 quod
299 2761 358 2784 nec
371 2752 483 2785 divina
504 2761 563 2785 nec
582 2753 670 2785 civili
696 2745 765 2794 le‘ge
787 2755 910 2786 essent·
918 2753 1104 2794 prohibita?
1124 2750 1357 2792 Augustinum,
1380 2749 1533 2789 inquam,
1556 2748 1612 2788 qui

141 2804 356 2837 continentiae
368 2805 436 2846 lege
449 2805 551 2838 voluit
563 2805 736 2838 obstrictos
751 2805 886 2838 clericos
898 2806 996 2839 etiam
1005 2830 1015 2846 ,
1031 2807 1088 2846 qui
1101 2804 1242 2846 quadam
1256 2802 1361 2844 specie
1372 2802 1423 2834 vis
1433 2799 1562 2834 fuerunt
1570 2799 1613 2832 ad

142 2856 326 2890 clericatum
349 2859 488 2899 promoti
505 2858 560 2891 lib.
580 2861 620 2891 11.
641 2861 687 2891 Dc
710 2858 899 2892 adulteri-n.
915 2861 1050 2900 coniuq.
1066 2868 1135 2899 cap.
1150 2859 1218 2890 ΧΧ.
1237 2865 1269 2888 n.
1283 2861 1334 2888 22.
