1980 3260
349 232 406 279 72
622 250 624 254 ’
650 241 730 273 Lm.
757 241 802 272 11.
831 240 945 271 SECT.
973 239 1003 269 1.
1031 237 1083 268 ΒΕ
1118 236 1283 268 POTEST.
1313 236 1476 268 ECGLES.
1520 232 1522 234 ¹

345 321 560 379 Quoniam
583 335 681 365 cum
704 334 757 364 ea
779 314 964 380 apostoli
988 314 1231 369 sancirent,
1254 329 1368 376 quae
1390 313 1447 359 ad
1473 312 1669 361 fidelium
1685 333 1790 364 con-

345 398 464 460 iugia
496 394 759 459 pertinerent
786 430 796 449 ,
833 406 1069 453 eorumque
1106 388 1292 452 proximi
1326 404 1612 440 successores.
1629 427 1639 446 ,
1674 403 1791 463 certe

344 472 463 518 illam
481 486 566 517 non
583 486 636 516 ex
652 468 735 515 hac
752 466 1024 529 indulgentia
1052 465 1248 512 tenuisse
1272 463 1447 511 dicendi
1472 474 1596 521 sunt,
1619 465 1697 512 sed
1719 468 1791 515 usi

345 546 497 594 eadem
531 562 629 592 cum
660 544 846 599 fuerint,
883 541 1059 589 nonnisi
1085 558 1111 587 a
1133 540 1308 587 Christo
1340 557 1429 586 una
1461 557 1562 586 cum
1595 533 1792 590 clavibus

344 623 486 686 ipsam
521 637 570 667 se
609 619 828 682 recepisse
869 617 1133 663 iudicarunt.
1181 616 1308 671 Quod
1342 616 1380 662 si
1415 633 1442 662 a
1474 616 1661 663 Domino
1706 634 1793 665 non

345 695 638 758 recepissent,
678 692 870 757 profecto
904 691 950 737 in
984 708 1036 738 ea
1070 691 1157 738 sibi
1191 691 1423 738 tribuenda
1456 702 1705 748 errassent,
1736 708 1794 740 rae

343 770 389 816 in
422 768 616 832 legitima
648 767 921 832 principatus
946 766 1043 813 iura
1071 765 1377 814 invassissent.
1410 766 1459 813 Id
1483 783 1617 831 quam
1634 767 1694 814 sit
1715 766 1795 814 ab·

344 844 527 892 surdum
552 844 742 908 quisque
773 843 901 890 facile
927 842 1188 905 intelliget.»
1692 834 1694 836 ’

413 921 598 967 «Notum
618 929 685 966 est
701 919 849 974 etiam,
866 918 1010 982 pergit
1025 935 1223 965 summus
1242 917 1452 982 pontifex,
1470 918 1588 982 quod
1601 935 1698 966 can.
1712 919 1789 964 111.

344 995 543 1042 eiusdem
567 1012 680 1042 sess.
697 994 842 1040 XXIV
849 993 1090 1040 definitum
1107 1003 1174 1040 est
1187 1011 1354 1057 ,posse
1376 993 1607 1042 eeclesiam
1630 994 1795 1041 consti-

344 1080 468 1118 tuere
495 1080 544 1117 ut
575 1069 723 1134 plures
753 1068 916 1133 gradus
949 1069 1190 1133 impediant
1216 1085 1268 1115 ac
1300 1069 1524 1115 dirimant.
1547 1069 1657 1115 Cum
1691 1084 1795 1139 ergo

344 1145 465 1192 nullo
491 1161 701 1208 umquam
728 1154 921 1209 tempore
952 1144 1111 1206 dogma
1141 1143 1244 1190 fidei
1278 1142 1439 1190 falsum
1472 1160 1573 1190 esse
1605 1134 1797 1207 potuerit

344 1230 421 1267 aut
452 1237 552 1268 esse
585 1220 754 1284 possit;
787 1236 969 1267 necesse
1001 1229 1096 1275 est,
1134 1229 1183 1266 ut
1214 1219 1271 1266 ab
1304 1218 1517 1266 ecclesiae
1549 1219 1721 1282 origine
1752 1229 1798 1268 'et

342 1295 461 1342 omni
491 1305 690 1342 anteacto
722 1296 915 1359 tempore
936 1311 1088 1342 verum
1123 1294 1274 1352 fuerit,
1301 1305 1344 1341 et
1365 1294 1484 1341 omni
1508 1294 1796 1359 consequenti

342 1379 483 1416 aetate
508 1386 663 1417 verum
694 1370 886 1416 futurum
922 1369 1004 1425 sit,
1043 1368 1272 1416 ecclesiam
1297 1387 1365 1426 ea,
1393 1387 1507 1434 quae
1535 1369 1581 1415 in
1608 1369 1796 1418 concilio

342 1444 567 1501 asseritur,
597 1454 811 1509 potestate
835 1444 1015 1508 pollere.
1044 1444 1099 1492 At
1126 1445 1165 1492 si
1199 1446 1330 1492 tacita
1356 1445 1511 1518 saltem
1544 1445 1794 1510 principum

343 1520 634 1584 requireretur
656 1521 713 1567 ad
736 1538 832 1568 eam
866 1520 1114 1568 habendam
1149 1516 1408 1585 potestatem
1440 1522 1695 1580 concessio,
1725 1540 1797 1571 se-

342 1604 548 1658 queretur
577 1594 684 1642 illud
709 1595 865 1659 primis
899 1595 1112 1643 ecclesiae
1144 1589 1445 1660 temporibus,
1474 1597 1559 1644 sub
1581 1597 1797 1663 principi-

339 1668 424 1717 bus
460 1670 667 1717 nimirum
699 1670 906 1728 ethnicis,
941 1688 1094 1718 verum
1132 1688 1232 1719 esse
1271 1689 1359 1719 non
1394 1673 1618 1737 potuisse,
1653 1687 1797 1738 neque

341 1744 427 1792 hoc
469 1756 662 1810 tempore
698 1764 850 1794 verum
886 1764 986 1794 esse
1027 1765 1158 1811 posse
1191 1748 1248 1795 iis
1289 1748 1335 1793 in
1378 1748 1512 1806 locis,
1551 1749 1794 1814 inquibus

343 1820 506 1867 Christi
531 1821 684 1868 fideles
702 1822 866 1885 degunt
889 1822 973 1870 sub
997 1823 1244 1882 infidelium
1262 1823 1582 1881 dominatione3
1611 1825 1715 1872 et'si
1738 1822 1796 1873 ob

343 1894 553 1959 aliquam,
571 1906 619 1943 ut
637 1908 813 1953 vocant,
842 1899 1056 1945 rationem
1075 1893 1238 1955 Status,
1260 1899 1484 1964 principes
1503 1909 1705 1948 revocata
1722 1916 1791 1957 ea,

343 1986 458 2033 quae
475 1969 740 2028 obtenditur,
763 1972 1037 2035 indulgentia
1060 1984 1103 2020 et
1125 1974 1433 2031 concessione,
1463 1974 1675 2037 abrogare
1699 1991 1797 2039 san-

341 2043 430 2090 cita
451 2044 508 2091 ab
530 2045 716 2093 ecclesia
738 2048 1051 2112 impedimenta
1081 2049 1302 2107 valerent,
1333 2050 1428 2097 fieri
1453 2060 1628 2114 posset,
1655 2060 1705 2096 ut
1718 2066 1798 2098 ve*-

342 2135 440 2164 rum
463 2135 562 2166 esse
580 2119 797 2169 desineret
812 2161 822 2179 ,
851 2123 970 2186 quod
987 2141 1013 2170 a
1030 2124 1268 2171 tridentino
1291 2124 1524 2172 definitum
1549 2135 1632 2181 est,
1661 2124 1798 2190 idque

342 2193 530 2256 portenti
555 2195 780 2252 existeret,
808 2208 856 2244 ut
877 2197 1118 2263 aliquando
1150 2198 1387 2247 dicendum
1410 2200 1536 2258 foret,
1551 2200 1796 2268 jeccle'siam

341 2403 490 2436 expressa
504 2396 584 2429 haec
598 2398 772 2432 auctoritas
786 2400 957 2433 inducendi
973 2402 1200 2443 impedimenta
1222 2404 1406 2437 dirimentis
1426 2402 1584 2436 >ecelesiae
1602 2404 1795 2444 competat.»

339 2448 397 2480 t
409 2457 475 2481 non
487 2457 526 2482 ex
542 2450 672 2491 propria
685 2451 742 2483 sed
755 2461 794 2484 ex
809 2453 945 2485 aliorum
968 2456 1074 2494 potius
1098 2457 1254 2489 sententia
1268 2458 1349 2488 Van·
1339 2456 1522 2497 ·Espenium
1535 2456 1613 2488 haec
1623 2455 1797 2496 protulisse

339 2500 462 2532 eertum
484 2501 613 2534 videtur
626 2512 665 2535 ex
679 2503 719 2535 iis
734 2513 817 2544 quae
832 2505 917 2538 idem
937 2508 1048 2538 auctor
1071 2507 1149 2540 ibid.
1162 2509 1298 2550 scripsit
1309 2509 1340 2550 §.
1354 2510 1465 2540 XVL«
1457 2508 1647 2556 «Quidquid
1665 2508 1710 2541 sit
1724 2509 1741 2549 (
1751 2508 1796 2541 de

339 2551 476 2584 aliorum
497 2554 686 2594 sententiis)
699 2555 761 2587 hoc
772 2558 899 2589 constat
921 2557 986 2589 iam
1000 2567 1020 2590 a
1034 2560 1180 2599 pluribus
1199 2562 1316 2593 seculis
1332 2560 1518 2600 ecelesiam,
1533 2562 1566 2592 et
1579 2560 1718 2601 quidem
1722 2562 1794 2602 pri·

341 2604 458 2636 votive
475 2606 509 2636 et
527 2613 607 2637 cum
626 2606 823 2641 exclusione
832 2610 1032 2650 principum
1046 2612 1259 2645 secularium
1272 2611 1501 2653 impedimenta
1515 2611 1700 2644 dirimentis
1707 2612 1796 2644 inter

338 2655 514 2689 catholicos
527 2657 715 2691 ordinasse»
707 2660 823 2697 »Quod
836 2669 910 2692 cum
923 2662 1071 2695 adductis
1087 2664 1289 2697 documentis
1302 2663 1494 2697 ostendisset
1505 2664 1672 2697 concludit
1682 2664 1713 2706 §.
1725 2667 1794 2697 XX.

339 2706 411 2739 iure
431 2708 637 2742 tridentinam
659 2711 817 2752 synodum
837 2713 1019 2746 definivisse
1033 2716 1199 2748 eeclesiam
1219 2716 1361 2758 potuisse
1373 2717 1405 2749 et
1418 2725 1511 2757 posse
1525 2717 1719 2749 constituere
1735 2716 1794 2749 im-

337 2759 529 2801 pedimenta,
545 2763 645 2796 Cuius
657 2764 753 2797 verba
768 2765 878 2806 postea
891 2766 1072 2800 afferemus.
1087 2770 1200 2809 Itaque
1214 2769 1311 2802 nimis
1325 2768 1510 2802 festinanter
1520 2769 1795 2803 Tamhuriniuue

338 2812 465 2845 Nestius
478 2813 566 2847 illam
580 2816 769 2850 sententiam
782 2818 1007 2859 van-Espenio
1020 2819 1211 2853 tribuerunt.
