1980 3260
246 250 336 283 cAP.
356 251 402 283 11.
420 251 471 283 DE
489 249 630 283 POTES.
649 248 784 283 PalNc.
803 248 884 281 mn.
904 248 986 282 cm.
1004 249 1129 282 MATR.
1148 248 1310 283 cnmsr.
1329 248 1421 280 ΛΒΤ.
1440 247 1498 280 lv.
1549 232 1637 279 429

266 329 310 375 Si
354 329 651 377 conscientiae
691 328 909 385 obtentu,
952 327 1133 374 deberet
1171 326 1360 375 ecclesia
1401 344 1450 375 se
1489 325 1640 374 causis

168 406 567 454 matrimonialibus
610 406 886 462 immiscere,
930 404 1113 452 rationis
1149 404 1338 469 paritate
1372 403 1551 451 deberet
1591 420 1641 452 se

168 482 368 546 ingerere
409 483 559 530 causis
605 483 738 530 etiam
771 472 1071 538 venditionis,
1109 479 1367 537 locationis,
1405 489 1642 527 testamen-

168 567 336 612 torum,
363 557 500 604 verbo
533 574 697 604 causae
731 556 1017 621 cuicumque;
1057 555 1219 602 etenim
1254 571 1471 620 quaenam
1507 571 1643 602 causa

169 631 275 694 fingi
311 640 481 695 potest,
512 633 558 678 in
583 650 673 697 qua
697 631 994 680 conscientiae
1029 631 1258 679 vinculum
1283 630 1427 678 locum
1452 647 1539 678 non
1563 629 1645 677 ha-

165 705 302 753 beat?
326 706 528 754 Attamen
564 708 665 772 ipsa
699 725 748 755 se
782 707 827 754 in
863 707 973 754 haec
998 724 1085 754 non
1111 707 1299 770 ingerit,
1329 706 1417 753 nisi
1442 723 1521 771 per
1544 722 1646 770 poe-

167 781 381 829 nitentiae
418 782 626 829 tribunal.
656 782 786 838 Quod
811 782 848 829 si
874 782 1049 830 dicatur
1078 781 1516 829 indissolubilitatem
1540 798 1646 829 con-

167 857 277 921 iugii
315 857 426 904 iuris
457 875 558 906 esse
588 858 754 916 divini,
783 859 827 904 in
864 868 1067 923 promptu
1109 856 1342 921 responsio
1381 867 1481 913 est;
1526 856 1645 922 quod

168 950 327 998 nempe
360 933 493 980 etiam
529 935 828 982 conscientiae
860 934 1114 990 vinculum,
1142 933 1261 998 quod
1286 933 1333 980 in
1357 932 1515 980 ceteris
1546 933 1646 997 qui-

167 1009 344 1075 busque
376 1010 527 1057 causis
561 1010 803 1075 reperitur,
842 1010 889 1056 in
923 1009 1074 1056 divina
1108 1008 1205 1072 lege
1239 1009 1464 1056 fundetur.

265 1085 370 1142 Ast,
399 1085 629 1150 inquiunt,
659 1086 698 1132 si
724 1085 853 1133 civile
876 1085 1019 1132 forum
1044 1084 1100 1132 de
1121 1084 1349 1132 validitate
1373 1083 1643 1132 matrimonii

170 1170 248 1210 aut
270 1160 327 1208 de
349 1161 539 1209 divortio
568 1162 784 1209 diiudicat
820 1160 1065 1226 periculum
1099 1161 1226 1208 adest
1260 1161 1506 1210 collisionis
1531 1160 1647 1208 inter

169 1237 488 1286 conscientiam
524 1255 575 1286 ac
609 1237 739 1286 civile
766 1237 1014 1294 iudicium;
1045 1237 1084 1285 si
1118 1237 1251 1284 iudex
1278 1237 1523 1285 invalidum
1549 1253 1647 1302 pro-

170 1314 402 1363 nunciaret
423 1314 677 1377 coniugium
696 1352 706 1370 ,
735 1313 855 1378 quod
880 1313 1070 1360 ecclesia
1093 1313 1228 1361 habet
1251 1324 1300 1361 ut
1320 1313 1543 1370 validum,
1572 1323 1648 1360 aut

170 1390 425 1447 viceversa,
475 1390 586 1437 illud
619 1389 818 1437 validum
862 1389 1055 1446 diceret,
1093 1390 1213 1455 quod
1259 1389 1505 1438 invalidum
1539 1388 1649 1436 dicit

169 1466 384 1524 ecclesia3
413 1466 613 1515 infelices
648 1467 861 1530 coniuges
896 1466 942 1512 in
978 1466 1071 1513 foro
1105 1466 1225 1514 civili
1262 1466 1319 1513 ad
1354 1466 1400 1512 id
1434 1465 1554 1531 quod
1579 1475 1648 1513 est

168 1554 322 1592 contra
354 1560 507 1591 eorum
541 1543 857 1591 conscientiam
892 1532 1165 1606 cogerentur.
1200 1542 1326 1599 Quae
1356 1541 1539 1607 quidem
1563 1540 1649 1589 col·

169 1618 274 1667 lisio
306 1619 565 1676 evitaretur,
605 1619 644 1666 si
679 1619 897 1667 iudicaret
929 1619 1120 1666 ecclesia
1142 1657 1152 1675 ,
1190 1619 1297 1684 quia
1331 1618 1475 1666 forum
1506 1626 1649 1665 exter-

172 1712 306 1751 num,
344 1704 387 1742 et
418 1695 563 1742 forum
597 1694 819 1742 internum
854 1695 910 1742 ab
946 1684 1079 1743 unico
1115 1683 1282 1743 iudicio
1317 1694 1573 1760 penderent.

263 1770 351 1818 Sed
378 1771 455 1836 qui
487 1771 546 1818 ita
577 1770 824 1828 disserunt,
855 1789 946 1819 rem
972 1771 1177 1818 funditus
1202 1788 1291 1819 non
1315 1771 1643 1836 expenderunt,

169 1845 368 1911 alioquin
394 1857 685 1909 agnoscerent
702 1847 921 1894 eiusmodi
940 1836 1217 1894 collisionem
1234 1846 1363 1894 vitari
1384 1863 1473 1894 non
1491 1863 1642 1910 posse.

170 1922 256 1970 Fac
289 1922 336 1968 in
371 1922 465 1969 foro
498 1922 802 1970 ecclesiastico
848 1923 904 1970 ob
949 1922 1085 1970 salsas
1129 1922 1412 1987 probationes
1444 1912 1649 1970 'aliumve

168 2015 388 2054 errorem,
412 1997 604 2045 iudicem
630 1998 853 2046 declarare
877 1999 1120 2046 invalidum
1147 1988 1500 2055 matrimonium,
1529 1997 1648 2062 quod

171 2075 323 2140 reipsa
356 2074 444 2122 tale
474 2092 562 2129 non
598 2085 693 2132 est,
727 2086 804 2122 aut
834 2092 859 2122 e
887 2084 1074 2132 contra;
1118 2075 1327 2139 coniuges
1358 2065 1445 2122 sibi
1479 2073 1647 2122 conscii

168 2151 291 2217 quod
320 2150 460 2197 *iudex
495 2151 708 2198 erraverit
732 2151 777 2197 in
802 2151 897 2199 foro
921 2162 1114 2208 externo,
1143 2142 1245 2199 iura*
1265 2151 1484 2216 quaedam
1520 2150 1651 2199 habe-

170 2237 292 2283 rent,
315 2226 480 2291 quibus
510 2226 556 2272 in
586 2226 758 2275 interno
786 2228 1086 2275 conscientiae
1116 2227 1210 2276 soro
1236 2227 1300 2275 uti
1330 2245 1418 2275 non
1445 2237 1644 2292 possent.

268 2302 403 2350 curia
424 2302 694 2368 episcopalis
711 2303 830 2351 dicet
846 2321 922 2352 eos
942 2303 1192 2352 inhabitare
1214 2293 1349 2369 posse
1378 2293 1429 2352 a'c
1459 2304 1645 2361 deber&

172 2389 243 2426 ast
269 2378 573 2426 confessarius
603 2378 675 2426 cui
705 2380 1020 2445 unusquisque
1047 2381 1283 2445 coniugum
1317 2397 1518 2428 seorsum
1558 2395 1652 2425 ma-

172 2455 378 2502 nifestam
411 2454 516 2502 facit
542 2456 773 2503 veritatem
803 2456 1092 2504 denunciabit
1115 2457 1377 2505 sententiam
1403 2456 1537 2503 latam
1561 2472 1650 2503 non

171 2547 281 2578 esse·
296 2531 419 2578 iuxta
441 2531 671 2579 veritatem
696 2531 896 2598 adeoque
918 2533 1099 2581 eosdem
1123 2533 1379 2581 cohabitare
1402 2530 1534 2600 simul
1560 2548 1647 2578 non

172 2620 325 2671 posse.

253 2679 366 2731 -Iam
400 2697 505 2732 vero
539 2685 585 2731 in
620 2685 704 2733 hac
739 2686 982 2752 hypothesi
1016 2687 1237 2753 quomodo
1260 2685 1470 2753 coniuges
1495 2673 1578 2731 rite
1602 2700 1651 2731 se

173 2754 362 2823 gerent?
378 2761 423 2807 Si
454 2774 590 2827 penes
616 2762 738 2829 ipsos
762 2763 847 2811 erit
871 2765 1136 2812 sententiam
1162 2781 1249 2810 non
1274 2761 1468 2826 exequi,
1487 2760 1646 2825 exequi

176 2830 263 2883 non
288 2834 478 2893 debent;
512 2838 631 2903 quod
657 2839 695 2886 si
722 2839 766 2886 in
792 2840 989 2904 ipsorum
1028 2848 1241 2904 potestate
1265 2836 1309 2883 id
1338 2845 1424 2884 non
1446 2846 1520 2884 ‘est
1536 2874 1546 2893 ,
1572 2835 1653 2882 de-
