1980 3260
292 253 383 286 car.
400 252 476 284 vn.
495 252 547 284 ne
566 252 693 284 rann.
711 251 839 285 turm.
859 251 942 285 cun
962 251 1097 285 rlnm..
1115 250 1193 283 vnn
1211 251 1295 284 mr.
1314 251 1377 285 sn.
1395 252 1487 285 Aur.
1503 252 1549 285 n.
1612 237 1702 284 319

221 329 490 378 contumelia
524 329 746 378 Creatoris
795 346 946 378 secum
992 328 1195 377 habitare
1225 329 1358 387 velit,
1398 339 1445 378 ut
1478 346 1559 396 par
1601 340 1702 389 est,

222 423 404 454 monere
428 407 611 472 nequit,
639 406 709 455 vel
735 406 843 471 quia
867 405 1088 454 interdum
1116 406 1173 453 ad
1199 405 1388 455 hostiles
1417 417 1462 455 et
1492 406 1708 456 barbaras

224 483 479 548 provincias
527 502 582 532 ne
624 483 803 531 nunciis
839 482 1021 548 quidem
1055 500 1265 530 accessus
1301 493 1468 549 pateat;
1496 483 1566 532 vel
1600 483 1709 549 quia

221 577 408 625 prorsus
437 560 664 624 ignoretur
698 560 743 607 in
781 577 896 625 quas
932 559 1134 624 regiones
1170 559 1304 607 fuerit
1334 570 1610 618 transactus;
1636 559 1708 609 vel

220 632 545 702 quia'itineris
588 635 820 700 longitudo
855 650 1069 700 ‘magnam
1109 636 1239 684 affert
1279 636 1625 694 difficultatem3
1664 647 1709 686 et

219 722 452 777 praeterea
489 712 720 760 rarissime
743 723 787 760 et
810 713 856 759 in
880 729 990 760 casu
1017 714 1217 777 urgentis
1249 713 1548 762 necessitatis.
1572 714 1709 762 Extra

220 787 305 836 hos
339 804 475 835 casus
505 788 686 835 omnino
711 788 806 835 fieri
832 788 963 836 debet
986 789 1307 854 interpellatio,
1337 789 1511 838 etiamsi
1536 789 1707 839 inutilis

220 872 297 910 aut
328 861 582 927 periculosa
621 862 849 920 videatur,
888 864 927 911 si
965 863 1112 912 fidelis
1146 863 1254 912 velit
1286 863 1343 911 ad
1377 864 1491 913 alias
1526 865 1705 931 nuptias

221 939 441 996 transire;
480 955 563 986 nec
596 938 653 986 ab
687 956 740 986 ea
775 938 1027 1004 dispensari
1068 949 1214 1005 potest
1248 939 1342 987 sive
1376 939 1582 988 timeatur
1601 978 1612 998 ,
1651 957 1708 989 ne

222 1015 417 1063 infidelis
452 1014 787 1081 interpellatus,
827 1014 946 1063 sicut
979 1014 1123 1079 prima
1156 1015 1255 1063 vice
1287 1032 1470 1064 uxorem
1506 1015 1710 1065 vendidit

221 1092 425 1141 eamdem
470 1102 774 1159 recuperatam
819 1092 978 1139 iterum
1013 1091 1205 1149 vendat3
1254 1092 1349 1140 sive
1394 1102 1710 1158 praesumatur

221 1187 323 1218 cum
352 1169 665 1228 fundamento,
693 1168 764 1218 vel
787 1187 841 1218 ex
863 1169 1227 1218 dissensionibus
1251 1170 1492 1235 coniugum
1511 1170 1558 1218 in
1577 1188 1708 1236 prae-

222 1246 396 1294 cedenti
441 1245 770 1294 cohabitatione
799 1283 808 1304 ,
846 1245 916 1294 vel
951 1263 1005 1294 ex
1039 1245 1128 1294 alia
1166 1246 1328 1312 quavis
1376 1246 1710 1295 circumstantia

221 1333 393 1388 partem
428 1322 656 1371 infidelem
690 1322 809 1371 nolle
842 1322 1000 1371 redire,
1043 1322 1172 1380 Quod
1206 1323 1246 1371 si
1281 1322 1528 1389 periculum
1563 1323 1703 1383 adsit,

220 1416 278 1447 ne
313 1399 428 1447 sacta
462 1399 847 1464 interpellatione,
888 1399 1048 1448 exinde
1082 1401 1249 1448 oriatur
1278 1399 1483 1448 molestia
1506 1418 1588 1448 seu
1613 1417 1710 1465 per-

220 1475 390 1524 secutio
423 1486 577 1524 contra
613 1475 915 1535 christianos,
954 1477 1214 1525 huiusmodi
1243 1494 1376 1526 casus
1403 1476 1628 1525 deferatur
1649 1476 1708 1524 ad

217 1551 437 1600 vicarium
471 1552 768 1618 apostolicum
791 1592 801 1611 ,
841 1563 890 1601 ut
924 1571 963 1601 s.
993 1554 1123 1602 sedes
1158 1554 1436 1611 consulatur,
1475 1564 1606 1620 prout
1638 1570 1709 1602 re-

219 1646 435 1695 sponsum
470 1640 540 1678 est
573 1630 620 1677 in
651 1631 996 1695 congregatione
1019 1649 1057 1680 s.
1081 1631 1218 1680 officii
1244 1649 1318 1679 an.
1343 1632 1485 1678 1769.
1507 1631 1573 1679 De
1596 1631 1708 1680 duo-

218 1705 305 1754 bus
340 1724 470 1772 porro
507 1706 739 1755 dumtaxat
762 1707 858 1756 fieri
886 1707 1018 1756 debet
1041 1708 1336 1774 interpellatio
1359 1725 1519 1773 nempe
1537 1709 1582 1754 1.
1601 1725 1708 1756 1111111

219 1800 326 1847 pars
360 1783 557 1831 infidelis
592 1783 699 1831 velit
734 1784 958 1841 converti3
990 1786 1034 1831 2.
1057 1802 1162 1832 num
1197 1784 1356 1833 saltem
1389 1784 1496 1833 velit
1522 1784 1707 1833 cohabi-

220 1869 316 1907 tare
331 1855 334 1857 ’
350 1859 522 1925 absque
557 1860 827 1908 contumelia
861 1861 1099 1910 Creatoris,

314 1935 557 1984 Advertant
580 1936 716 1984 iidem
751 1937 1024 1986 missionarii
1045 1976 1054 1995 ,
1084 1937 1260 1986 fidelem
1286 1955 1387 1986 cum
1410 1955 1500 2004 quo
1523 1937 1706 2002 dispen-

219 2022 371 2071 satur,
412 2030 502 2061 non
542 2030 678 2079 posse
718 2031 881 2063 novum
923 2014 1254 2062 matrimonium
1298 2014 1443 2072 inire,
1482 2013 1571 2062 nisi
1603 2030 1705 2061 cum

219 2089 340 2137 fideli
375 2090 601 2155 baptizata
620 2129 630 2148 ,
659 2091 842 2139 minime
865 2109 968 2140 vero
994 2091 1312 2139 catechumena
1334 2093 1451 2154 (38).
1475 2091 1706 2138 Praeterea

220 2165 368 2214 adhuc
401 2166 639 2230 diligenter
671 2167 941 2225 observent,
982 2167 1103 2233 quod
1143 2168 1189 2214 in
1223 2184 1493 2233 unoquoque
1527 2165 1705 2214 illorum

220 2258 405 2289 casuum
440 2242 487 2288 in
522 2241 688 2307 quibus
724 2243 1027 2292 necessarlum
1056 2243 1319 2291 iudicabunt
1351 2243 1615 2308 dispensare
1648 2242 1705 2290 ab

222 2317 604 2384 interpellatione,
634 2335 723 2366 non
758 2320 981 2378 sufficiat,
1010 2331 1059 2368 ut
1081 2320 1263 2368 omnino
1297 2320 1386 2368 sint
1419 2320 1624 2385 persuasi
1648 2319 1705 2368 de

221 2394 585 2460 impossibilitate
602 2433 612 2452 ,
636 2405 713 2443 aut
735 2394 997 2445 difficultate
1021 2396 1144 2445 illam
1167 2395 1413 2463 exequendi
1433 2435 1443 2455 ,
1471 2396 1551 2445 sed
1574 2413 1705 2462 opor—

321 2563 389 2605 (38)
413 2565 453 2596 Et
469 2573 546 2597 vero
561 2565 609 2597 sic
627 2565 772 2598 decisum
797 2566 859 2599 suit
875 2576 895 2599 a
913 2575 978 2600 sac.
996 2575 1145 2609 congreg.
1163 2567 1204 2600 de
1224 2576 1356 2610 propag.
1373 2568 1436 2600 tide
1452 2568 1483 2599 in
1501 2567 1706 2607 responsione

223 2615 300 2649 data
322 2616 423 2649 dubio
444 2618 612 2660 proposito
629 2628 646 2651 a
662 2621 703 2651 D.
720 2620 866 2652 Ghislein
897 2620 1101 2654 missionario
1124 2621 1259 2662 Pekini,
1284 2620 1456 2653 nimirum:
1476 2621 1582 2651 «Num
1607 2618 1706 2652 verba

223 2678 257 2702 n.
273 2670 367 2702 Pauli
386 2672 412 2703 1.
433 2672 510 2704 Cor.
526 2680 555 2704 c.
573 2674 603 2704 7.
615 2681 647 2704 v.
663 2677 711 2705 15.
727 2672 825 2710 Quod
838 2675 869 2706 si
883 2673 1035 2714 infidelis
1050 2673 1213 2715 discedit,
1236 2674 1411 2714 discedat,
1435 2674 1479 2705 ita
1498 2671 1706 2712 intelligenda

225 2722 322 2755 etiam
345 2724 411 2756 sint
428 2724 470 2757 de
487 2725 749 2767 catechumenis,
772 2735 828 2759 seu
851 2727 977 2769 potius,
999 2729 1110 2761 utrum
1132 2728 1238 2761 Titius
1258 2727 1508 2760 catechumenus
1528 2725 1631 2766 possit
1650 2725 1706 2757 du·

222 2780 294 2808 cere
321 2777 471 2810 Bertham
495 2779 780 2820 catechumenam,
800 2782 833 2813 et
848 2789 867 2813 a
887 2789 946 2814 suo
966 2782 1082 2815 marito
1108 2781 1231 2814 infideli
1254 2781 1382 2823 propter
1405 2778 1589 2819 religionem
1611 2787 1703 2820 repu-

222 2827 497 2872 diaumpnnesp.
519 2836 566 2864 16.
582 2834 711 2865 Ianuar.
735 2837 824 2866 1683.
842 2833 976 2867 «Verba
997 2834 1054 2867 illa
1075 2835 1178 2869 sancti
1202 2834 1294 2867 Pauli
1316 2841 1380 2866 non
1406 2840 1475 2865 esse
1495 2830 1704 2873 intelligenda

222 2881 263 2915 de
282 2883 542 2926 catechumenis,
563 2885 618 2918 sed
641 2884 682 2919 de
704 2885 873 2928 baptizatis
894 2888 1055 2921 tantum.»
