1980 3260
270 278 359 311 CAP.
376 279 419 310 11.
440 280 490 310 DE
510 279 622 310 ECCL.
641 278 801 310 POTEST.
817 278 958 309 CONST.
975 278 1060 309 mr.
1082 278 1205 308 MATR.
1226 277 1308 309 nm.
1329 278 1420 308 Am.
1435 278 1479 308 u.
1567 261 1621 307 ⁴9

167 374 281 404 unus
312 357 495 421 proferri
526 356 666 421 possit
694 356 769 420 qui
800 373 899 403 cum
925 354 1117 401 Launoio
1140 355 1412 411 consentiat;
1442 355 1628 419 positive

166 445 313 481 autem
348 451 401 480 ex
435 431 632 480 conciliis
676 430 1018 496 provincialibus
1043 468 1052 486 ,
1092 447 1206 494 quae
1248 447 1407 493 magno
1448 447 1628 478 numero

168 527 256 557 sec.
284 508 392 555 XVI.
422 507 641 555 celebrata
665 516 766 553 sunt
790 517 877 554 toto
902 523 1012 571 pene
1036 505 1140 552 orbe
1163 516 1376 552 terrarum
1402 516 1500 570 post
1524 523 1629 553 con-

169 585 318 632 cilium
354 583 637 630 tridentinum
655 620 664 638 ‚
693 599 897 645 quaeque
922 592 1202 628 recensentur
1225 598 1249 627 a
1274 580 1418 627 Natali
1443 580 1629 627 Alexan-

169 661 249 707 dro
271 670 314 708 et
336 677 362 706 a
387 658 449 705 lo.
479 657 709 704 Dominico
743 656 883 703 Mansi
908 658 1022 717 (44).
1052 657 1170 703 Haec
1194 657 1380 705 concilia
1405 657 1553 704 omnia
1584 657 1628 703 in

169 736 282 782 duas
305 744 353 781 ut
376 733 615 797 plurimum
651 742 797 795 partes
832 732 975 778 divisa
999 743 1101 778 sunt
1123 771 1131 787 ,
1164 751 1350 796 quarum
1376 733 1496 797 prior
1519 750 1631 780 com-

170 810 373 874 plectitur
400 808 574 855 decreta
603 807 728 862 fidei,
756 807 972 870 posterior
1000 807 1172 854 decreta
1201 809 1465 871 disciplinae
1485 847 1494 864 ,
1517 826 1631 873 quae

168 883 553 949 comprehenditur
591 883 636 927 in
670 882 846 929 concilii
883 883 1107 929 tridentini
1151 883 1371 947 capitibus
1406 884 1461 929 de
1500 885 1631 931 resor—

169 960 376 1007 matione.
406 960 497 1006 Iam
521 975 622 1007 vero
645 957 843 1004 unanimi
869 958 1158 1005 consensione
1182 969 1423 1005 memorata
1446 959 1631 1007 concilia

168 1036 426 1101 profitentur
455 1053 503 1082 se
531 1035 694 1081 habere
717 1034 780 1080 uti
805 1033 1102 1096 dogmaticas,
1134 1052 1184 1082 ac
1210 1046 1441 1098 propterea
1473 1036 1529 1081 ad
1565 1052 1632 1081 ca—

171 1113 380 1160 tholicam
406 1112 536 1158 fidem
563 1121 810 1175 spectantes
835 1127 909 1156 eas
933 1110 1212 1158 definitiones
1236 1129 1348 1175 quas
1374 1111 1419 1156 in
1445 1112 1540 1158 suis
1564 1128 1632 1158 ca-

172 1189 362 1237 nonibus
388 1187 625 1235 tridentina
657 1187 855 1251 synodus
886 1187 1098 1243 sancivit,
1127 1187 1287 1234 deinde
1319 1205 1421 1235 vero
1456 1205 1508 1234 ea
1540 1205 1633 1233 am—

173 1264 425 1329 plectuntur
455 1281 569 1328 quae
602 1263 717 1310 circa
749 1262 1029 1326 disciplinam
1066 1264 1110 1308 in
1146 1263 1299 1310 eadem
1335 1264 1510 1310 fuerunt
1533 1281 1632 1310 con-

173 1341 339 1387 stituta.
364 1339 561 1387 Ecclesia
586 1339 718 1401 igitur
744 1338 950 1385 universa
982 1338 1235 1386 solemniter
1264 1341 1464 1403 professa
1492 1350 1560 1386 est
1586 1357 1633 1387 se

174 1426 397 1480 tamquam
417 1414 687 1478 dogmaticos
714 1413 876 1460 habere
895 1431 1086 1461 canones
1106 1415 1182 1460 ΙΙΙ.
1205 1426 1246 1462 et
1266 1417 1331 1462 lv.
1351 1433 1464 1462 sess.
1479 1415 1626 1461 XXIV.

175 1490 230 1538 de
264 1491 553 1538 Matrimonio.
1247 1551 1249 1553 η

267 1567 313 1613 Si
337 1567 486 1631 itaque
510 1568 758 1622 criterium,
789 1584 876 1630 quo
901 1570 1096 1616 omnium
1131 1568 1444 1615 catholicorum
1475 1568 1633 1614 suffra-

176 1644 248 1707 gio
288 1643 619 1706 distinguuntur
657 1663 851 1694 canones
893 1645 1127 1708 dogmatici
1169 1662 1194 1690 a
1235 1643 1627 1707 disciplinaribus,

178 1729 371 1783 spectato
399 1718 567 1766 obiecto
582 1758 591 1775 ,
616 1720 725 1777 fine,
748 1733 791 1768 et
814 1721 1101 1783 intelligentia
1126 1737 1204 1766 seu
1223 1730 1367 1765 mente
1391 1719 1627 1774 ecclesiae,

178 1794 420 1842 canonibus
452 1795 529 1841 Ill.
558 1805 600 1841 et
623 1796 690 1841 lv.
720 1797 1015 1861 applicemus,
1045 1797 1286 1861 reperimus
1317 1795 1361 1840 in
1387 1795 1456 1841 his
1480 1811 1632 1841 omnes

179 1870 437 1934 adimpletas
472 1887 570 1917 esse
604 1872 905 1928 conditiones,
944 1890 1057 1936 quae
1102 1872 1156 1919 ad
1187 1888 1376 1918 canones
1418 1871 1632 1933 dogmati—

178 1962 252 1993 cos
294 1946 623 1994 constituendos
670 1947 975 2011 requiruntur,
1023 1965 1103 1994 nec
1137 1947 1319 2012 proinde
1365 1946 1440 2011 qui
1481 1945 1631 1993 catho-

176 2019 304 2066 licam
338 2020 625 2085 profiteantur
659 2021 823 2078 fidem,
868 2040 943 2071 eos
991 2023 1261 2086 dogma-ticos
1300 2025 1399 2071 esse
1438 2021 1628 2069 inficiari

179 2111 328 2159 posse.

274 2170 398 2226 Quae
420 2189 447 2219 a
470 2173 663 2222 Launoio
687 2175 930 2223 afferuntur
953 2187 1000 2222 ut
1023 2176 1286 2223 contrarium
1306 2175 1513 2231 suadeat,
1537 2192 1633 2239 par-

177 2246 253 2293 tim
287 2246 401 2294 falsa
433 2259 560 2305 sunt,
593 2260 642 2297 ut
671 2262 788 2315 patet
821 2269 873 2298 ex
908 2251 989 2307 iis,
1019 2269 1131 2316 quae
1163 2251 1218 2297 de
1246 2250 1416 2298 adiecto
1451 2250 1633 2298 anathe-

178 2332 294 2369 mate
316 2322 633 2381 disseruimus,
662 2327 819 2390 partim
854 2326 909 2373 ab
933 2327 1015 2374 hac
1039 2326 1297 2391 quaestione
1320 2337 1420 2374 sunt
1449 2343 1630 2391 prorsus

179 2397 344 2455 aliena,
367 2398 615 2447 cuiusmodi
640 2412 744 2448 sunt
762 2419 871 2466 quas
891 2402 1052 2466 profert
1066 2402 1186 2466 leges
1205 2401 1260 2449 de
1283 2402 1631 2448 manumissione

179 2489 403 2521 servorum
421 2492 474 2522 ex
492 2476 799 2541 episcoporum
818 2477 978 2541 placito
996 2477 1196 2525 facienda
1215 2495 1265 2524 ac
1281 2477 1336 2524 de
1353 2487 1625 2533 testamento,

178 2566 291 2614 quas
316 2549 414 2598 tulit
435 2550 748 2599 Constantinus
773 2547 1032 2617 imperator,
1060 2564 1102 2601 et
1125 2571 1235 2619 quas
1258 2553 1502 2601 canonibus
1533 2569 1632 2600 con-

179 2625 407 2674 firmarunt
425 2627 882 2692 synodi-Arausicana
906 2630 939 2675 I.
978 2629 1245 2677 Arelatensis
1271 2631 1325 2676 11.
1355 2640 1397 2677 et
1429 2622 1631 2676 Matisco-

179 2702 330 2748 nensis
365 2702 418 2747 ΙΙ.
460 2703 555 2765 (45)
584 2723 593 2760 ;
633 2705 783 2769 Neque
815 2705 931 2752 enim
971 2706 1016 2752 in
1051 2706 1106 2753 iis
1140 2707 1285 2769 agitur
1318 2705 1373 2752 de
1407 2704 1631 2752 Ecclesiae

267 2827 332 2867 (⁴4)
354 2829 443 2860 nist.
463 2827 580 2861 eccles.
603 2838 665 2862 sec.
690 2813 757 2862 xv.
779 2832 810 2862 et
830 2831 912 2863 xv1.
933 2832 993 2863 an.
1013 2813 1090 2863 ‘cum
1111 2832 1187 2863 nota
1209 2834 1253 2864 ιο.
1274 2831 1363 2864 nom.
1386 2830 1499 2863 Μεηεῑ.
1526 2816 1529 2818 ’

267 2880 332 2921 (45)
353 2882 452 2913 Laun.
471 2891 523 2923 op.
541 2883 594 2915 cit.
616 2892 682 2924 par.
700 2886 713 2915 Ι
743 2893 811 2925 cap.
830 2886 913 2916 XIV.
930 2893 999 2925 pag.
1018 2887 1076 2917 73¹³
1093 2894 1182 2925 seqq.

285 2939 316 2973 ll
1528 2948 1547 2979 4
