<?xml version="1.0" encoding="UTF-8"?>
<!DOCTYPE html PUBLIC "-//W3C//DTD XHTML 1.0 Transitional//EN"
    "http://www.w3.org/TR/xhtml1/DTD/xhtml1-transitional.dtd">
<html xmlns="http://www.w3.org/1999/xhtml" xml:lang="en" lang="en">
 <head>
  <title>
</title>
<meta http-equiv="Content-Type" content="text/html;charset=utf-8" />
  <meta name='ocr-system' content='tesseract 3.04.00' />
  <meta name='ocr-capabilities' content='ocr_page ocr_carea ocr_par ocr_line ocrx_word'/>
</head>
<body>
  <div class='ocr_page' id='page_1' title='image "a603380702perruoft_0048.png"; bbox 0 0 1980 3260; ppageno 0'>
   <div class='ocr_carea' id='block_1_1' title="bbox 405 241 1533 288">
    <p class='ocr_par' dir='ltr' id='par_1_1' title="bbox 405 241 1533 288">
     <span class='ocr_line' id='line_1_1' title="bbox 405 241 1533 288; baseline -0.006 0"><span class='ocrx_word' id='word_1_1' title='bbox 405 244 462 288; x_wconf 75' lang='lat'>44</span> <span class='ocrx_word' id='word_1_2' title='bbox 717 253 795 284; x_wconf 73' lang='lat' dir='ltr'>Lm.</span> <span class='ocrx_word' id='word_1_3' title='bbox 824 252 870 284; x_wconf 76' lang='grc' dir='ltr'>ιι.</span> <span class='ocrx_word' id='word_1_4' title='bbox 899 251 1010 284; x_wconf 68' lang='lat' dir='ltr'>secr.</span> <span class='ocrx_word' id='word_1_5' title='bbox 1039 251 1068 282; x_wconf 88' lang='lat'>1.</span> <span class='ocrx_word' id='word_1_6' title='bbox 1099 250 1149 281; x_wconf 72' lang='lat' dir='ltr'>ni:</span> <span class='ocrx_word' id='word_1_7' title='bbox 1174 241 1337 281; x_wconf 72' lang='lat' dir='ltr'>rorcsr.</span> <span class='ocrx_word' id='word_1_8' title='bbox 1368 250 1533 282; x_wconf 68' lang='lat' dir='ltr'>nectus.</span> 
     </span>
    </p>
   </div>
   <div class='ocr_carea' id='block_1_2' title="bbox 374 326 1867 2059">
    <p class='ocr_par' dir='ltr' id='par_1_2' title="bbox 402 326 1862 845">
     <span class='ocr_line' id='line_1_2' title="bbox 403 326 1857 395; baseline -0.003 -15"><span class='ocrx_word' id='word_1_9' title='bbox 403 334 541 381; x_wconf 88' lang='lat' dir='ltr'>lorum</span> <span class='ocrx_word' id='word_1_10' title='bbox 565 331 814 395; x_wconf 85' lang='lat' dir='ltr'>opinionem</span> <span class='ocrx_word' id='word_1_11' title='bbox 835 367 844 386; x_wconf 83' lang='lat'>‚</span> <span class='ocrx_word' id='word_1_12' title='bbox 867 329 943 394; x_wconf 88' lang='lat' dir='ltr'>qui</span> <span class='ocrx_word' id='word_1_13' title='bbox 962 328 1118 375; x_wconf 86' lang='lat' dir='ltr'>docent</span> <span class='ocrx_word' id='word_1_14' title='bbox 1142 343 1274 391; x_wconf 88' lang='lat' dir='ltr'>posse</span> <span class='ocrx_word' id='word_1_15' title='bbox 1293 326 1516 390; x_wconf 79' lang='lat' dir='ltr'>principes</span> <span class='ocrx_word' id='word_1_16' title='bbox 1544 328 1857 390; x_wconf 86' lang='lat' dir='ltr'>impedimenta</span> 
     </span>
     <span class='ocr_line' id='line_1_3' title="bbox 404 401 1860 470; baseline -0.003 -14"><span class='ocrx_word' id='word_1_17' title='bbox 404 419 591 456; x_wconf 86' lang='lat' dir='ltr'>statuere</span> <span class='ocrx_word' id='word_1_18' title='bbox 617 424 731 470; x_wconf 89' lang='lat' dir='ltr'>quae</span> <span class='ocrx_word' id='word_1_19' title='bbox 766 405 934 452; x_wconf 90' lang='lat' dir='ltr'>irritent</span> <span class='ocrx_word' id='word_1_20' title='bbox 958 405 1103 468; x_wconf 88' lang='lat' dir='ltr'>ipsum</span> <span class='ocrx_word' id='word_1_21' title='bbox 1137 401 1381 448; x_wconf 84' lang='lat' dir='ltr'>naturalem</span> <span class='ocrx_word' id='word_1_22' title='bbox 1405 411 1676 448; x_wconf 89' lang='lat' dir='ltr'>contractum</span> <span class='ocrx_word' id='word_1_23' title='bbox 1709 405 1860 451; x_wconf 86' lang='lat' dir='ltr'>matri-</span> 
     </span>
     <span class='ocr_line' id='line_1_4' title="bbox 403 477 1857 546; baseline -0.001 -18"><span class='ocrx_word' id='word_1_24' title='bbox 403 483 533 530; x_wconf 91' lang='lat' dir='ltr'>monii</span> <span class='ocrx_word' id='word_1_25' title='bbox 554 482 685 529; x_wconf 91' lang='lat' dir='ltr'>etiam</span> <span class='ocrx_word' id='word_1_26' title='bbox 702 491 802 546; x_wconf 90' lang='lat' dir='ltr'>post</span> <span class='ocrx_word' id='word_1_27' title='bbox 828 480 924 527; x_wconf 88' lang='lat' dir='ltr'>eius</span> <span class='ocrx_word' id='word_1_28' title='bbox 953 478 1220 526; x_wconf 87' lang='lat' dir='ltr'>evectionem</span> <span class='ocrx_word' id='word_1_29' title='bbox 1239 477 1294 523; x_wconf 86' lang='lat' dir='ltr'>ad</span> <span class='ocrx_word' id='word_1_30' title='bbox 1315 477 1579 524; x_wconf 88' lang='lat' dir='ltr'>sacramenti</span> <span class='ocrx_word' id='word_1_31' title='bbox 1603 477 1857 540; x_wconf 82' lang='lat' dir='ltr'>dignitatem</span> 
     </span>
     <span class='ocr_line' id='line_1_5' title="bbox 402 553 1860 617; baseline -0.003 -12"><span class='ocrx_word' id='word_1_32' title='bbox 402 558 656 605; x_wconf 89' lang='lat' dir='ltr'>auctoritate</span> <span class='ocrx_word' id='word_1_33' title='bbox 686 556 771 603; x_wconf 92' lang='lat' dir='ltr'>sibi</span> <span class='ocrx_word' id='word_1_34' title='bbox 805 556 953 601; x_wconf 89' lang='lat' dir='ltr'>innata</span> <span class='ocrx_word' id='word_1_35' title='bbox 992 571 1043 600; x_wconf 91' lang='lat' dir='ltr'>ac</span> <span class='ocrx_word' id='word_1_36' title='bbox 1083 553 1290 617; x_wconf 88' lang='lat' dir='ltr'>propria;</span> <span class='ocrx_word' id='word_1_37' title='bbox 1322 570 1475 599; x_wconf 89' lang='lat' dir='ltr'>verum</span> <span class='ocrx_word' id='word_1_38' title='bbox 1508 554 1640 599; x_wconf 90' lang='lat' dir='ltr'>etiam</span> <span class='ocrx_word' id='word_1_39' title='bbox 1670 555 1860 617; x_wconf 79' lang='lat' dir='ltr'>practice</span> 
     </span>
     <span class='ocr_line' id='line_1_6' title="bbox 402 628 1862 694; baseline -0.003 -14"><span class='ocrx_word' id='word_1_40' title='bbox 402 634 517 680; x_wconf 89' lang='lat' dir='ltr'>hanc</span> <span class='ocrx_word' id='word_1_41' title='bbox 540 633 646 679; x_wconf 90' lang='lat' dir='ltr'>dicit</span> <span class='ocrx_word' id='word_1_42' title='bbox 670 649 768 678; x_wconf 90' lang='lat' dir='ltr'>esse</span> <span class='ocrx_word' id='word_1_43' title='bbox 792 631 993 677; x_wconf 88' lang='lat' dir='ltr'>tutiorem</span> <span class='ocrx_word' id='word_1_44' title='bbox 1017 667 1026 685; x_wconf 79' lang='lat'>‚</span> <span class='ocrx_word' id='word_1_45' title='bbox 1056 629 1150 676; x_wconf 90' lang='lat' dir='ltr'>sive</span> <span class='ocrx_word' id='word_1_46' title='bbox 1174 629 1320 693; x_wconf 90' lang='lat' dir='ltr'>quoad</span> <span class='ocrx_word' id='word_1_47' title='bbox 1345 628 1570 693; x_wconf 85' lang='lat' dir='ltr'>principes</span> <span class='ocrx_word' id='word_1_48' title='bbox 1593 667 1602 685; x_wconf 90' lang='lat'>,</span> <span class='ocrx_word' id='word_1_49' title='bbox 1633 629 1728 676; x_wconf 88' lang='lat' dir='ltr'>sive</span> <span class='ocrx_word' id='word_1_50' title='bbox 1750 631 1862 694; x_wconf 83' lang='lat' dir='ltr'>quo-</span> 
     </span>
     <span class='ocr_line' id='line_1_7' title="bbox 402 705 1862 770; baseline -0.002 -15"><span class='ocrx_word' id='word_1_51' title='bbox 402 709 457 755; x_wconf 92' lang='lat' dir='ltr'>ad</span> <span class='ocrx_word' id='word_1_52' title='bbox 481 707 735 762; x_wconf 88' lang='lat' dir='ltr'>ecclesiam,</span> <span class='ocrx_word' id='word_1_53' title='bbox 781 706 874 753; x_wconf 89' lang='lat' dir='ltr'>sive</span> <span class='ocrx_word' id='word_1_54' title='bbox 908 705 1054 770; x_wconf 89' lang='lat' dir='ltr'>quoad</span> <span class='ocrx_word' id='word_1_55' title='bbox 1088 705 1361 761; x_wconf 88' lang='lat' dir='ltr'>societatem,</span> <span class='ocrx_word' id='word_1_56' title='bbox 1391 705 1485 752; x_wconf 87' lang='lat' dir='ltr'>sive</span> <span class='ocrx_word' id='word_1_57' title='bbox 1517 706 1663 769; x_wconf 92' lang='lat' dir='ltr'>quoad</span> <span class='ocrx_word' id='word_1_58' title='bbox 1695 705 1862 752; x_wconf 86' lang='lat' dir='ltr'>nuben-</span> 
     </span>
     <span class='ocr_line' id='line_1_8' title="bbox 403 783 771 845; baseline -0.005 -16"><span class='ocrx_word' id='word_1_59' title='bbox 403 793 466 830; x_wconf 88' lang='lat' dir='ltr'>tes</span> <span class='ocrx_word' id='word_1_60' title='bbox 501 783 623 845; x_wconf 88' lang='lat' dir='ltr'>ipsos</span> <span class='ocrx_word' id='word_1_61' title='bbox 655 783 771 843; x_wconf 81' lang='lat'><strong>(38).</strong></span> 
     </span>
    </p>

    <p class='ocr_par' dir='ltr' id='par_1_3' title="bbox 374 855 1865 1584">
     <span class='ocr_line' id='line_1_9' title="bbox 497 855 1859 921; baseline 0.001 -19"><span class='ocrx_word' id='word_1_62' title='bbox 497 858 562 904; x_wconf 86' lang='lat' dir='ltr'>lta</span> <span class='ocrx_word' id='word_1_63' title='bbox 595 858 774 921; x_wconf 91' lang='lat' dir='ltr'>quidem</span> <span class='ocrx_word' id='word_1_64' title='bbox 798 856 872 903; x_wconf 85' lang='lat' dir='ltr'>hic</span> <span class='ocrx_word' id='word_1_65' title='bbox 896 866 1046 904; x_wconf 87' lang='lat' dir='ltr'>auctor</span> <span class='ocrx_word' id='word_1_66' title='bbox 1078 856 1208 903; x_wconf 87' lang='lat' dir='ltr'>annis</span> <span class='ocrx_word' id='word_1_67' title='bbox 1244 855 1408 921; x_wconf 89' lang='lat' dir='ltr'>elapsis</span> <span class='ocrx_word' id='word_1_68' title='bbox 1441 856 1484 902; x_wconf 93' lang='lat' dir='ltr'>in</span> <span class='ocrx_word' id='word_1_69' title='bbox 1522 856 1679 920; x_wconf 91' lang='lat' dir='ltr'>primis</span> <span class='ocrx_word' id='word_1_70' title='bbox 1712 857 1859 921; x_wconf 90' lang='lat' dir='ltr'>operis</span> 
     </span>
     <span class='ocr_line' id='line_1_10' title="bbox 403 932 1861 996; baseline -0.001 -16"><span class='ocrx_word' id='word_1_71' title='bbox 403 932 472 980; x_wconf 90' lang='lat' dir='ltr'>sui</span> <span class='ocrx_word' id='word_1_72' title='bbox 496 932 780 988; x_wconf 77' lang='lat' dir='ltr'>editionibus,</span> <span class='ocrx_word' id='word_1_73' title='bbox 803 949 920 979; x_wconf 93' lang='lat' dir='ltr'>nunc</span> <span class='ocrx_word' id='word_1_74' title='bbox 937 950 1040 979; x_wconf 88' lang='lat' dir='ltr'>vero</span> <span class='ocrx_word' id='word_1_75' title='bbox 1058 933 1102 978; x_wconf 93' lang='lat' dir='ltr'>in</span> <span class='ocrx_word' id='word_1_76' title='bbox 1128 932 1283 996; x_wconf 91' lang='lat' dir='ltr'>quinta</span> <span class='ocrx_word' id='word_1_77' title='bbox 1306 932 1492 979; x_wconf 92' lang='lat' dir='ltr'>huiusce</span> <span class='ocrx_word' id='word_1_78' title='bbox 1516 942 1727 979; x_wconf 88' lang='lat' dir='ltr'>tractatus</span> <span class='ocrx_word' id='word_1_79' title='bbox 1746 949 1861 979; x_wconf 88' lang='lat' dir='ltr'>com-</span> 
     </span>
     <span class='ocr_line' id='line_1_11' title="bbox 403 1008 1862 1073; baseline -0.001 -17"><span class='ocrx_word' id='word_1_80' title='bbox 403 1009 552 1073; x_wconf 86' lang='lat' dir='ltr'>pendii</span> <span class='ocrx_word' id='word_1_81' title='bbox 577 1009 790 1065; x_wconf 87' lang='lat' dir='ltr'>editione,</span> <span class='ocrx_word' id='word_1_82' title='bbox 819 1026 845 1055; x_wconf 89' lang='lat' dir='ltr'>a</span> <span class='ocrx_word' id='word_1_83' title='bbox 869 1008 1098 1055; x_wconf 88' lang='lat' dir='ltr'>sententiis</span> <span class='ocrx_word' id='word_1_84' title='bbox 1122 1026 1233 1072; x_wconf 90' lang='lat' dir='ltr'>quas</span> <span class='ocrx_word' id='word_1_85' title='bbox 1258 1008 1380 1073; x_wconf 89' lang='lat' dir='ltr'>prius</span> <span class='ocrx_word' id='word_1_86' title='bbox 1417 1008 1694 1055; x_wconf 85' lang='lat' dir='ltr'>adstruxerat</span> <span class='ocrx_word' id='word_1_87' title='bbox 1721 1025 1862 1055; x_wconf 89' lang='lat' dir='ltr'>reces-</span> 
     </span>
     <span class='ocr_line' id='line_1_12' title="bbox 404 1083 1859 1148; baseline -0.001 -17"><span class='ocrx_word' id='word_1_88' title='bbox 404 1085 462 1131; x_wconf 88' lang='lat' dir='ltr'>sit</span> <span class='ocrx_word' id='word_1_89' title='bbox 484 1122 493 1140; x_wconf 86' lang='lat'>,</span> <span class='ocrx_word' id='word_1_90' title='bbox 537 1084 870 1148; x_wconf 86' lang='lat' dir='ltr'>doctrinamque</span> <span class='ocrx_word' id='word_1_91' title='bbox 902 1102 1030 1131; x_wconf 92' lang='lat' dir='ltr'>suam</span> <span class='ocrx_word' id='word_1_92' title='bbox 1071 1083 1296 1130; x_wconf 89' lang='lat' dir='ltr'>doctrinae</span> <span class='ocrx_word' id='word_1_93' title='bbox 1336 1083 1604 1148; x_wconf 88' lang='lat' dir='ltr'>apostolicae</span> <span class='ocrx_word' id='word_1_94' title='bbox 1643 1083 1764 1130; x_wconf 85' lang='lat' dir='ltr'>sedis</span> <span class='ocrx_word' id='word_1_95' title='bbox 1803 1083 1859 1130; x_wconf 87' lang='lat' dir='ltr'>ad</span> 
     </span>
     <span class='ocr_line' id='line_1_13' title="bbox 403 1158 1862 1224; baseline 0 -18"><span class='ocrx_word' id='word_1_96' title='bbox 403 1160 616 1207; x_wconf 88' lang='lat' dir='ltr'>amussim</span> <span class='ocrx_word' id='word_1_97' title='bbox 642 1160 931 1207; x_wconf 82' lang='lat' dir='ltr'>conformavit</span> <span class='ocrx_word' id='word_1_98' title='bbox 955 1160 1130 1224; x_wconf 90' lang='lat' dir='ltr'>publice</span> <span class='ocrx_word' id='word_1_99' title='bbox 1147 1159 1377 1206; x_wconf 87' lang='lat' dir='ltr'>declarans</span> <span class='ocrx_word' id='word_1_100' title='bbox 1403 1177 1450 1205; x_wconf 92' lang='lat' dir='ltr'>se</span> <span class='ocrx_word' id='word_1_101' title='bbox 1467 1158 1529 1204; x_wconf 91' lang='lat' dir='ltr'>nil</span> <span class='ocrx_word' id='word_1_102' title='bbox 1549 1158 1670 1205; x_wconf 92' lang='lat' dir='ltr'>aliud</span> <span class='ocrx_word' id='word_1_103' title='bbox 1697 1159 1862 1206; x_wconf 82' lang='lat' dir='ltr'>sentire</span> 
     </span>
     <span class='ocr_line' id='line_1_14' title="bbox 402 1233 1865 1299; baseline -0.001 -17"><span class='ocrx_word' id='word_1_104' title='bbox 402 1253 453 1282; x_wconf 87' lang='lat' dir='ltr'>ac</span> <span class='ocrx_word' id='word_1_105' title='bbox 489 1247 635 1282; x_wconf 90' lang='lat' dir='ltr'>tenere</span> <span class='ocrx_word' id='word_1_106' title='bbox 666 1235 780 1287; x_wconf 83' lang='lat' dir='ltr'>velle</span> <span class='ocrx_word' id='word_1_107' title='bbox 814 1235 903 1282; x_wconf 90' lang='lat' dir='ltr'>nisi</span> <span class='ocrx_word' id='word_1_108' title='bbox 927 1235 1045 1299; x_wconf 92' lang='lat' dir='ltr'>quod</span> <span class='ocrx_word' id='word_1_109' title='bbox 1070 1234 1125 1280; x_wconf 91' lang='lat' dir='ltr'>ab</span> <span class='ocrx_word' id='word_1_110' title='bbox 1160 1234 1243 1281; x_wconf 88' lang='lat' dir='ltr'>hac</span> <span class='ocrx_word' id='word_1_111' title='bbox 1277 1234 1472 1281; x_wconf 89' lang='lat' dir='ltr'>veritatis</span> <span class='ocrx_word' id='word_1_112' title='bbox 1509 1233 1723 1296; x_wconf 82' lang='lat' dir='ltr'>magistra</span> <span class='ocrx_word' id='word_1_113' title='bbox 1746 1243 1865 1281; x_wconf 90' lang='lat' dir='ltr'>tene-</span> 
     </span>
     <span class='ocr_line' id='line_1_15' title="bbox 405 1309 1861 1376; baseline 0 -19"><span class='ocrx_word' id='word_1_114' title='bbox 405 1321 473 1357; x_wconf 88' lang='lat' dir='ltr'>tur</span> <span class='ocrx_word' id='word_1_115' title='bbox 506 1322 638 1376; x_wconf 91' lang='lat' dir='ltr'>atque</span> <span class='ocrx_word' id='word_1_116' title='bbox 671 1312 852 1359; x_wconf 83' lang='lat' dir='ltr'>docetur</span> <span class='ocrx_word' id='word_1_117' title='bbox 874 1313 989 1373; x_wconf 86' lang='lat'>(39).</span> <span class='ocrx_word' id='word_1_118' title='bbox 1031 1310 1153 1365; x_wconf 85' lang='lat' dir='ltr'>Quae</span> <span class='ocrx_word' id='word_1_119' title='bbox 1187 1310 1364 1375; x_wconf 91' lang='lat' dir='ltr'>quidem</span> <span class='ocrx_word' id='word_1_120' title='bbox 1398 1309 1557 1372; x_wconf 82' lang='lat' dir='ltr'>agendi</span> <span class='ocrx_word' id='word_1_121' title='bbox 1583 1309 1696 1357; x_wconf 90' lang='lat' dir='ltr'>ratio</span> <span class='ocrx_word' id='word_1_122' title='bbox 1724 1326 1861 1374; x_wconf 87' lang='lat' dir='ltr'>penes</span> 
     </span>
     <span class='ocr_line' id='line_1_16' title="bbox 402 1385 1864 1434; baseline 0.001 -2"><span class='ocrx_word' id='word_1_123' title='bbox 402 1403 554 1433; x_wconf 89' lang='lat' dir='ltr'>omnes</span> <span class='ocrx_word' id='word_1_124' title='bbox 593 1387 705 1433; x_wconf 88' lang='lat' dir='ltr'>bene</span> <span class='ocrx_word' id='word_1_125' title='bbox 746 1387 984 1434; x_wconf 89' lang='lat' dir='ltr'>sentientes</span> <span class='ocrx_word' id='word_1_126' title='bbox 1025 1386 1168 1433; x_wconf 88' lang='lat' dir='ltr'>eidem</span> <span class='ocrx_word' id='word_1_127' title='bbox 1207 1386 1455 1434; x_wconf 88' lang='lat' dir='ltr'>clarissimo</span> <span class='ocrx_word' id='word_1_128' title='bbox 1484 1386 1651 1433; x_wconf 90' lang='lat' dir='ltr'>auctori</span> <span class='ocrx_word' id='word_1_129' title='bbox 1685 1385 1864 1434; x_wconf 89' lang='lat' dir='ltr'>laudem</span> 
     </span>
     <span class='ocr_line' id='line_1_17' title="bbox 374 1461 1864 1526; baseline 0.001 -19"><span class='ocrx_word' id='word_1_130' title='bbox 374 1487 378 1491; x_wconf 95' lang='lat'>·</span> <span class='ocrx_word' id='word_1_131' title='bbox 403 1479 488 1508; x_wconf 90' lang='lat' dir='ltr'>non</span> <span class='ocrx_word' id='word_1_132' title='bbox 524 1462 753 1509; x_wconf 86' lang='lat' dir='ltr'>minimam</span> <span class='ocrx_word' id='word_1_133' title='bbox 788 1461 1092 1526; x_wconf 83' lang='lat' dir='ltr'>comparavit,</span> <span class='ocrx_word' id='word_1_134' title='bbox 1122 1479 1292 1526; x_wconf 91' lang='lat' dir='ltr'>nosque</span> <span class='ocrx_word' id='word_1_135' title='bbox 1323 1462 1410 1526; x_wconf 90' lang='lat' dir='ltr'>ipsi</span> <span class='ocrx_word' id='word_1_136' title='bbox 1436 1462 1476 1508; x_wconf 93' lang='lat' dir='ltr'>ei</span> <span class='ocrx_word' id='word_1_137' title='bbox 1511 1479 1563 1508; x_wconf 88' lang='lat' dir='ltr'>ex</span> <span class='ocrx_word' id='word_1_138' title='bbox 1598 1461 1746 1509; x_wconf 89' lang='lat' dir='ltr'>animo</span> <span class='ocrx_word' id='word_1_139' title='bbox 1768 1479 1864 1525; x_wconf 80' lang='lat' dir='ltr'>gra-</span> 
     </span>
     <span class='ocr_line' id='line_1_18' title="bbox 404 1537 609 1584; baseline 0 -1"><span class='ocrx_word' id='word_1_140' title='bbox 404 1537 609 1584; x_wconf 86' lang='lat' dir='ltr'>tulamur.</span> 
     </span>
    </p>

    <p class='ocr_par' dir='ltr' id='par_1_4' title="bbox 402 1613 1867 2059">
     <span class='ocr_line' id='line_1_19' title="bbox 497 1613 1865 1680; baseline 0.001 -19"><span class='ocrx_word' id='word_1_141' title='bbox 497 1613 806 1677; x_wconf 88' lang='lat' dir='ltr'>Opportunum</span> <span class='ocrx_word' id='word_1_142' title='bbox 835 1614 1044 1662; x_wconf 89' lang='lat' dir='ltr'>duximus</span> <span class='ocrx_word' id='word_1_143' title='bbox 1080 1615 1164 1663; x_wconf 90' lang='lat' dir='ltr'>sub</span> <span class='ocrx_word' id='word_1_144' title='bbox 1197 1616 1345 1680; x_wconf 90' lang='lat' dir='ltr'>ipsum</span> <span class='ocrx_word' id='word_1_145' title='bbox 1379 1615 1652 1663; x_wconf 87' lang='lat' dir='ltr'>tractationis</span> <span class='ocrx_word' id='word_1_146' title='bbox 1687 1625 1865 1662; x_wconf 86' lang='lat' dir='ltr'>nostrae</span> 
     </span>
     <span class='ocr_line' id='line_1_20' title="bbox 402 1688 1865 1755; baseline 0.001 -20"><span class='ocrx_word' id='word_1_147' title='bbox 402 1688 628 1736; x_wconf 87' lang='lat' dir='ltr'>exordium</span> <span class='ocrx_word' id='word_1_148' title='bbox 664 1700 796 1736; x_wconf 84' lang='lat' dir='ltr'>totam</span> <span class='ocrx_word' id='word_1_149' title='bbox 833 1689 966 1738; x_wconf 91' lang='lat' dir='ltr'>huius</span> <span class='ocrx_word' id='word_1_150' title='bbox 991 1690 1314 1738; x_wconf 87' lang='lat' dir='ltr'>controversiae</span> <span class='ocrx_word' id='word_1_151' title='bbox 1346 1690 1576 1737; x_wconf 88' lang='lat' dir='ltr'>historiam</span> <span class='ocrx_word' id='word_1_152' title='bbox 1610 1689 1733 1737; x_wconf 82' lang='lat' dir='ltr'>brevi</span> <span class='ocrx_word' id='word_1_153' title='bbox 1768 1707 1865 1755; x_wconf 89' lang='lat' dir='ltr'>pro-</span> 
     </span>
     <span class='ocr_line' id='line_1_21' title="bbox 403 1765 1867 1831; baseline 0.001 -19"><span class='ocrx_word' id='word_1_154' title='bbox 403 1782 581 1829; x_wconf 88' lang='lat' dir='ltr'>ponere.</span> <span class='ocrx_word' id='word_1_155' title='bbox 621 1765 899 1830; x_wconf 84' lang='lat' dir='ltr'>Quamquam</span> <span class='ocrx_word' id='word_1_156' title='bbox 933 1767 1051 1813; x_wconf 92' lang='lat' dir='ltr'>enim</span> <span class='ocrx_word' id='word_1_157' title='bbox 1087 1767 1372 1831; x_wconf 89' lang='lat' dir='ltr'>quaestiones</span> <span class='ocrx_word' id='word_1_158' title='bbox 1409 1766 1677 1830; x_wconf 89' lang='lat' dir='ltr'>multiplices</span> <span class='ocrx_word' id='word_1_159' title='bbox 1701 1803 1711 1823; x_wconf 87' lang='lat'>,</span> <span class='ocrx_word' id='word_1_160' title='bbox 1749 1783 1867 1831; x_wconf 80' lang='lat' dir='ltr'>quas</span> 
     </span>
     <span class='ocr_line' id='line_1_22' title="bbox 404 1841 1864 1907; baseline 0.003 -21"><span class='ocrx_word' id='word_1_161' title='bbox 404 1841 449 1886; x_wconf 91' lang='lat' dir='ltr'>in</span> <span class='ocrx_word' id='word_1_162' title='bbox 483 1841 696 1888; x_wconf 90' lang='lat' dir='ltr'>historica</span> <span class='ocrx_word' id='word_1_163' title='bbox 718 1842 803 1889; x_wconf 88' lang='lat' dir='ltr'>hac</span> <span class='ocrx_word' id='word_1_164' title='bbox 837 1843 1174 1890; x_wconf 88' lang='lat' dir='ltr'>adumbratione</span> <span class='ocrx_word' id='word_1_165' title='bbox 1205 1843 1463 1906; x_wconf 82' lang='lat' dir='ltr'>attigimus,</span> <span class='ocrx_word' id='word_1_166' title='bbox 1504 1843 1664 1907; x_wconf 89' lang='lat' dir='ltr'>partim</span> <span class='ocrx_word' id='word_1_167' title='bbox 1700 1843 1747 1888; x_wconf 85' lang='lat' dir='ltr'>in</span> <span class='ocrx_word' id='word_1_168' title='bbox 1781 1843 1864 1890; x_wconf 88' lang='lat' dir='ltr'>hac</span> 
     </span>
     <span class='ocr_line' id='line_1_23' title="bbox 404 1916 1863 1982; baseline 0.003 -21"><span class='ocrx_word' id='word_1_169' title='bbox 404 1916 544 1980; x_wconf 88' lang='lat' dir='ltr'>prima</span> <span class='ocrx_word' id='word_1_170' title='bbox 568 1917 667 1962; x_wconf 90' lang='lat' dir='ltr'>libri</span> <span class='ocrx_word' id='word_1_171' title='bbox 704 1918 898 1965; x_wconf 89' lang='lat' dir='ltr'>sectione</span> <span class='ocrx_word' id='word_1_172' title='bbox 915 1956 924 1974; x_wconf 87' lang='lat'><strong>‚</strong></span> <span class='ocrx_word' id='word_1_173' title='bbox 961 1918 1119 1982; x_wconf 90' lang='lat' dir='ltr'>partim</span> <span class='ocrx_word' id='word_1_174' title='bbox 1145 1918 1189 1964; x_wconf 91' lang='lat' dir='ltr'>in</span> <span class='ocrx_word' id='word_1_175' title='bbox 1213 1918 1374 1974; x_wconf 88' lang='lat' dir='ltr'>altera,</span> <span class='ocrx_word' id='word_1_176' title='bbox 1413 1928 1544 1982; x_wconf 86' lang='lat' dir='ltr'>prout</span> <span class='ocrx_word' id='word_1_177' title='bbox 1571 1917 1681 1964; x_wconf 76' lang='lat' dir='ltr'>ordo</span> <span class='ocrx_word' id='word_1_178' title='bbox 1716 1935 1863 1965; x_wconf 79' lang='lat' dir='ltr'>rer-um</span> 
     </span>
     <span class='ocr_line' id='line_1_24' title="bbox 405 1992 1864 2059; baseline 0.003 -21"><span class='ocrx_word' id='word_1_179' title='bbox 405 2008 455 2039; x_wconf 88' lang='lat' dir='ltr'>ac</span> <span class='ocrx_word' id='word_1_180' title='bbox 488 1992 683 2039; x_wconf 89' lang='lat' dir='ltr'>idearum</span> <span class='ocrx_word' id='word_1_181' title='bbox 709 1994 949 2058; x_wconf 89' lang='lat' dir='ltr'>postulabit</span> <span class='ocrx_word' id='word_1_182' title='bbox 974 1994 1311 2059; x_wconf 89' lang='lat' dir='ltr'>pertractandae</span> <span class='ocrx_word' id='word_1_183' title='bbox 1335 1995 1425 2042; x_wconf 89' lang='lat' dir='ltr'>sint</span> <span class='ocrx_word' id='word_1_184' title='bbox 1441 2033 1451 2051; x_wconf 90' lang='lat'><strong>‚</strong></span> <span class='ocrx_word' id='word_1_185' title='bbox 1479 1995 1600 2042; x_wconf 88' lang='lat' dir='ltr'>iuvat</span> <span class='ocrx_word' id='word_1_186' title='bbox 1623 2005 1770 2041; x_wconf 87' lang='lat' dir='ltr'>tamen</span> <span class='ocrx_word' id='word_1_187' title='bbox 1793 2011 1864 2058; x_wconf 79' lang='lat' dir='ltr'>ge-</span> 
     </span>
    </p>
   </div>
   <div class='ocr_carea' id='block_1_3' title="bbox 401 2117 1869 2896">
    <p class='ocr_par' dir='ltr' id='par_1_5' title="bbox 493 2117 1448 2161">
     <span class='ocr_line' id='line_1_25' title="bbox 493 2117 1448 2161; baseline 0.002 -12"><span class='ocrx_word' id='word_1_188' title='bbox 493 2117 557 2157; x_wconf 77' lang='grc'>(38)</span> <span class='ocrx_word' id='word_1_189' title='bbox 580 2119 665 2150; x_wconf 85' lang='lat' dir='ltr'>Part.</span> <span class='ocrx_word' id='word_1_190' title='bbox 681 2120 738 2150; x_wconf 85' lang='grc' dir='ltr'>ΙΙΙ,</span> <span class='ocrx_word' id='word_1_191' title='bbox 753 2121 829 2151; x_wconf 88' lang='lat' dir='ltr'>sect.</span> <span class='ocrx_word' id='word_1_192' title='bbox 848 2121 889 2151; x_wconf 92' lang='grc' dir='ltr'>ΙΙ.</span> <span class='ocrx_word' id='word_1_193' title='bbox 906 2130 976 2161; x_wconf 89' lang='lat' dir='ltr'>cap.</span> <span class='ocrx_word' id='word_1_194' title='bbox 996 2122 1037 2152; x_wconf 89' lang='lat'>11.</span> <span class='ocrx_word' id='word_1_195' title='bbox 1056 2121 1117 2152; x_wconf 86' lang='lat' dir='ltr'>art.</span> <span class='ocrx_word' id='word_1_196' title='bbox 1133 2125 1162 2152; x_wconf 88' lang='lat'>2.</span> <span class='ocrx_word' id='word_1_197' title='bbox 1180 2119 1230 2152; x_wconf 87' lang='lat' dir='ltr'>ed.</span> <span class='ocrx_word' id='word_1_198' title='bbox 1251 2119 1341 2152; x_wconf 87' lang='lat' dir='ltr'>Paris</span> <span class='ocrx_word' id='word_1_199' title='bbox 1359 2123 1448 2152; x_wconf 86' lang='grc'><strong>1837.</strong></span> 
     </span>
    </p>

    <p class='ocr_par' dir='ltr' id='par_1_6' title="bbox 401 2171 1869 2896">
     <span class='ocr_line' id='line_1_26' title="bbox 496 2171 1865 2214; baseline 0.001 -12"><span class='ocrx_word' id='word_1_200' title='bbox 496 2171 560 2210; x_wconf 80' lang='lat'>(39)</span> <span class='ocrx_word' id='word_1_201' title='bbox 582 2171 706 2202; x_wconf 84' lang='lat' dir='ltr'>Etenim</span> <span class='ocrx_word' id='word_1_202' title='bbox 722 2172 754 2202; x_wconf 87' lang='lat' dir='ltr'>in</span> <span class='ocrx_word' id='word_1_203' title='bbox 771 2173 964 2212; x_wconf 79' lang='lat' dir='ltr'>praefatione</span> <span class='ocrx_word' id='word_1_204' title='bbox 979 2173 1020 2205; x_wconf 89' lang='lat' dir='ltr'>ad</span> <span class='ocrx_word' id='word_1_205' title='bbox 1043 2174 1125 2205; x_wconf 88' lang='lat' dir='ltr'>hanc</span> <span class='ocrx_word' id='word_1_206' title='bbox 1140 2173 1286 2214; x_wconf 83' lang='lat' dir='ltr'>quintam</span> <span class='ocrx_word' id='word_1_207' title='bbox 1305 2172 1478 2204; x_wconf 74' lang='lat' dir='ltr'>editionem</span> <span class='ocrx_word' id='word_1_208' title='bbox 1497 2181 1550 2203; x_wconf 85' lang='lat' dir='ltr'>an.</span> <span class='ocrx_word' id='word_1_209' title='bbox 1573 2175 1659 2204; x_wconf 84' lang='lat'>1857.</span> <span class='ocrx_word' id='word_1_210' title='bbox 1676 2171 1865 2212; x_wconf 78' lang='lat' dir='ltr'>Compendii</span> 
     </span>
     <span class='ocr_line' id='line_1_27' title="bbox 402 2222 1866 2266; baseline 0.001 -12"><span class='ocrx_word' id='word_1_211' title='bbox 402 2223 557 2254; x_wconf 79' lang='lat' dir='ltr'>tractatus</span> <span class='ocrx_word' id='word_1_212' title='bbox 577 2222 618 2254; x_wconf 85' lang='lat' dir='ltr'>de</span> <span class='ocrx_word' id='word_1_213' title='bbox 638 2223 843 2255; x_wconf 88' lang='lat' dir='ltr'>matrimonio</span> <span class='ocrx_word' id='word_1_214' title='bbox 865 2226 960 2257; x_wconf 83' lang='lat' dir='ltr'>refert</span> <span class='ocrx_word' id='word_1_215' title='bbox 981 2226 1070 2258; x_wconf 87' lang='lat' dir='ltr'>varia</span> <span class='ocrx_word' id='word_1_216' title='bbox 1092 2225 1248 2266; x_wconf 82' lang='lat' dir='ltr'>rescripta</span> <span class='ocrx_word' id='word_1_217' title='bbox 1274 2224 1431 2266; x_wconf 73' lang='lat' dir='ltr'>prodiisse</span> <span class='ocrx_word' id='word_1_218' title='bbox 1451 2233 1470 2255; x_wconf 90' lang='lat' dir='ltr'>a</span> <span class='ocrx_word' id='word_1_219' title='bbox 1493 2223 1575 2256; x_wconf 79' lang='lat' dir='ltr'>sede·</span> <span class='ocrx_word' id='word_1_220' title='bbox 1588 2223 1775 2265; x_wconf 70' lang='lat' dir='ltr'>apostolica.</span> <span class='ocrx_word' id='word_1_221' title='bbox 1791 2226 1866 2265; x_wconf 75' lang='lat' dir='ltr'>post</span> 
     </span>
     <span class='ocr_line' id='line_1_28' title="bbox 403 2274 1868 2319; baseline 0.002 -14"><span class='ocrx_word' id='word_1_222' title='bbox 403 2274 520 2315; x_wconf 84' lang='lat' dir='ltr'>prioris</span> <span class='ocrx_word' id='word_1_223' title='bbox 540 2274 646 2315; x_wconf 85' lang='lat' dir='ltr'>operis</span> <span class='ocrx_word' id='word_1_224' title='bbox 667 2275 717 2307; x_wconf 89' lang='lat' dir='ltr'>sui</span> <span class='ocrx_word' id='word_1_225' title='bbox 741 2276 986 2316; x_wconf 83' lang='lat' dir='ltr'>publicationem</span> <span class='ocrx_word' id='word_1_226' title='bbox 1001 2278 1040 2309; x_wconf 86' lang='lat' dir='ltr'>de</span> <span class='ocrx_word' id='word_1_227' title='bbox 1056 2278 1118 2310; x_wconf 85' lang='lat' dir='ltr'>hoc</span> <span class='ocrx_word' id='word_1_228' title='bbox 1135 2279 1322 2318; x_wconf 84' lang='lat' dir='ltr'>argumento</span> <span class='ocrx_word' id='word_1_229' title='bbox 1340 2276 1459 2318; x_wconf 89' lang='lat' dir='ltr'>quibus</span> <span class='ocrx_word' id='word_1_230' title='bbox 1475 2285 1556 2308; x_wconf 89' lang='lat' dir='ltr'>rom.</span> <span class='ocrx_word' id='word_1_231' title='bbox 1574 2275 1762 2319; x_wconf 74' lang='lat' dir='ltr'>pontificum</span> <span class='ocrx_word' id='word_1_232' title='bbox 1776 2284 1868 2308; x_wconf 82' lang='lat' dir='ltr'>mens</span> 
     </span>
     <span class='ocr_line' id='line_1_29' title="bbox 404 2325 1864 2370; baseline 0.002 -13"><span class='ocrx_word' id='word_1_233' title='bbox 404 2325 565 2358; x_wconf 84' lang='lat' dir='ltr'>declarata</span> <span class='ocrx_word' id='word_1_234' title='bbox 586 2327 686 2367; x_wconf 83' lang='lat' dir='ltr'>magis</span> <span class='ocrx_word' id='word_1_235' title='bbox 705 2336 742 2358; x_wconf 84' lang='lat' dir='ltr'>ac</span> <span class='ocrx_word' id='word_1_236' title='bbox 760 2328 861 2368; x_wconf 84' lang='lat' dir='ltr'>magis</span> <span class='ocrx_word' id='word_1_237' title='bbox 880 2331 947 2368; x_wconf 87' lang='lat' dir='ltr'>est;</span> <span class='ocrx_word' id='word_1_238' title='bbox 970 2329 1044 2361; x_wconf 86' lang='lat' dir='ltr'>hinc</span> <span class='ocrx_word' id='word_1_239' title='bbox 1064 2329 1246 2370; x_wconf 81' lang='lat' dir='ltr'>praemissis</span> <span class='ocrx_word' id='word_1_240' title='bbox 1266 2338 1292 2361; x_wconf 81' lang='lat' dir='ltr'>s,</span> <span class='ocrx_word' id='word_1_241' title='bbox 1312 2329 1491 2361; x_wconf 88' lang='lat' dir='ltr'>Innocentii</span> <span class='ocrx_word' id='word_1_242' title='bbox 1508 2331 1533 2361; x_wconf 63' lang='lat'>1‘.</span> <span class='ocrx_word' id='word_1_243' title='bbox 1550 2327 1657 2360; x_wconf 83' lang='lat' dir='ltr'>verbis</span> <span class='ocrx_word' id='word_1_244' title='bbox 1673 2337 1711 2361; x_wconf 86' lang='lat' dir='ltr'>ex</span> <span class='ocrx_word' id='word_1_245' title='bbox 1727 2328 1864 2370; x_wconf 73' lang='lat' dir='ltr'>epistola</span> 
     </span>
     <span class='ocr_line' id='line_1_30' title="bbox 403 2377 1867 2422; baseline 0.003 -13"><span class='ocrx_word' id='word_1_246' title='bbox 403 2377 444 2410; x_wconf 85' lang='lat' dir='ltr'>ad</span> <span class='ocrx_word' id='word_1_247' title='bbox 465 2378 639 2410; x_wconf 80' lang='lat' dir='ltr'>concilium</span> <span class='ocrx_word' id='word_1_248' title='bbox 661 2380 930 2420; x_wconf 81' lang='lat' dir='ltr'>carthaginiense,</span> <span class='ocrx_word' id='word_1_249' title='bbox 952 2382 1040 2422; x_wconf 89' lang='lat' dir='ltr'>quod</span> <span class='ocrx_word' id='word_1_250' title='bbox 1061 2392 1080 2413; x_wconf 88' lang='lat' dir='ltr'>a</span> <span class='ocrx_word' id='word_1_251' title='bbox 1102 2384 1211 2414; x_wconf 85' lang='lat' dir='ltr'>sancta</span> <span class='ocrx_word' id='word_1_252' title='bbox 1232 2382 1308 2414; x_wconf 82' lang='lat' dir='ltr'>sede</span> <span class='ocrx_word' id='word_1_253' title='bbox 1327 2390 1459 2414; x_wconf 84' lang='lat' dir='ltr'>romana</span> <span class='ocrx_word' id='word_1_254' title='bbox 1485 2394 1502 2409; x_wconf 73' lang='grc' dir='ltr'>«ι</span> <span class='ocrx_word' id='word_1_255' title='bbox 1516 2381 1606 2413; x_wconf 84' lang='lat' dir='ltr'>velut</span> <span class='ocrx_word' id='word_1_256' title='bbox 1624 2380 1665 2413; x_wconf 86' lang='lat' dir='ltr'>de</span> <span class='ocrx_word' id='word_1_257' title='bbox 1685 2381 1783 2413; x_wconf 86' lang='lat' dir='ltr'>natali</span> <span class='ocrx_word' id='word_1_258' title='bbox 1804 2390 1867 2413; x_wconf 83' lang='lat' dir='ltr'>suo</span> 
     </span>
     <span class='ocr_line' id='line_1_31' title="bbox 401 2430 1864 2474; baseline 0.003 -13"><span class='ocrx_word' id='word_1_259' title='bbox 401 2430 490 2462; x_wconf 82' lang='lat' dir='ltr'>fonte</span> <span class='ocrx_word' id='word_1_260' title='bbox 509 2438 612 2471; x_wconf 85' lang='lat' dir='ltr'>aquae</span> <span class='ocrx_word' id='word_1_261' title='bbox 633 2433 768 2463; x_wconf 83' lang='lat' dir='ltr'>cunctae</span> <span class='ocrx_word' id='word_1_262' title='bbox 789 2432 1015 2472; x_wconf 74' lang='lat' dir='ltr'>procederent,</span> <span class='ocrx_word' id='word_1_263' title='bbox 1030 2435 1061 2465; x_wconf 88' lang='lat' dir='ltr'>et</span> <span class='ocrx_word' id='word_1_264' title='bbox 1073 2442 1128 2474; x_wconf 89' lang='lat' dir='ltr'>per</span> <span class='ocrx_word' id='word_1_265' title='bbox 1142 2434 1285 2466; x_wconf 89' lang='lat' dir='ltr'>diversas</span> <span class='ocrx_word' id='word_1_266' title='bbox 1297 2435 1397 2466; x_wconf 75' lang='lat' dir='ltr'>totius</span> <span class='ocrx_word' id='word_1_267' title='bbox 1410 2433 1524 2465; x_wconf 89' lang='lat' dir='ltr'>mundi</span> <span class='ocrx_word' id='word_1_268' title='bbox 1542 2433 1684 2474; x_wconf 84' lang='lat' dir='ltr'>regiones</span> <span class='ocrx_word' id='word_1_269' title='bbox 1703 2434 1775 2474; x_wconf 87' lang='lat' dir='ltr'>puri</span> <span class='ocrx_word' id='word_1_270' title='bbox 1794 2433 1864 2466; x_wconf 80' lang='lat' dir='ltr'>lati·</span> 
     </span>
     <span class='ocr_line' id='line_1_32' title="bbox 402 2483 1865 2526; baseline 0.003 -13"><span class='ocrx_word' id='word_1_271' title='bbox 402 2491 454 2514; x_wconf 85' lang='lat' dir='ltr'>ces</span> <span class='ocrx_word' id='word_1_272' title='bbox 466 2483 580 2524; x_wconf 82' lang='lat' dir='ltr'>capitis</span> <span class='ocrx_word' id='word_1_273' title='bbox 601 2483 779 2524; x_wconf 87' lang='lat' dir='ltr'>incorrupti</span> <span class='ocrx_word' id='word_1_274' title='bbox 800 2487 987 2526; x_wconf 87' lang='lat' dir='ltr'>manarent,</span> <span class='ocrx_word' id='word_1_275' title='bbox 999 2498 1013 2512; x_wconf 79' lang='grc' dir='ltr'><strong>υ</strong></span> <span class='ocrx_word' id='word_1_276' title='bbox 1027 2485 1073 2517; x_wconf 89' lang='lat' dir='ltr'>ita</span> <span class='ocrx_word' id='word_1_277' title='bbox 1085 2486 1246 2526; x_wconf 87' lang='lat' dir='ltr'>praeclare</span> <span class='ocrx_word' id='word_1_278' title='bbox 1261 2486 1390 2518; x_wconf 88' lang='lat' dir='ltr'>subdit:</span> <span class='ocrx_word' id='word_1_279' title='bbox 1412 2499 1428 2513; x_wconf 90' lang='lat'>«</span> <span class='ocrx_word' id='word_1_280' title='bbox 1441 2487 1529 2517; x_wconf 82' lang='lat' dir='ltr'>Nous</span> <span class='ocrx_word' id='word_1_281' title='bbox 1540 2494 1641 2517; x_wconf 82' lang='lat' dir='ltr'>avons</span> <span class='ocrx_word' id='word_1_282' title='bbox 1656 2485 1724 2526; x_wconf 83' lang='lat' dir='ltr'>pris</span> <span class='ocrx_word' id='word_1_283' title='bbox 1740 2485 1811 2518; x_wconf 81' lang='lat' dir='ltr'>soin</span> <span class='ocrx_word' id='word_1_284' title='bbox 1822 2485 1865 2518; x_wconf 80' lang='lat' dir='ltr'>de</span> 
     </span>
     <span class='ocr_line' id='line_1_33' title="bbox 402 2534 1869 2581; baseline 0.003 -14"><span class='ocrx_word' id='word_1_285' title='bbox 402 2534 573 2573; x_wconf 71' lang='lat' dir='ltr'>reformet·</span> <span class='ocrx_word' id='word_1_286' title='bbox 592 2545 651 2568; x_wconf 89' lang='lat' dir='ltr'>nos</span> <span class='ocrx_word' id='word_1_287' title='bbox 666 2536 815 2577; x_wconf 82' lang='lat' dir='ltr'>opinions</span> <span class='ocrx_word' id='word_1_288' title='bbox 835 2537 892 2570; x_wconf 80' lang='lat' dir='ltr'>des</span> <span class='ocrx_word' id='word_1_289' title='bbox 902 2562 912 2578; x_wconf 92' lang='lat'><em>‚</em></span> <span class='ocrx_word' id='word_1_290' title='bbox 934 2547 997 2578; x_wconf 89' lang='lat' dir='ltr'>que</span> <span class='ocrx_word' id='word_1_291' title='bbox 1009 2547 1090 2570; x_wconf 82' lang='lat' dir='ltr'>nous</span> <span class='ocrx_word' id='word_1_292' title='bbox 1104 2548 1203 2571; x_wconf 87' lang='lat' dir='ltr'>avons</span> <span class='ocrx_word' id='word_1_293' title='bbox 1216 2549 1257 2571; x_wconf 90' lang='lat' dir='ltr'>vu</span> <span class='ocrx_word' id='word_1_294' title='bbox 1270 2564 1280 2580; x_wconf 88' lang='lat'>‚</span> <span class='ocrx_word' id='word_1_295' title='bbox 1303 2539 1436 2581; x_wconf 81' lang='lat' dir='ltr'>qu’elles</span> <span class='ocrx_word' id='word_1_296' title='bbox 1451 2538 1603 2570; x_wconf 78' lang='lat' dir='ltr'>n’etaient</span> <span class='ocrx_word' id='word_1_297' title='bbox 1615 2547 1672 2579; x_wconf 77' lang='lat' dir='ltr'>pas</span> <span class='ocrx_word' id='word_1_298' title='bbox 1688 2547 1776 2571; x_wconf 84' lang='lat' dir='ltr'>assez</span> <span class='ocrx_word' id='word_1_299' title='bbox 1788 2547 1869 2571; x_wconf 83' lang='lat' dir='ltr'>con-</span> 
     </span>
     <span class='ocr_line' id='line_1_34' title="bbox 403 2589 1865 2633; baseline 0.003 -13"><span class='ocrx_word' id='word_1_300' title='bbox 403 2589 521 2621; x_wconf 79' lang='lat' dir='ltr'>formes</span> <span class='ocrx_word' id='word_1_301' title='bbox 542 2597 605 2621; x_wconf 85' lang='lat' dir='ltr'>aux</span> <span class='ocrx_word' id='word_1_302' title='bbox 627 2589 797 2622; x_wconf 91' lang='lat' dir='ltr'>traditions</span> <span class='ocrx_word' id='word_1_303' title='bbox 819 2590 861 2622; x_wconf 92' lang='lat' dir='ltr'>du</span> <span class='ocrx_word' id='word_1_304' title='bbox 884 2591 969 2632; x_wconf 80' lang='lat' dir='ltr'>siege</span> <span class='ocrx_word' id='word_1_305' title='bbox 985 2592 1195 2633; x_wconf 84' lang='lat' dir='ltr'>apostolique.</span> <span class='ocrx_word' id='word_1_306' title='bbox 1214 2595 1302 2625; x_wconf 82' lang='lat' dir='ltr'>Nous</span> <span class='ocrx_word' id='word_1_307' title='bbox 1320 2592 1441 2624; x_wconf 85' lang='lat' dir='ltr'>devons</span> <span class='ocrx_word' id='word_1_308' title='bbox 1458 2591 1542 2623; x_wconf 87' lang='lat' dir='ltr'>donc</span> <span class='ocrx_word' id='word_1_309' title='bbox 1561 2591 1680 2624; x_wconf 70' lang='lat' dir='ltr'>avertit·</span> <span class='ocrx_word' id='word_1_310' title='bbox 1694 2591 1725 2624; x_wconf 91' lang='lat' dir='ltr'>le</span> <span class='ocrx_word' id='word_1_311' title='bbox 1744 2591 1865 2624; x_wconf 83' lang='lat' dir='ltr'>lecteur</span> 
     </span>
     <span class='ocr_line' id='line_1_35' title="bbox 405 2640 1865 2686; baseline 0.003 -14"><span class='ocrx_word' id='word_1_312' title='bbox 405 2640 446 2673; x_wconf 87' lang='lat' dir='ltr'>de</span> <span class='ocrx_word' id='word_1_313' title='bbox 466 2640 613 2674; x_wconf 84' lang='lat' dir='ltr'>modifier</span> <span class='ocrx_word' id='word_1_314' title='bbox 630 2651 667 2674; x_wconf 85' lang='lat' dir='ltr'>ce</span> <span class='ocrx_word' id='word_1_315' title='bbox 686 2651 750 2683; x_wconf 90' lang='lat' dir='ltr'>que</span> <span class='ocrx_word' id='word_1_316' title='bbox 771 2651 790 2674; x_wconf 91' lang='lat' dir='ltr'>a</span> <span class='ocrx_word' id='word_1_317' title='bbox 811 2642 861 2675; x_wconf 75' lang='lat' dir='ltr'>cte</span> <span class='ocrx_word' id='word_1_318' title='bbox 881 2643 931 2675; x_wconf 85' lang='lat' dir='ltr'>dit</span> <span class='ocrx_word' id='word_1_319' title='bbox 952 2643 1033 2676; x_wconf 89' lang='lat' dir='ltr'>dans</span> <span class='ocrx_word' id='word_1_320' title='bbox 1054 2647 1145 2677; x_wconf 88' lang='lat' dir='ltr'>notre</span> <span class='ocrx_word' id='word_1_321' title='bbox 1159 2645 1260 2686; x_wconf 86' lang='lat' dir='ltr'>grand</span> <span class='ocrx_word' id='word_1_322' title='bbox 1275 2653 1388 2685; x_wconf 73' lang='lat' dir='ltr'>coum,</span> <span class='ocrx_word' id='word_1_323' title='bbox 1404 2645 1437 2676; x_wconf 90' lang='lat' dir='ltr'>et</span> <span class='ocrx_word' id='word_1_324' title='bbox 1452 2643 1532 2676; x_wconf 87' lang='lat' dir='ltr'>dans</span> <span class='ocrx_word' id='word_1_325' title='bbox 1550 2643 1596 2676; x_wconf 85' lang='lat' dir='ltr'>les</span> <span class='ocrx_word' id='word_1_326' title='bbox 1613 2643 1785 2685; x_wconf 71' lang='lat' dir='ltr'>premieres</span> <span class='ocrx_word' id='word_1_327' title='bbox 1799 2643 1865 2676; x_wconf 82' lang='lat' dir='ltr'>edi·</span> 
     </span>
     <span class='ocr_line' id='line_1_36' title="bbox 402 2694 1868 2738; baseline 0.003 -13"><span class='ocrx_word' id='word_1_328' title='bbox 402 2694 488 2726; x_wconf 69' lang='lat' dir='ltr'>tione</span> <span class='ocrx_word' id='word_1_329' title='bbox 509 2694 550 2726; x_wconf 89' lang='lat' dir='ltr'>de</span> <span class='ocrx_word' id='word_1_330' title='bbox 572 2695 664 2727; x_wconf 87' lang='lat' dir='ltr'>notre</span> <span class='ocrx_word' id='word_1_331' title='bbox 683 2695 806 2736; x_wconf 72' lang='lat' dir='ltr'>Abi-ege</span> <span class='ocrx_word' id='word_1_332' title='bbox 826 2695 952 2736; x_wconf 80' lang='lat' dir='ltr'>d’apres</span> <span class='ocrx_word' id='word_1_333' title='bbox 972 2705 1009 2728; x_wconf 91' lang='lat' dir='ltr'>ce</span> <span class='ocrx_word' id='word_1_334' title='bbox 1029 2706 1092 2738; x_wconf 85' lang='lat' dir='ltr'>que</span> <span class='ocrx_word' id='word_1_335' title='bbox 1113 2706 1193 2729; x_wconf 90' lang='lat' dir='ltr'>nous</span> <span class='ocrx_word' id='word_1_336' title='bbox 1219 2698 1411 2738; x_wconf 76' lang='lat' dir='ltr'>consignans</span> <span class='ocrx_word' id='word_1_337' title='bbox 1437 2697 1519 2728; x_wconf 89' lang='lat' dir='ltr'>dans</span> <span class='ocrx_word' id='word_1_338' title='bbox 1544 2705 1581 2728; x_wconf 85' lang='lat' dir='ltr'>ce</span> <span class='ocrx_word' id='word_1_339' title='bbox 1606 2696 1868 2738; x_wconf 70' lang='lat' dir='ltr'>compendium-</span> 
     </span>
     <span class='ocr_line' id='line_1_37' title="bbox 402 2747 1864 2791; baseline 0.001 -13"><span class='ocrx_word' id='word_1_340' title='bbox 402 2747 436 2779; x_wconf 88' lang='lat' dir='ltr'>Si</span> <span class='ocrx_word' id='word_1_341' title='bbox 461 2755 544 2779; x_wconf 86' lang='lat' dir='ltr'>nous</span> <span class='ocrx_word' id='word_1_342' title='bbox 570 2748 684 2780; x_wconf 85' lang='lat' dir='ltr'>avions</span> <span class='ocrx_word' id='word_1_343' title='bbox 712 2757 827 2780; x_wconf 85' lang='lat' dir='ltr'>encore</span> <span class='ocrx_word' id='word_1_344' title='bbox 853 2749 947 2781; x_wconf 70' lang='lat' dir='ltr'>{aisse</span> <span class='ocrx_word' id='word_1_345' title='bbox 975 2749 1133 2791; x_wconf 81' lang='lat' dir='ltr'>echapper</span> <span class='ocrx_word' id='word_1_346' title='bbox 1153 2751 1172 2782; x_wconf 71' lang='lat' dir='ltr'>a</span> <span class='ocrx_word' id='word_1_347' title='bbox 1194 2752 1284 2783; x_wconf 79' lang='lat' dir='ltr'>notre</span> <span class='ocrx_word' id='word_1_348' title='bbox 1304 2750 1460 2782; x_wconf 75' lang='lat' dir='ltr'>attention</span> <span class='ocrx_word' id='word_1_349' title='bbox 1486 2749 1625 2790; x_wconf 85' lang='lat' dir='ltr'>quelque</span> <span class='ocrx_word' id='word_1_350' title='bbox 1652 2749 1743 2791; x_wconf 83' lang='lat' dir='ltr'>point</span> <span class='ocrx_word' id='word_1_351' title='bbox 1766 2749 1864 2781; x_wconf 86' lang='lat' dir='ltr'>d’une</span> 
     </span>
     <span class='ocr_line' id='line_1_38' title="bbox 402 2798 1869 2843; baseline 0.002 -12"><span class='ocrx_word' id='word_1_352' title='bbox 402 2798 548 2832; x_wconf 84' lang='lat' dir='ltr'>doctrine</span> <span class='ocrx_word' id='word_1_353' title='bbox 569 2800 675 2833; x_wconf 89' lang='lat' dir='ltr'>moins</span> <span class='ocrx_word' id='word_1_354' title='bbox 695 2801 877 2842; x_wconf 74' lang='lat' dir='ltr'>approuvee</span> <span class='ocrx_word' id='word_1_355' title='bbox 891 2826 900 2839; x_wconf 83' lang='grc'>,</span> <span class='ocrx_word' id='word_1_356' title='bbox 918 2811 959 2833; x_wconf 89' lang='lat' dir='ltr'>ou</span> <span class='ocrx_word' id='word_1_357' title='bbox 982 2802 1086 2835; x_wconf 86' lang='lat' dir='ltr'>moins</span> <span class='ocrx_word' id='word_1_358' title='bbox 1100 2803 1263 2836; x_wconf 79' lang='lat' dir='ltr'>conforme</span> <span class='ocrx_word' id='word_1_359' title='bbox 1275 2803 1294 2836; x_wconf 68' lang='lat' dir='ltr'>a</span> <span class='ocrx_word' id='word_1_360' title='bbox 1306 2804 1338 2835; x_wconf 85' lang='lat' dir='ltr'>la</span> <span class='ocrx_word' id='word_1_361' title='bbox 1359 2803 1401 2834; x_wconf 83' lang='lat' dir='ltr'>foi</span> <span class='ocrx_word' id='word_1_362' title='bbox 1421 2802 1462 2835; x_wconf 78' lang='lat' dir='ltr'>de</span> <span class='ocrx_word' id='word_1_363' title='bbox 1475 2802 1613 2843; x_wconf 59' lang='lat' dir='ltr'>Pegusa,</span> <span class='ocrx_word' id='word_1_364' title='bbox 1627 2810 1709 2834; x_wconf 75' lang='lat' dir='ltr'>nous</span> <span class='ocrx_word' id='word_1_365' title='bbox 1729 2802 1869 2835; x_wconf 77' lang='lat' dir='ltr'>voulons</span> 
     </span>
     <span class='ocr_line' id='line_1_39' title="bbox 401 2853 1407 2896; baseline 0.003 -11"><span class='ocrx_word' id='word_1_366' title='bbox 401 2853 499 2893; x_wconf 86' lang='lat' dir='ltr'>qu&#39;on</span> <span class='ocrx_word' id='word_1_367' title='bbox 520 2853 678 2893; x_wconf 78' lang='lat' dir='ltr'>letienne</span> <span class='ocrx_word' id='word_1_368' title='bbox 700 2864 781 2896; x_wconf 84' lang='lat' dir='ltr'>pour</span> <span class='ocrx_word' id='word_1_369' title='bbox 802 2855 858 2887; x_wconf 86' lang='lat' dir='ltr'>nul</span> <span class='ocrx_word' id='word_1_370' title='bbox 874 2868 889 2882; x_wconf 79' lang='lat' dir='ltr'>n</span> <span class='ocrx_word' id='word_1_371' title='bbox 913 2864 943 2886; x_wconf 82' lang='lat' dir='ltr'>v.</span> <span class='ocrx_word' id='word_1_372' title='bbox 966 2857 1108 2888; x_wconf 72' lang='lat' dir='ltr'>Univers</span> <span class='ocrx_word' id='word_1_373' title='bbox 1130 2861 1181 2889; x_wconf 72' lang='lat'>23.</span> <span class='ocrx_word' id='word_1_374' title='bbox 1205 2858 1292 2888; x_wconf 87' lang='lat' dir='ltr'>lanv.</span> <span class='ocrx_word' id='word_1_375' title='bbox 1321 2858 1407 2888; x_wconf 81' lang='lat'><strong>1857.</strong></span> 
     </span>
    </p>
   </div>
  </div>
 </body>
</html>
