1980 3260
282 257 374 290 cir.
392 257 455 290 111.
475 256 527 288 ne
546 254 662 288 nect.
683 255 774 287 ror.
793 253 900 287 msr.
917 253 961 287 m
980 253 1069 287 mr.
1085 253 1211 286 uun.
1227 254 1312 287 nm,
1327 254 1421 286 Aur.
1439 254 1496 287 lv.
1572 240 1660 286 149

188 336 258 393 fit,
293 346 341 383 ut
367 335 601 400 privignus
635 352 688 382 ac
723 334 953 399 privigna,
981 349 1117 396 gener
1139 342 1183 380 et
1206 351 1346 381 nurus
1372 333 1530 398 quovis
1555 342 1664 381 tem-

187 430 294 477 pore
327 422 459 477 atque
486 411 606 477 apud
634 428 788 459 omnes
822 427 936 475 pene
969 408 1110 457 cultas
1146 419 1299 472 gentes
1334 410 1577 474 spectarint
1597 410 1664 458 vi-

188 489 346 536 tricum
380 505 434 536 ac
469 504 705 536 novercam
728 525 738 544 ‚
778 503 980 534 socerum
1005 502 1057 533 ac
1081 502 1257 533 socrum
1290 484 1426 533 veluti
1462 496 1666 550 parentes

187 565 388 631 ipsorum
412 563 616 629 proprios
640 572 776 627 atque
800 562 1022 626 genitores
1046 560 1347 624 custodesque
1371 561 1568 625 ipsorum
1588 578 1667 626 pu-

186 641 368 688 dicitiae
391 655 592 702 eousque
609 648 657 685 ut
675 638 776 685 illos
804 637 1031 702 appellare
1064 637 1376 685 consueverint
1408 637 1666 685 nominibus

188 715 328 782 patris
345 713 591 776 matrisque
605 750 615 770 ,
639 713 798 776 eisque
814 722 863 759 ut
881 712 1142 777 parentibus
1165 713 1378 777 obsequi,
1400 713 1437 760 si
1458 712 1666 776 morigeri

190 791 351 841 fuerint
385 788 616 854 probeque
651 787 862 844 instituti3
896 789 1012 835 Hinc
1040 789 1124 835 «si
1157 789 1227 836 vir
1259 799 1302 835 et
1335 806 1471 846 uxor,
1510 789 1668 837 scribit

191 886 230 917 s.
253 864 562 929 Augustinus,
589 880 679 911 non
714 862 832 920 duo,
872 863 951 910 sed
986 881 1077 910 una
1112 873 1217 910 sunt
1250 879 1379 920 caro,
1418 881 1507 912 non
1541 865 1668 912 aliter

188 959 327 992 nurus
363 940 611 1006 reputanda
635 957 770 1004 quam
792 940 889 1004 filia
911 941 1096 1002 (117).»
1118 940 1182 986 Ne
1210 939 1379 1002 attinge
1411 956 1662 998 novercam,

187 1017 335 1066 aiebat
367 1017 552 1082 quidam
586 1016 821 1073 ethnicus,
861 1016 1059 1064 secundo
1093 1015 1231 1064 cubili
1267 1015 1435 1081 patris,
1465 1016 1544 1064 sed
1569 1033 1667 1064 eam

186 1094 283 1143 cole
318 1112 371 1143 ac
407 1104 594 1142 matrem
624 1095 806 1156 (118).»

283 1171 566 1238 Quapropter
589 1170 659 1221 vel
683 1170 716 1217 ii
739 1170 827 1236 ipsi
851 1171 1045 1236 theologi
1064 1183 1107 1220 et
1124 1173 1383 1221 canonistae
1407 1172 1486 1238 qui
1509 1172 1669 1220 docent

187 1249 452 1297 affinitatem
488 1248 534 1295 in
568 1248 712 1314 primo
745 1248 885 1312 gradu
920 1248 1130 1297 dirimere
1163 1250 1421 1313 coniugium
1451 1249 1547 1297 solo
1572 1249 1668 1296 iure

189 1326 411 1392 positivo,
440 1343 468 1373 a
491 1343 580 1391 quo
604 1325 791 1391 proinde
826 1325 1024 1390 pontifex
1057 1326 1321 1391 dispensare
1352 1336 1519 1391 potest,
1548 1326 1669 1373 eius-

190 1402 312 1450 modi
347 1403 498 1450 inesse
531 1402 827 1450 indecentiam
862 1419 915 1450 ac
948 1402 1269 1467 turpitudinem
1293 1402 1419 1450 hisce
1447 1402 1668 1465 coniugiis

186 1478 304 1527 ultro
327 1479 438 1527 fassi
464 1490 584 1527 sunt.
608 1480 679 1527 Sic
698 1480 941 1527 Leurenius
965 1478 1301 1526 fatetur.«Esse
1324 1479 1370 1525 id
1394 1479 1523 1526 valde
1548 1478 1669 1526 incle-

188 1573 309 1612 cens,
339 1573 392 1604 ac
425 1555 613 1622 proinde
647 1556 705 1604 ab
739 1573 791 1604 eo
825 1555 1031 1603 homines
1065 1555 1319 1604 omnimode
1353 1554 1665 1611 deterrendos,

187 1642 232 1681 et
256 1649 501 1698 numquam
527 1632 872 1698 permittendum
899 1632 997 1679 sine
1021 1631 1289 1695 gravissima
1311 1648 1469 1687 causa3
1497 1640 1540 1678 et
1563 1631 1671 1695 quia

188 1726 290 1757 raro
308 1709 563 1772 contingere
580 1718 742 1773 potest,
766 1709 999 1773 pontifices
1019 1708 1065 1754 in
1084 1708 1169 1755 hac
1187 1707 1403 1754 affinitate
1425 1723 1669 1771 numquam

189 1785 482 1851 dispensasse
521 1786 705 1847 (119).»
726 1785 926 1831 Maschat
960 1785 1125 1849 pariter
1158 1783 1449 1848 pronunciat:
1483 1782 1671 1830 «Matri-

187 1863 339 1911 monia
373 1862 462 1910 ista
496 1861 709 1926 gravibus
744 1862 901 1926 poenis
938 1861 1260 1916 subiiciuntur,
1296 1860 1346 1906 ob
1376 1876 1580 1923 maynam
1603 1861 1670 1906 in-

188 1938 428 1986 decentiam
467 1940 652 2002 (120).»
685 1938 1085 2002 Schmalzgrueber
1117 1948 1160 1984 et
1193 1938 1291 2002 ipse
1324 1936 1518 1983 admittit
1550 1937 1672 2000 quod

192 2014 564 2064 «matrimonium
590 2016 705 2062 inter
728 2014 949 2062 eiusmodi
975 2031 1192 2078 personas
1227 2022 1443 2078 repugnat
1475 2011 1673 2060 naturali

189 2091 439 2140 decentiae»
456 2109 509 2139 ac
527 2091 679 2139 subdit
696 2090 991 2138 «huiusmodi
1016 2089 1186 2154 nuptiis
1204 2089 1366 2153 perimi
1380 2090 1448 2135 ius
1467 2097 1665 2143 naturae,

189 2169 298 2234 quia
319 2168 424 2215 licet
449 2167 547 2215 iure
570 2178 755 2215 naturae
779 2183 868 2214 non
893 2166 984 2214 sint
1015 2166 1191 2222 irritae,
1215 2176 1318 2214 sunt
1334 2175 1483 2214 tamen
1502 2182 1555 2214 eo
1575 2165 1670 2213 iure

287 2379 375 2419 (117)
393 2378 464 2411 Lib.
473 2379 514 2411 11.
527 2379 632 2411 contr.
647 2379 802 2411 Faustum
812 2380 1002 2420 capnon.
1014 2380 1085 2416 Quo
1095 2386 1191 2410 sensu
1204 2377 1304 2410 etiam
1317 2386 1344 2411 s.
1353 2378 1495 2410 Thomas
1509 2378 1543 2410 in
1555 2379 1580 2409 Ι.
1593 2378 1669 2410 Gor.

190 2441 220 2464 c.
236 2433 275 2463 V.
285 2445 302 2460 α
314 2433 406 2464 Uxor
420 2431 522 2474 patris
532 2455 543 2472 ,
561 2432 684 2473 inquit,
702 2432 868 2474 repellitur
878 2440 898 2465 a
909 2431 1117 2464 matrimonio
1131 2432 1224 2464 sicut
1232 2439 1383 2472 persona
1392 2432 1509 2473 patris
1525 2430 1582 2463 vel
1598 2438 1670 2462 ma·

194 2485 292 2517 tris.»

285 2537 372 2579 (118)
393 2537 575 2571 Phosilides
603 2538 689 2579 apud
718 2538 906 2571 Cuiaccium
927 2538 961 2570 in
984 2538 1054 2580 lege
1071 2540 1107 2571 Si
1125 2536 1344 2570 adulterium
1364 2541 1414 2570 33.
1431 2536 1467 2568 fs.
1487 2538 1537 2569 De
1553 2534 1668 2568 adult.

190 2592 342 2632 Loquens
363 2592 473 2624 autem
495 2592 611 2624 cicero
625 2600 685 2633 pro
700 2593 739 2623 A.
751 2591 902 2624 Cluentio
915 2591 956 2624 de
970 2599 1083 2632 socru,
1104 2600 1188 2632 quae
1202 2599 1238 2623 se
1255 2599 1290 2623 se
1304 2589 1512 2622 matrimonio
1539 2588 1669 2630 copula-

189 2644 281 2677 verat
294 2652 371 2676 cum
386 2652 515 2685 genero,
531 2643 565 2676 in
577 2643 657 2676 baec
670 2644 770 2676 verba
784 2643 1020 2677 excandescens
1034 2643 1198 2685 prorupit:
1221 2657 1236 2671 n
1246 2645 1273 2676 Ο
1288 2642 1433 2675 mulieris
1448 2641 1553 2674 scelus
1568 2641 1670 2673 incre-

190 2695 308 2736 dibile,
327 2697 361 2729 et
382 2697 511 2738 praeter
526 2696 590 2729 hoc
602 2705 704 2729 unum
723 2696 757 2728 in
778 2696 867 2728 omni
884 2696 951 2729 vita
968 2696 1171 2729 inauditum!
1189 2697 1217 2728 Ο
1230 2695 1397 2728 libidinem
1415 2693 1623 2726 effraenatam
1639 2694 1671 2726 et

191 2748 384 2782 indomitam
393 2751 424 2783 2»
437 2750 542 2783 Tanto
557 2750 683 2782 scilicet
696 2750 830 2782 horrore
847 2749 1104 2792 percellebantur
1118 2749 1170 2782 his
1184 2748 1344 2790 coniugiis
1358 2746 1481 2781 ethnici
1497 2746 1568 2789 ipsi.

289 2802 376 2844 (119)
399 2806 462 2837 Ius
478 2811 603 2837 canon.
618 2803 675 2836 lib.
691 2804 746 2836 1v.
762 2804 813 2836 tit.
828 2805 914 2836 xlv.
929 2804 1055 2845 quaest.
1075 2808 1146 2838 231.
1161 2812 1194 2835 n.
1214 2807 1243 2835 2.

289 2855 377 2898 (120)
394 2858 456 2899 Op.
469 2857 502 2890 et
519 2857 583 2890 loc.
598 2856 655 2890 cit.
669 2865 701 2889 n.
717 2860 765 2890 12.
779 2856 811 2889 in
828 2865 912 2899 resp.
928 2856 970 2889 ad
984 2861 1010 2890 1.
