1980 3260
248 267 339 301 cn.
357 268 403 302 11.
423 269 474 301 nr:
493 268 632 301 roras.
651 268 788 301 rums.
805 268 887 301 rm.
905 269 987 302 cm.
1005 269 1132 302 uun.
1150 268 1311 303 cums-r.
1330 268 1423 301 aar.
1443 269 1504 302 ιιι.
1547 255 1638 301 428

266 345 330 394 Ac
353 346 461 393 1.in
483 362 536 395 eo
559 346 678 412 quod
703 346 896 394 affirmat
922 346 1055 410 vulgo
1090 346 1261 394 traduci
1288 345 1425 395 veluti
1450 347 1643 411 primam

171 418 581 487 dispensationem,
619 439 717 470 eam
751 439 885 487 quam
919 422 1041 470 dedit
1074 422 1303 471 Paschalis
1339 424 1395 469 11.
1419 423 1511 487 regi
1537 422 1645 470 Phi-

173 495 297 563 lippo
330 516 402 545 an.
439 500 580 544 1100.
613 515 665 545 eo
694 498 813 563 quod
842 498 1051 545 Bertrada
1085 509 1202 546 esset
1235 499 1647 561 consanguineitate

171 574 407 622 coniuncta
431 574 636 639 Philippo
653 613 663 631 ,
694 573 799 621 dum
829 584 1131 640 oppugnatum
1156 592 1243 622 non
1273 575 1356 622 suit
1381 575 1467 622 hoc
1492 575 1646 623 coniu-

170 649 292 712 gium
310 659 489 714 propter
505 651 959 714 consanquineitatem‚
985 651 1062 698 sed
1082 651 1188 716 quia
1207 651 1442 716 Philippus
1464 651 1643 699 iunctus

169 735 265 772 erat
296 725 575 774 matrimonio
603 744 703 774 cum
728 727 880 784 Berta‚
909 743 962 773 ac
984 727 1194 774 Bertrada
1217 737 1312 774 erat
1334 744 1448 774 uxor
1470 726 1645 775 comitis

168 802 497 865 andegavensis
524 804 673 865 (143).
704 803 935 866 Vulgarem
970 803 1236 850 sententiam
1263 803 1308 848 in
1335 820 1416 850 suo
1442 803 1658 850 Tractatu'

167 877 226 925 de
257 878 542 925 matrimonia
566 878 664 942 ipse
687 880 832 944 Nuytz
867 889 1061 926 sectatus
1098 878 1261 935 fuerat,
1291 878 1471 925 innixus
1496 889 1649 926 aucto-

171 954 300 1002 ritate
332 954 629 1011 Tomassinii,
669 965 715 1002 at
748 955 851 1002 dein
887 972 1015 1002 suam
1057 954 1240 1020 protulit
1279 972 1438 1003 novam
1473 965 1651 1002 senten-

172 1030 280 1078 tiam
314 1048 431 1096 quae
459 1031 589 1079 facile
622 1032 782 1079 erroris
816 1031 1074 1096 multiplicis
1094 1031 1385 1079 convincitur.
1414 1032 1525 1077 Nam
1549 1031 1653 1078 Ber-

173 1116 241 1163 ta‚
269 1115 320 1154 ut
343 1116 519 1154 constat
543 1123 597 1154 ex
620 1106 753 1154 dictis
772 1143 781 1164 ,
802 1106 895 1154 vita
919 1106 1007 1153 iam
1043 1106 1194 1154 functa
1227 1107 1370 1154 fuerat
1404 1124 1478 1153 an.
1503 1108 1646 1154 1094.

171 1182 289 1247 Ergo
323 1199 396 1230 an.
426 1184 567 1231 1100.
592 1183 637 1230 id
660 1193 728 1231 est
750 1192 851 1248 post
884 1200 962 1230 sex
995 1200 1136 1231 annos
1170 1183 1228 1230 ab
1262 1184 1359 1231 eius
1384 1183 1533 1241 obitu,
1563 1202 1653 1232 non

174 1268 346 1324 poterat
363 1276 463 1307 esse
480 1276 617 1307 causa
633 1259 690 1307 ob
707 1277 841 1324 quam
861 1269 1081 1323 peteretur
1104 1258 1381 1324 dispensatio
1405 1270 1448 1307 et
1470 1277 1654 1323 negare-

175 1345 248 1383 tur
277 1335 526 1383 coniunctio
555 1335 752 1400 Philippi
779 1353 880 1383 cum
909 1336 1134 1383 Bertrada.
1166 1337 1210 1382 2.
1234 1336 1464 1384 Praeterea
1496 1337 1655 1385 absur-

173 1411 282 1459 dum
316 1422 385 1460 est
421 1412 657 1477 expetitam
692 1413 834 1460 fuisse
867 1412 1246 1476 dispensationem
1286 1413 1461 1461 vivente
1507 1413 1655 1461 adhuc

175 1488 304 1536 Berta
332 1488 389 1536 ob
423 1488 788 1554 impedimentum
823 1488 1049 1552 ligaminis
1084 1489 1204 1553 quod
1239 1499 1307 1536 est
1340 1489 1450 1536 iuris
1485 1489 1648 1546 divini;

175 1576 428 1633 praetextus
453 1568 571 1614 enim
596 1584 727 1633 quem
748 1566 1016 1615 obtendebat
1029 1567 1263 1632 Philippus
1289 1567 1344 1614 de
1368 1584 1451 1614 sua
1474 1566 1655 1632 propin-

177 1643 345 1707 quitate
366 1660 467 1690 cum
491 1644 621 1690 Berta
645 1642 765 1690 illico
788 1642 995 1690 exclusus
1020 1653 1102 1690 est.
1134 1644 1177 1690 3.
1203 1642 1346 1689 Etiam
1371 1652 1490 1689 errat
1512 1642 1655 1707 Nuytz

179 1716 226 1764 in
258 1734 311 1765 eo
345 1718 465 1783 quod
499 1718 608 1766 dicit
630 1719 686 1765 de
711 1719 921 1766 Bertrada
943 1735 1076 1765 umore
1100 1718 1275 1765 comitis
1306 1717 1651 1781 andegavensis,

179 1810 280 1841 cum
304 1810 408 1842 vere
432 1811 520 1842 non
545 1794 678 1842 fuerit
712 1794 798 1842 nisi
835 1793 933 1842 eius
969 1794 1111 1859 pellex
1134 1804 1177 1841 et
1200 1793 1471 1851 concubina,
1501 1811 1657 1859 super-

177 1869 429 1918 viventibus
463 1870 611 1918 adhuc
645 1870 821 1918 duabus
856 1870 1101 1935 repudiatis
1134 1870 1375 1927 uxoribus,
1405 1887 1483 1917 seu
1508 1869 1656 1934 potius

178 1961 340 2002 uxore,
380 1955 423 1993 et
456 1946 775 2010 superinducta
808 1946 1056 1994 concubina
1090 1945 1243 1993 altera.
1279 1946 1492 1992 Remanet
1523 1943 1658 2008 igitur

179 2033 229 2070 ut
251 2022 309 2071 ob
331 2024 469 2070 solam
492 2024 929 2087 consanquineitatem
962 2033 1061 2088 post
1091 2040 1164 2070 an.
1189 2024 1331 2069 1094.
1354 2031 1656 2088 oppugnatum

180 2100 314 2148 fuerit
338 2100 670 2148 matrimonium
698 2099 892 2165 Philippi
917 2117 1017 2147 cum
1036 2099 1271 2156 Bertrada,
1295 2116 1347 2163 ac
1365 2098 1552 2164 proinde
1571 2107 1658 2145 tur·

180 2175 296 2241 piter
329 2176 542 2223 erraverit
568 2177 736 2241 Nuytz‚
775 2176 881 2223 dum
917 2175 1034 2223 hanc
1068 2174 1279 2233 exclusit3
1308 2191 1360 2222 eo
1382 2174 1452 2223 vel
1486 2174 1652 2238 magis,

284 2347 370 2388 (143)
393 2349 441 2379 En
459 2347 529 2380 eius
546 2347 647 2380 verba
659 2356 697 2380 ex
713 2356 825 2389 opusc.
836 2347 872 2380 Il
880 2347 1077 2389 professore
1091 2349 1196 2381 Nuits
1211 2349 1246 2380 ai
1259 2349 1335 2380 suot
1354 2346 1659 2380 concitcadini.To-

182 2400 254 2432 rino
278 2400 409 2433 1851.in
422 2409 489 2441 quo
505 2400 664 2433 adnititur
680 2401 824 2433 refellere
841 2401 933 2433 Pium
948 2403 1003 2433 lx.
1016 2402 1058 2433 ob
1079 2401 1178 2434 latam
1198 2402 1311 2434 contra
1332 2409 1365 2433 se
1386 2399 1588 2433 sententiam.
1604 2411 1620 2426 «ι
1632 2399 1659 2430 11

181 2454 288 2495 primo
298 2454 440 2495 esempio
450 2453 483 2486 di
495 2454 645 2496 dispensa
655 2455 730 2487 data
740 2455 840 2487 dalla
851 2455 978 2496 chiesa,
993 2455 1020 2487 si
1036 2455 1108 2488 dice
1125 2455 1256 2488 esistere
1272 2456 1305 2487 in
1322 2455 1430 2496 quella
1445 2454 1503 2485 che
1519 2455 1658 2493 Pasqua·

182 2505 368 2538 le11.diede
379 2515 399 2537 a
413 2506 539 2548 Filippo
556 2508 580 2538 Ι.
594 2515 628 2538 re
642 2506 675 2538 di
688 2507 821 2539 Francia
839 2507 925 2539 circa
937 2507 1088 2540 delimo.
1100 2507 1189 2540 accio
1204 2511 1359 2539 rimaner
1371 2507 1503 2547 potesse
1517 2513 1578 2537 con
1591 2505 1660 2536 Ber-

182 2557 276 2592 trada
290 2567 357 2591 sua
368 2560 514 2601 parente
538 2558 589 2600 gia
609 2561 755 2600 sposata,
780 2560 814 2591 in
837 2559 962 2601 seguito
983 2569 1002 2591 a
1022 2559 1118 2600 quale
1140 2561 1310 2600 sentenza,
1333 2558 1407 2600 que!
1426 2567 1458 2589 re
1477 2557 1572 2589 abbia
1594 2556 1657 2588 riu-

184 2613 303 2644 novato
323 2619 385 2644 con
405 2611 559 2644 Bertrada
586 2611 607 2643 il
634 2621 693 2644 suo
726 2612 944 2657 matrimonio.
971 2612 1047 2656 cosi
1074 2612 1275 2646 Tomassino.
1304 2613 1339 2642 lo
1368 2609 1464 2642 credo
1496 2607 1572 2649 pero
1599 2607 1660 2640 che

186 2665 396 2706 Tomassino,
422 2665 455 2697 la
484 2665 537 2698 cui
566 2666 706 2698 autorita
731 2665 774 2698 ho
800 2667 959 2707 segnitato
981 2667 1099 2707 troppo
1135 2664 1318 2698 sacilmente
1338 2662 1389 2695 nel
1412 2662 1479 2694 mio
1499 2661 1633 2693 trattato
1648 2684 1658 2702 ,

187 2719 362 2750 commetta
389 2719 479 2759 quivi
503 2727 547 2750 un
571 2728 668 2760 grave
691 2728 810 2752 errore.

281 2771 307 2803 ΙΙ
330 2772 537 2804 matrimonio
559 2774 610 2804 tra
629 2773 755 2814 Filippo
776 2782 794 2805 e
816 2773 969 2806 Bertrada
982 2798 992 2814 ,
1012 2782 1077 2805 non
1099 2782 1154 2805 era
1175 2770 1359 2812 oppugnato
1377 2778 1434 2810 per
1455 2769 1659 2808 consanyui·

185 2824 297 2865 ηοᾶιὰ,
313 2834 367 2858 ma
380 2826 500 2867 perche
512 2826 640 2868 Filippo
657 2835 759 2859 aveva
778 2828 874 2860 Beria
893 2837 950 2869 per
971 2827 1102 2870 moglie,
1119 2836 1137 2860 e
1152 2824 1305 2858 Bertrada
1318 2831 1398 2856 avae
1407 2822 1459 2864 gia
1470 2831 1527 2864 per
1539 2821 1655 2855 marito

188 2877 212 2910 il
233 2879 327 2911 conte
347 2878 482 2921 d'Angio
499 2892 515 2908 »
532 2888 603 2922 pag.
627 2884 684 2913 165
701 2888 773 2921 seq.
