1980 3260
226 254 315 287 eir.
341 255 385 288 ιι.
411 254 460 288 nn
480 257 619 289 roras.
638 257 773 290 mune.
794 258 873 290 nn.
893 257 1402 290 cin.unn.cnms·r.1lm.
1422 257 1484 289 ιιι.
1527 241 1615 287 425

155 349 201 379 re
219 335 367 396 (147).
386 334 614 400 Quidquid
635 336 695 383 sit
711 335 767 383 de
785 335 898 383 facto
915 373 925 391 ,
954 334 1010 383 de
1033 352 1122 400 quo
1152 352 1251 382 mox
1276 334 1475 383 dicemus
1492 371 1502 391 ,
1528 350 1620 382 cer-

152 419 243 456 tum
263 421 330 458 est
349 428 609 475 persuasum
629 411 789 476 quavis
808 421 947 459 aetate
970 412 1016 457 in
1035 410 1223 458 ecclesia
1241 410 1381 458 fuisse
1400 409 1617 458 eiusmodi

153 485 511 550 dispensationes
546 487 770 535 exclusive
793 488 849 534 ad
874 487 1162 552 apostolicam
1192 487 1342 534 sedem
1371 486 1589 551 pertinere
1605 524 1616 543 ‚

152 563 274 611 nullo
297 581 400 611 vero
424 565 555 612 modo
578 565 635 612 ad
660 565 884 630 politicam
904 575 1179 630 potestatem.
1196 564 1247 611 ld
1266 574 1440 612 constat
1456 564 1621 629 exipso

151 638 285 685 Ivone
314 637 505 703 aliisque
538 640 764 705 episcopis
780 678 790 697 ,
818 641 895 705 qui
920 642 1048 689 enixe
1071 641 1181 689 adeo
1206 639 1407 688 Paschali
1435 640 1490 686 ΙΙ.
1514 656 1618 704 sup—

151 712 425 776 plicaverunt
453 725 503 762 ut
531 716 909 780 dispensationem
943 717 1223 773 concede1·et;
1251 725 1423 763 constat
1444 732 1497 762 ex
1520 714 1621 779 ipso

151 789 362 853 pontifice
378 826 388 846 ‚
428 791 503 854 qui
540 792 737 839 animum
778 792 1038 840 inclinasset
1070 792 1127 839 ad
1161 809 1259 839 eam
1293 790 1619 838 concedendam

154 864 194 911 si
219 865 417 912 unanimi
442 883 661 915 consensu
688 869 885 933 episcopi
910 867 1197 932 baugenciaci
1230 867 1483 930 congregati
1516 883 1622 914 con-

152 941 380 989 venissent
414 942 469 989 ad
503 960 599 990 eam
638 945 901 1008 petendam;
936 955 1006 992 ast
1028 961 1107 1009 pro
1131 943 1288 990 maiori
1313 960 1463 990 eorum
1497 952 1621 1007 parte

154 1015 390 1064 noluerunt
408 1018 635 1082 proprium
656 1019 872 1066 iudicium
893 1019 1088 1083 proferre
1112 1018 1333 1066 dicentes:
1353 1037 1375 1063 «
1390 1034 1440 1064 se
1462 1016 1623 1064 debere

156 1109 258 1140 esse
290 1092 425 1141 huius
460 1094 637 1141 consilii
673 1094 855 1142 comites
879 1105 922 1142 et
950 1111 1038 1142 non
1072 1094 1208 1141 duces
1237 1094 1419 1155 (148).»
1441 1091 1624 1141 Constat

155 1168 333 1216 demum
368 1187 420 1217 ex
455 1170 555 1235 ipsa
578 1170 774 1234 Philippi
809 1170 969 1234 agendi
1004 1170 1173 1217 ratione
1202 1186 1291 1217 non
1314 1168 1371 1216 ad
1397 1168 1622 1233 principes

154 1244 315 1303 laicOS,
338 1245 416 1294 sed
434 1246 566 1294 unice
589 1246 645 1294 ad
670 1263 868 1294 summos
894 1246 1125 1311 pontifices
1151 1245 1420 1309 pertinuisse
1442 1244 1624 1310 dispen-

154 1321 370 1370 sationem
400 1322 640 1370 concedere
657 1360 667 1379 ‚
696 1321 894 1387 alioquin
924 1339 1072 1369 secum
1100 1321 1195 1386 ipse
1217 1321 1548 1386 dispensasset,
1576 1330 1625 1368 ut

153 1398 336 1447 evidens
371 1409 454 1447 est.

255 1476 298 1522 4.
327 1476 423 1523 Non
448 1476 597 1523 minus
627 1476 790 1524 erravit
812 1476 954 1540 Nuytz
978 1475 1083 1522 dum
1108 1474 1300 1522 asseruit
1323 1473 1499 1521 nonnisi
1524 1489 1626 1521 sero

153 1550 282 1599 valde
304 1552 506 1617 coepisse
531 1552 588 1600 ab
612 1552 855 1617 apostolica
879 1551 985 1599 sede
1008 1550 1367 1616 dispensationes
1397 1549 1624 1605 matrimo-

153 1627 294 1676 niales
311 1629 519 1685 concedi;
544 1629 767 1694 siquidem
786 1646 867 1676 nos
887 1628 1043 1675 harum
1074 1627 1394 1675 relaxationum
1420 1625 1622 1691 exempla

151 1703 379 1752 attulimus
413 1721 466 1752 ex
500 1721 590 1752 sec.
613 1704 682 1751 v1.
705 1704 913 1752 videlicet
939 1722 966 1751 a
990 1722 1027 1751 s.
1052 1703 1260 1766 Gregorio
1284 1703 1406 1750 Μ.Ίή
1436 1702 1623 1765 gratiam

151 1779 380 1843 anglorum
432 1798 586 1829 recens
631 1781 688 1828 ad
733 1780 1022 1828 christianam
1074 1779 1331 1842 religionem
1377 1795 1624 1827 converso—

152 1873 249 1903 rum
281 1857 431 1919 (149),
465 1867 557 1904 tum
585 1874 613 1904 a
636 1856 844 1920 Gregorio
874 1857 931 1903 ll.
963 1855 1155 1920 aliisque
1183 1854 1486 1920 pontificibus.
1519 1855 1626 1901 Sero

153 1941 322 1979 tantum
358 1932 489 1980 datae
513 1944 618 1980 sunt
652 1933 944 1981 relaxationes
972 1934 1176 1997 praeviae
1208 1930 1488 1979 matrimonio
1521 1946 1627 1978 con-

154 2007 370 2056 trahendo
385 2045 395 2065 ‚
423 2019 467 2056 et
490 2008 674 2073 quidem
698 2008 755 2056 ob
779 2008 1068 2072 gravissimas
1098 2024 1260 2055 causas
1285 2024 1400 2072 quas
1423 2022 1505 2054 suo
1528 2004 1626 2052 loco

154 2084 474 2132 recensuimus.
504 2084 830 2150 Consequentia
863 2102 997 2150 quam
1032 2083 1213 2131 deducit
1235 2084 1378 2148 Nuytz
1400 2081 1536 2146 digna
1558 2090 1627 2128 est

153 2160 329 2224 egregio
363 2161 614 2225 professore
647 2161 837 2226 eiusque
870 2161 1132 2226 praemissis
1155 2161 1304 2223 (150).

247 2259 334 2300 (147)
357 2272 373 2288 ι
387 2261 581 2301 Comunque
604 2260 653 2292 sia
669 2284 679 2301 ,
702 2260 784 2292 fatto
801 2260 841 2300 e,
862 2261 923 2293 che
939 2260 970 2293 16
985 2260 1134 2302 dispense
1156 2260 1264 2302 papali
1288 2268 1344 2301 per
1365 2259 1476 2300 region
1502 2258 1535 2291 di
1558 2267 1624 2291 ma-

152 2312 324 2353 trimonio,
351 2312 592 2345 cominciarono
610 2313 914 2346 tardissimamente.
941 2315 993 2346 Ma
1022 2313 1285 2355 quell’aspettare
1306 2313 1334 2345 sl
1353 2312 1439 2345 tardi
1457 2321 1476 2344 a
1497 2311 1555 2344 dar
1578 2311 1624 2343 di-

151 2373 283 2406 spense,
293 2373 311 2396 6
323 2364 345 2396 il
358 2364 554 2397 cominciare
564 2374 583 2397 a
595 2365 677 2397 farlo
692 2364 783 2397 nelle
795 2364 898 2397 dense
911 2365 1047 2398 tenebre
1060 2365 1113 2398 del
1127 2365 1233 2398 medio
1247 2374 1320 2406 evo,
1331 2364 1462 2406 quando
1476 2365 1506 2396 16
1518 2364 1625 2396 chiesa

154 2417 421 2450 esclusivamente
441 2418 472 2450 al
490 2417 586 2450 civile
607 2417 789 2458 legislatore
804 2418 945 2458 governo
965 2418 995 2450 la
1015 2419 1149 2450 materia
1165 2417 1216 2450 del
1232 2418 1457 2457 matrimonio,
1472 2418 1561 2448 tanto
1575 2416 1626 2457 pel

153 2470 332 2511 temporale
353 2471 476 2512 quanto
497 2479 553 2511 per
572 2470 604 2502 lo
622 2469 810 2511 spirituale,
825 2478 889 2502 non
903 2479 1004 2512 prova
1020 2470 1082 2512 egli
1099 2471 1159 2503 che
1176 2470 1198 2502 il
1213 2470 1326 2503 diritto
1339 2470 1372 2502 di
1389 2469 1535 2510 dispensa
1548 2467 1624 2501 alla

154 2522 271 2556 chiesa
288 2532 357 2555 non
373 2525 620 2565 appartiene?»

249 2575 336 2617 (us)
355 2577 414 2608 1vo
438 2575 518 2608 ibid.

248 2628 336 2669 (149)
357 2630 423 2661 Has
440 2637 608 2671 perperam
622 2630 726 2671 Nuytz
739 2629 772 2662 in
784 2630 1000 2671 suspicionem
1016 2631 1113 2663 vocat
1124 2631 1157 2663 in
1170 2639 1229 2663 sua
1244 2629 1434 2663 tractatione
1444 2628 1494 2660 De
1504 2627 1622 2659 matri·

153 2682 286 2721 monio,
304 2690 376 2723 pag.
394 2687 465 2715 291.
478 2682 511 2714 in
527 2683 621 2723 nota,
639 2684 675 2715 ut
689 2691 748 2715 suo
760 2683 834 2715 loco
849 2683 1051 2717 ostendimus

250 2733 336 2775 (150)
356 2733 446 2767 Adeo
466 2734 614 2768 eruditus
629 2736 678 2768 est
693 2735 747 2768 hic
762 2735 844 2769 iuris
861 2736 1008 2769 canonici
1026 2736 1186 2778 professor
1203 2735 1237 2766 in
1255 2734 1417 2767 Athenaeo
1428 2732 1623 2770 taurinensi,

155 2787 192 2819 ut
217 2787 301 2820 inter
324 2795 360 2820 se
390 2787 479 2820 card.
506 2788 679 2830 Fleuryum
703 2798 778 2822 cum
801 2789 854 2823 ab.
870 2790 1009 2831 Fleuryo
1033 2787 1274 2831 permiscuerit,
1303 2795 1341 2818 66
1366 2784 1542 2827 Eugenium
1565 2786 1623 2817 111.

155 2840 212 2881 qui
235 2840 346 2874 nomit
359 2842 462 2874 aetate
475 2850 501 2874 s.
515 2841 669 2875 Bel-nardi
684 2851 759 2876 cum
776 2843 919 2885 Eugenio
936 2845 991 2876 lv.
1006 2842 1063 2884 qui
1079 2840 1217 2883 praefuit
1230 2838 1369 2872 concilio
1390 2838 1579 2878 florentino,
1593 2836 1627 2869 id

156 2894 205 2927 est
220 2895 292 2935 post
313 2893 439 2935 aliquot
456 2895 564 2928 secula
586 2895 696 2928 floruit
