1980 3260
259 273 348 304 CAP.
366 272 426 303 111.
446 269 496 301 ni:
511 269 625 301 Ecci..
644 269 807 301 POTEST.
827 268 930 300 nise.
951 269 993 301 ΙΝ
1009 268 1095 300 mi).
1115 270 1239 301 MATR.
1257 270 1339 301 mn.
1360 270 1450 301 Aur.
1470 270 1514 301 11.
1566 256 1621 299 99

155 360 278 397 esset
308 349 363 397 de
387 348 651 412 disciplinae
674 345 939 394 universalis
962 346 1213 408 integritate
1237 358 1369 411 atque
1394 345 1624 395 incolumi--

159 435 262 473 tate.
309 426 373 472 Ex
403 425 590 489 paritate
624 423 807 471 rationis
844 433 988 470 cetera
1022 422 1169 469 omnia
1206 422 1440 470 salubriter
1474 424 1566 471 sive
1599 442 1624 470 a

159 519 269 550 rom.
301 501 583 567 pontificibus
603 538 611 556 ,
635 500 728 547 sive
751 499 808 546 ab
832 499 1126 547 oecumenicis
1151 499 1353 546 conciliis
1378 509 1538 546 statuta
1561 500 1625 546 di-

160 577 424 624 laberentur.

254 653 318 699 Eo
340 650 410 698 vel
436 649 577 711 magis
609 649 728 713 quod
753 649 799 694 in
835 659 956 695 tanta
987 649 1242 712 praesulum
1278 649 1557 696 multitudine
1582 660 1625 696 et

159 727 434 791 ingeniorum
459 723 608 770 indole
631 741 683 770 ac
709 724 920 771 varietate
943 724 1122 771 difficile
1147 742 1328 788 prorsus
1362 725 1480 772 haud
1506 727 1624 772 esset

159 819 246 849 non
282 817 446 866 paucos
482 798 668 845 inveniri
694 810 768 845 aut
802 799 935 846 nimis
968 799 1121 846 faciles
1147 798 1223 846 aut
1257 801 1388 846 nimis
1413 800 1617 855 desides,

155 887 232 923 aut
253 875 590 930 circumventos,
613 874 690 938 qui
709 873 1013 920 ecclesiastica
1029 873 1126 920 iura
1143 875 1483 938 pessumdarent
1502 878 1616 938 (31).

157 951 298 998 Maius
320 967 424 998 vero
448 950 670 1013 ingrueret
692 949 935 1014 periculum
960 949 1106 1013 quoad
1125 948 1250 1005 illos,
1272 950 1348 1013 qui
1374 950 1621 1015 principum

155 1026 288 1073 minis
322 1035 365 1073 et
395 1021 631 1073 violentiae
663 1023 859 1071 cedendo
894 1024 949 1071 ad
974 1024 1148 1071 illorum
1174 1024 1393 1071 interdum
1419 1025 1617 1089 iniquam

154 1101 421 1150 voluntatem
448 1119 497 1148 se
519 1118 681 1165 pronos
706 1099 991 1165 praeberent,
1023 1111 1152 1164 prout
1181 1100 1449 1165 experientia
1479 1103 1622 1148 rerum

156 1179 368 1241 magistra
403 1195 490 1225 non
523 1176 659 1224 semel
693 1176 908 1225 bonorum
944 1177 1140 1224 omnium
1180 1194 1378 1224 moerore
1410 1177 1616 1225 ostendit.

157 1253 267 1300 Fieri
298 1254 447 1318 itaque
480 1253 660 1318 nequit,
699 1263 747 1300 ut
769 1251 1045 1318 amplissima
1068 1252 1286 1300 eiusmodi
1324 1252 1509 1300 facultas
1534 1255 1626 1318 epi-

155 1330 303 1394 scopis
339 1329 592 1385 inhaereat,
632 1345 721 1393 qua
763 1328 899 1375 semel
946 1328 1145 1376 admissa
1161 1366 1171 1384 ‚
1212 1345 1429 1376 canonum
1463 1330 1588 1394 vigor
1610 1369 1619 1386 ‚

155 1405 414 1452 oeconomia
437 1404 724 1453 ecclesiastici
745 1404 972 1467 regiminis
993 1422 1044 1452 ac
1069 1403 1334 1469 disciplinae
1357 1405 1623 1453 universalis

157 1480 332 1544 penitus
357 1491 669 1528 everterentur.
693 1480 873 1528 Constat
896 1481 1030 1543 igitur
1053 1498 1105 1526 ex
1130 1480 1192 1527 rei
1217 1490 1375 1527 natura
1400 1481 1623 1546 episcopis

156 1556 409 1604 facultatem
433 1557 488 1604 de
511 1575 599 1622 qua
622 1556 792 1621 agitur,
822 1555 955 1603 tribui
990 1553 1109 1602 haud
1134 1573 1281 1620 posse.

251 1632 301 1678 Id
325 1632 471 1697 ipsum
506 1633 670 1697 pariter
692 1631 938 1679 ostenditur
969 1649 1022 1678 ex
1045 1630 1178 1678 totius
1212 1629 1490 1695 antiquitatis
1521 1649 1624 1680 con—

156 1708 365 1755 sensione
387 1718 430 1755 et
447 1707 570 1773 praxi
587 1745 596 1763 ‚
625 1718 757 1773 prout
774 1707 967 1755 secundo
986 1706 1080 1754 loco
1098 1707 1272 1754 efficere
1290 1707 1617 1754 constituimus.

155 1783 285 1839 Quod
308 1794 613 1847 argumentum
648 1794 696 1831 ut
719 1783 801 1830 rite
822 1782 1107 1847 expediamus
1127 1820 1136 1839 ‚
1159 1782 1365 1845 coniugia
1389 1782 1435 1828 in
1466 1783 1622 1847 primis

155 1859 485 1922 distinguamus
508 1870 677 1924 oportet
692 1867 800 1906 'cum
824 1858 971 1922 aliquo
996 1858 1311 1922 impedimento
1336 1858 1425 1904 iam
1455 1869 1623 1906 contra-

156 1946 226 1983 cta
247 1953 274 1982 a
296 1935 515 1999 coniugiis
540 1953 639 1983 cum
664 1935 818 1982 eodem
851 1933 1166 1999 impedimento
1197 1933 1526 1982 contrahendis.
1554 1934 1624 1980 Si-

151 2080 262 2121 aiiqua
283 2080 416 2113 demum
444 2080 633 2112 confirmata
654 2082 711 2112 aut
733 2079 894 2120 explicata
917 2080 953 2111 ut
974 2087 992 2110 a
1021 2077 1210 2119 viennensi,
1234 2077 1369 2123 aliisque
1379 2078 1622 2111 recentioribus.

155 2136 255 2166 Porro
275 2136 398 2166 certum
417 2136 466 2166 est
485 2134 571 2175 apud
604 2134 685 2166 iuris
712 2134 880 2174 utriusque
908 2132 1027 2173 peritos
1053 2131 1208 2164 effatum:
1234 2131 1444 2171 Inferiorem
1466 2131 1557 2164 nihil
1587 2134 1623 2164 in

150 2189 338 2228 superioris
360 2187 466 2227 leqem
491 2195 599 2228 posse.
624 2187 718 2224 Quod
740 2187 836 2219 etiam
857 2186 889 2217 in
915 2185 1114 2218 Clementina
1134 2187 1184 2217 De
1203 2184 1367 2217 electione
1389 2187 1422 2216 el
1447 2185 1546 2217 electi
1565 2194 1622 2227 po-

151 2240 274 2271 testate
298 2247 370 2280 cap.
386 2241 436 2270 Ne
451 2238 597 2271 humani
621 2239 739 2270 diserte
759 2238 918 2270 traditur:
944 2239 1015 2269 Lex
1036 2238 1224 2279 superioris
1243 2244 1308 2278 per
1321 2235 1521 2276 inferiorem
1547 2238 1623 2269 tolli

152 2299 219 2323 non
235 2293 361 2333 potest.

243 2345 309 2384 (31)
331 2344 425 2382 Quod
446 2345 526 2376 scite
547 2343 776 2376 animadvertit
787 2344 829 2375 ci.
843 2342 1072 2375 Thomassinus
1091 2344 1140 2375 De
1158 2342 1328 2383 beneficiis
1349 2344 1468 2383 panii.
1490 2342 1546 2374 lib.
1566 2344 1623 2374 lii.

151 2405 223 2437 cap.
243 2399 293 2429 24.
321 2405 353 2429 n.
377 2400 424 2429 14.
443 2398 604 2429 scribens:
630 2410 644 2424 α
658 2397 720 2429 Ubi
745 2397 882 2437 primum
898 2396 1064 2428 desinente
1078 2404 1141 2428 sec.
1158 2397 1215 2427 111.
1236 2395 1431 2436 frequentari
1448 2397 1627 2435 coeperunt

152 2449 289 2481 concilia
313 2449 348 2481 in
369 2450 544 2490 provinciis
566 2450 700 2490 singulis
719 2452 798 2481 tuuc
816 2449 972 2491 episeopis
991 2449 1069 2490 ipsis
1089 2448 1366 2481 consultissimum
1381 2447 1486 2480 visum
1503 2449 1569 2487 est,
1589 2448 1625 2478 ut

151 2502 194 2534 ad
212 2502 268 2534 iila
280 2502 472 2534 referrentur
487 2511 544 2543 pro
561 2501 853 2543 dispensationibus
866 2502 1090 2543 ponderanda.
1107 2507 1133 2534 1.
1149 2504 1215 2534 Nee
1228 2501 1312 2533 enim
1327 2501 1409 2533 solvi
1422 2501 1507 2541 leges
1517 2507 1624 2540 posse,

150 2555 214 2587 nisi
233 2563 270 2587 ea
290 2555 502 2596 auctoritate,
527 2564 592 2596 qua
619 2556 651 2587 et
674 2554 783 2587 condi.
808 2559 838 2588 2.
860 2555 956 2587 Brevi
978 2556 1140 2587 ruituram
1167 2563 1330 2586 canonum
1355 2552 1577 2594 disciplinam,
1597 2554 1624 2585 si

135 2617 138 2619 ·
151 2609 234 2648 quot
246 2607 387 2649 episcopi
400 2609 450 2640 tot
462 2610 568 2640 essent
581 2608 649 2639 eius
661 2607 832 2639 solvendae
844 2609 991 2640 auctores
1006 2607 1061 2639 ubi
1073 2607 1211 2647 singulis
1232 2607 1463 2638 adlubesceret.
1476 2611 1504 2637 3.
1519 2605 1629 2646 optari

154 2660 256 2700 magis
276 2669 386 2701 posse,
406 2660 504 2700 quam
524 2660 665 2702 sperari,
680 2661 767 2692 ntea
788 2661 857 2692 tota
877 2660 909 2692 et
922 2660 1097 2701 sapientiae
1114 2660 1185 2692 luce
1201 2661 1234 2691 et
1249 2659 1370 2700 vigoris
1386 2658 1565 2690 constantia
1580 2659 1626 2689 in-

153 2713 358 2745 structussit
378 2713 516 2754 quisque
535 2713 721 2754 episcopus,
744 2714 865 2754 quanta
889 2713 1109 2754 desideratur,
1138 2714 1176 2744 ut
1200 2712 1334 2753 provide
1357 2720 1483 2752 semper
1503 2711 1627 2751 dispen-

152 2766 241 2797 netur
265 2766 438 2798 etsobrie.
467 2769 497 2798 4.
519 2767 566 2799 Ne
590 2766 686 2798 toties
710 2765 886 2799 movendae
906 2766 971 2798 sint
996 2766 1069 2798 lites
1094 2767 1125 2798 in
1152 2766 1336 2807 episcopos,
1359 2764 1416 2805 qui
1446 2763 1626 2805 improvide

151 2819 208 2850 ant
226 2818 360 2850 nauiter
372 2818 627 2859 dispensassent3
647 2819 750 2851 multo
770 2818 950 2860 expeditius
969 2819 1057 2859 esse,
1072 2820 1110 2851 ut
1129 2815 1270 2860 potestas
1285 2826 1321 2849 ea
1337 2818 1404 2849 tota
1415 2816 1513 2849 semei
1527 2818 1627 2848 trans-

154 2870 276 2903 feratur
292 2871 332 2903 ad
353 2872 491 2904 concilia
506 2872 751 2913 provincialia.»
768 2871 868 2913 quue
878 2871 1093 2904 annuentibus
1110 2880 1191 2903 rom.
1211 2869 1416 2911 pontificibus
1434 2869 1623 2901 factumest.

1535 2921 1560 2948 ik
