1980 3260
224 251 312 284 cir.
333 254 378 285 ιι.
397 254 448 286 nr.
467 253 606 286 roms.
626 255 760 288 rame.
781 256 863 288 rm.
883 254 965 287 cm.
985 254 1110 287 marn.
1126 253 1289 286 cnmsr.
1305 253 1399 286 nrt.
1417 253 1446 284 1.
1525 234 1615 283 377

245 330 426 378 Possem
461 331 679 380 eiusmodi
704 331 919 396 exemplis
937 369 948 388 ‚
976 341 1195 396 quatenus
1219 347 1332 396 opus
1356 336 1509 387 essetf
1527 327 1616 376 alia

147 405 275 469 plura
307 406 524 464 adiicere,
563 425 715 456 verum
751 425 839 456 non
874 418 942 455 est
976 423 1186 463 necesse,
1224 423 1323 454 cum
1357 405 1491 454 allata
1516 421 1618 469 spe-

146 480 325 528 ciminis
357 482 500 545 gratia
535 500 626 530 rem
661 492 857 531 nostram
893 482 1143 531 conficiant.
1173 482 1239 528 Ex
1273 481 1346 529 his
1378 481 1498 529 enim
1538 479 1619 528 ha-

144 555 302 604 bemus
326 556 676 606 loculentissime
699 558 858 623 quovis
885 568 1080 622 tempore
1098 557 1144 603 in
1164 574 1212 605 re
1229 556 1286 604 de
1303 573 1392 622 qua
1415 555 1615 619 agimus,

144 633 214 681 ius
237 631 370 679 civile
390 649 469 696 per
486 633 556 680 ius
575 633 927 682 ecclesiasticum
952 633 1233 684 emendatum
1259 632 1442 698 saepius
1458 631 1615 688 fuisse,

144 707 345 772 adeoque
372 707 534 756 exinde
564 719 758 765 constat,
786 709 1019 758 ecclesiam
1043 709 1175 774 pleno
1198 709 1294 756 iure
1316 709 1495 756 fruitam
1518 723 1620 756 esse

143 782 263 839 circa
289 782 573 837 connubialia
604 784 944 848 impedimenta3
974 801 1056 832 nec
1079 784 1223 833 solum
1248 783 1618 848 independentem

145 858 243 907 eius
278 869 540 923 potestatem
577 859 662 907 hac
685 861 730 906 in
756 878 802 907 re
826 860 992 917 fuisse,
1021 860 1100 910 sed
1125 876 1310 925 prorsus
1344 875 1617 924 supremam,

143 952 223 983 seu
255 936 527 1000 superiorem
555 946 770 1001 potestate
792 935 913 983 civili
939 935 1024 983 hac
1047 935 1092 982 in
1119 945 1243 1000 parte
1260 973 1270 992 ‚
1299 945 1432 1000 atque
1454 934 1621 982 idcirco

143 1010 201 1058 ab
235 1010 313 1058 illa
345 1019 591 1058 mutuatam
627 1028 715 1059 non
749 1028 851 1059 esse
884 1021 1145 1076 potestatem
1164 1048 1174 1067 ‚
1213 1027 1329 1075 quae
1362 1010 1451 1074 ipsi
1485 1010 1621 1073 origi-

145 1087 270 1135 naria
302 1097 370 1135 est
397 1104 450 1134 ac
473 1087 651 1152 propria
669 1125 679 1144 ,
719 1105 898 1153 quaque
931 1087 1092 1151 iugiter
1123 1087 1208 1135 hac
1232 1087 1402 1149 ratione
1424 1103 1508 1134 usa
1529 1096 1616 1144 est.

242 1162 370 1223 Quod
405 1162 587 1228 quidem
621 1162 780 1211 fatetur
800 1162 870 1211 vel
895 1162 992 1228 ipse
1014 1162 1107 1217 Van
1125 1162 1282 1228 ‘Espen
1316 1161 1438 1211 haud
1463 1161 1620 1227 parum

147 1233 321 1287 iuribus
365 1238 582 1287 ecclesiae
625 1239 828 1287 infensus
851 1277 862 1296 ,
903 1239 981 1304 qui
1016 1249 1254 1304 postquam
1294 1238 1489 1287 ostendit
1512 1246 1621 1286 -cu'm

146 1313 385 1362 Gerbaesio
418 1314 652 1362 ecclesiam
677 1332 704 1362 a
733 1314 1011 1380 principibus
1046 1331 1135 1362 non
1165 1312 1397 1380 ‘accepisse
1430 1313 1623 1362 auctori-

149 1400 282 1438 tatem
305 1390 605 1438 constituendi
630 1390 947 1456 impedimenta
981 1390 1312 1439 matrimonium
1346 1390 1618 1447 dirimenda,

149 1466 395 1516 concludit:
422 1466 578 1515 «Illud
606 1478 753 1515 tamen
781 1467 944 1525 fatetur
964 1466 1303 1529 (Gerbaesius)‚
1328 1465 1622 1532 pluribusque

144 1543 361 1609 exemplis
395 1542 690 1600 demonstrat,
728 1560 867 1608 penes
901 1542 1136 1590 ecclesiam
1176 1559 1279 1590 esse
1318 1541 1621 1590 auctoritatem

143 1619 266 1682 leges
300 1618 456 1667 civiles
490 1618 768 1683 corrigendi,
798 1619 837 1666 si
862 1618 1093 1683 quidpiam
1130 1627 1284 1666 contra
1315 1618 1388 1665 ius
1422 1617 1622 1666 divinum

146 1704 222 1743 aut
253 1693 454 1742 naturale
478 1693 524 1740 in
549 1693 650 1741 illas
679 1694 932 1759 irrepserit3
960 1693 1337 1758 quemadmodum
1361 1693 1479 1741 circa
1501 1692 1622 1757 leges

146 1769 449 1836 permittentes
482 1769 720 1817 divortium
753 1769 901 1834 quoad
935 1768 1162 1820 vinculum
1196 1768 1253 1817 ob
1285 1769 1488 1832 coniugis
1521 1768 1623 1817 diu·

145 1846 387 1894 turniorem
423 1845 671 1893 absentiam
708 1845 950 1909 contigisse
984 1845 1100 1897 infra
1139 1845 1439 1894 ostendemus.
1483 1844 1625 1909 Igitur

147 1922 271 1970 filum
312 1921 566 1969 traditionis
606 1922 807 1970 insecuta
847 1921 1048 1987 synodus
1090 1921 1333 1969 tridentina
1365 1932 1483 1970 recte
1514 1938 1623 1971 ana-..-

148 1999 298 2046 thema
329 1998 442 2047 dixit
475 1998 520 2045 in
555 2016 656 2046 eum
690 1998 768 2063 qui
803 1997 964 2045 dixerit
990 2016 999 2044 :
1047 1997 1288 2045 Ecclesiam
1322 2015 1406 2045 non
1433 1998 1622 2062 potuisse

149 2076 399 2122 constituere
433 2074 738 2140 impedimenta
768 2074 1018 2122 dirimentia
1033 2111 1045 2130 ‚
1075 2074 1144 2122 vel
1168 2075 1214 2125 in
1237 2075 1293 2123 iis
1316 2074 1622 2124 constituendis

145 2169 308 2199 errasse
337 2152 488 2214 (58).»

148 2287 204 2319 cit.
223 2295 292 2328 cap.
311 2288 425 2319 xxw.
442 2286 472 2328 §.
490 2289 565 2319 Vll.
580 2288 745 2328 Integrum
762 2287 803 2320 de
822 2288 885 2320 hoc
904 2288 1092 2329 argumento
1108 2287 1260 2320 volumen
1274 2287 1379 2320 edidit
1393 2287 1509 2320 doctus
1528 2287 1622 2319 iuris·

146 2339 315 2372 consultus
339 2338 536 2372 Phiiibertus
555 2340 710 2380 Bugnyon
733 2339 786 2372 cui
807 2339 859 2372 tit.
879 2340 996 2372 Traite
1014 2338 1074 2372 des
1094 2339 1169 2372 loix
1189 2338 1361 2381 αὐτ-09003.
1378 2340 1468 2372 Paris
1490 2343 1578 2372 1602.

243 2392 308 2433 (58)
328 2394 388 2434 Op.
403 2393 436 2425 et
452 2392 515 2425 loc.
531 2392 587 2425 cit.
605 2393 687 2433 part.
708 2394 751 2424 11.
773 2393 825 2425 tit.
843 2394 913 2426 ΧΠ.
931 2401 1004 2434 cap.
1020 2394 1048 2426 1.
1064 2391 1095 2434 ς.
1117 2397 1164 2426 19.
1179 2397 1231 2426 20.
1248 2392 1301 2426 ed.
1317 2394 1440 2426 Lovan.
1462 2394 1551 2425 1700.
1612 2436 1613 2439 ¹

136 2486 140 2490 .
243 2446 309 2477 Nec
329 2444 449 2478 dimitti
477 2445 531 2477 hic
555 2444 651 2478 debet
678 2445 916 2478 animadversio
936 2446 979 2479 cl.
998 2447 1158 2487 ozanam,
1180 2446 1237 2487 qui
1264 2446 1297 2478 in
1326 2454 1379 2488 op.
1402 2446 1452 2478 La
1472 2443 1622 2477 civilisa-

149 2498 221 2530 tion
252 2505 302 2530 αα
334 2497 526 2540 εἰηᾳαίὼηε
555 2497 667 2531 siecle.
683 2499 774 2532 Paris
789 2503 878 2532 ¹855.
891 2499 971 2531 tom.
990 2500 1014 2531 1.
1028 2507 1124 2540 agens
1138 2498 1170 2531 in
1185 2499 1275 2532 sexta
1290 2498 1427 2531 lectione
1442 2499 1497 2530 Du
1515 2496 1622 2536 droit,

147 2557 220 2590 pag.
240 2554 309 2582 182.
326 2550 405 2582 haec
420 2551 583 2592 praeclare
603 2550 730 2591 scribit,
754 2559 837 2592 quae
859 2550 962 2583 lucem
985 2550 1159 2583 effundunt
1179 2551 1371 2592 legislationi
1393 2550 1482 2582 civili
1497 2557 1621 2582 roman.

148 2603 181 2635 et
204 2601 427 2636 barbarorum.
457 2617 473 2632 «ι
486 2606 575 2636 Nous
596 2612 743 2645 pouvons
765 2603 835 2637 dire
855 2604 952 2646 qu'en
973 2607 1045 2637 430.
1071 2604 1103 2637 la
1123 2604 1242 2637 sociate
1264 2604 1406 2636 romaine
1426 2611 1446 2635 a
1467 2602 1552 2635 deux
1576 2602 1621 2635 10-

150 2653 335 2695 gislationum
356 2664 438 2688 nous
459 2665 479 2697 y
500 2658 672 2697 trouvons,
695 2657 728 2688 et
749 2656 796 2694 100
823 2656 974 2690 barbares
987 2666 1007 2698 y
1022 2658 1213 2690 trouveront
1233 2656 1339 2696 aussi,
1361 2655 1444 2688 deux
1467 2654 1571 2687 droits
1582 2663 1624 2687 en

148 2706 300 2747 presence
319 2708 388 2740 run
407 2707 448 2740 de
468 2709 598 2741 l’autre:
619 2709 697 2741 d’un
715 2708 806 2749 cote,
830 2709 860 2742 10
881 2710 1067 2751 paganismo
1094 2710 1227 2749 antique
1246 2707 1386 2748 tempere
1400 2715 1457 2748 par
1472 2706 1621 2748 la‘philo·

148 2759 261 2800 sophie
279 2759 337 2792 des
358 2761 602 2794 iurisconsultes
620 2763 696 2802 qui,
719 2770 802 2794 nous
820 2762 852 2794 le
872 2770 1006 2795 verrons
1019 2786 1029 2802 ,
1054 2771 1090 2795 se
1113 2761 1235 2794 ressent
1257 2759 1438 2792 elle-menie
1458 2758 1500 2791 (10
1519 2758 1626 2791 bonne

149 2811 248 2845 heure
262 2811 304 2844 de
318 2812 503 2846 l'inssuence
519 2814 721 2847 chretienne:
746 2813 824 2846 d'un
846 2815 938 2847 autre
959 2814 1050 2854 cote,
1069 2814 1100 2846 10
1117 2812 1374 2852 christianismo,
1392 2810 1474 2843 mais
1490 2810 1621 2844 lachri-

148 2863 311 2897 stianisme
321 2865 435 2899 timide
451 2866 508 2900 des
524 2875 725 2908 empercurs‚
738 2867 793 2907 qui
808 2867 1039 2900 n'embrassent
1051 2875 1114 2907 que
1130 2866 1178 2898 les
1191 2864 1344 2898 reformes
1356 2863 1428 2905 deja
1444 2863 1622 2897 &bauchees
