1980 3260
354 225 446 272 174
660 236 742 268 zui.
771 235 818 268 11.
849 234 963 267 sacr.
992 234 1021 266 1.
1052 233 1103 265 m:
1128 232 1294 264 rorssr.
1325 232 1491 267 unctus.

352 326 508 370 natur,
550 328 639 360 non
674 311 759 359 erit
797 310 1037 375 exigenda3
1073 319 1118 357 at
1152 326 1205 356 ea
1234 310 1533 374 praesumitur
1560 324 1637 361 aut
1663 314 1819 364 saltem

351 389 574 457 praesumi
598 398 764 453 potest,
785 387 861 435 ubi
886 388 943 434 de
960 403 1173 451 expressa
1191 386 1500 434 retractatione
1517 404 1606 434 non
1624 399 1794 439 constet
1807 430 1818 449 ,

351 484 450 515 cum
469 482 557 513 non
575 464 767 513 sufficiat
785 463 1032 512 retractatio
1056 462 1388 527 interpretativa
1410 479 1464 509 ex
1488 464 1708 511 sententia
1730 466 1825 531 plu-

351 542 560 590 rimorum
589 540 894 604 theologorum
926 541 1042 603 (32).
1073 539 1284 595 Quinimo
1306 539 1574 587 Benedictus
1595 540 1706 588 XIV.
1735 559 1825 591 non

351 617 494 665 solum
526 617 643 664 inter
665 617 940 664 conditiones
970 616 1027 662 ad
1063 615 1258 662 dandam
1291 615 1512 663 eiusmodi
1548 616 1827 665 sanationem

352 710 592 757 numquam
628 703 828 739 recenset
856 691 972 739 hanc
999 691 1375 756 perseverantiam
1401 691 1612 740 moralem
1642 692 1689 739 in
1721 692 1828 741 dato

350 786 600 826 consensu,
638 786 792 816 verum
824 769 958 816 etiam
997 768 1193 816 excludit
1227 768 1336 815 satis
1367 779 1519 833 aperte
1537 807 1547 825 ,
1585 769 1693 816 dum
1727 786 1830 818 con-

351 844 488 892 cessit
514 844 893 910 dispensationem
918 845 965 890 in
995 844 1144 892 radice
1168 843 1437 891 matrimonii
1461 844 1568 891 dum
1592 844 1704 892 alter
1726 862 1829 893 con-

350 920 504 984 iugum
534 921 912 970 invtribunalibus
948 921 1263 969 sollicitaverat
1285 920 1551 968 solutionem
1574 960 1584 978 ‚
1624 922 1828 987 adeoque

350 1008 566 1062 quantum
599 998 645 1044 in
681 1016 730 1046 se
763 1010 857 1046 erat
890 1016 1017 1046 suum
1054 1014 1323 1045 consensum
1357 1007 1668 1046 retractaverat
1704 1001 1822 1062 (33).

350 1073 416 1120 Ex
449 1091 540 1139 quo
581 1074 782 1122 nonnulli
825 1074 1019 1122 inferunt
1059 1091 1192 1139 posse
1222 1091 1334 1121 rom.
1375 1073 1632 1138 pontificem
1667 1092 1828 1123 sanare

350 1151 607 1214 coniugium
639 1153 685 1198 in
720 1151 903 1209 radice,
943 1151 1147 1216 quamvis
1171 1150 1481 1198 contrahentes
1515 1151 1694 1213 cognita
1725 1168 1830 1216 pro-

352 1226 437 1291 prii
472 1228 743 1276 matrimonii
773 1227 978 1275 nullitate
1004 1228 1190 1290 positive
1224 1244 1493 1274 consensum
1528 1244 1660 1274 suum
1694 1236 1829 1275 retra-

353 1312 551 1351 ctassent
582 1306 700 1366 (34).
740 1304 864 1352 Ratio
899 1321 1004 1351 vero
1044 1313 1138 1361 est,
1184 1304 1291 1368 quia
1325 1303 1414 1351 nisi
1458 1303 1708 1352 obstitisset
1745 1304 1831 1352 im-

352 1379 655 1443 pedimentum
700 1381 964 1428 canonicum
999 1391 1093 1427 tum
1126 1398 1266 1445 quum
1311 1381 1524 1444 coniuges
1558 1398 1830 1429 consensum

353 1454 597 1503 naturalem
633 1455 964 1520 praebuerunt,
1003 1457 1250 1505 certissime
1274 1457 1607 1506 matrimonium
1629 1457 1831 1507 validum

352 1531 542 1589 fuisset;
581 1549 712 1597 porro
755 1551 866 1581 rom.
906 1533 1139 1598 pontifices
1181 1534 1383 1583 sanando
1416 1535 1748 1582 matrimonium
1780 1535 1828 1582 in

353 1607 522 1664 radice,
544 1620 731 1666 sanant,
770 1626 851 1657 seu
878 1609 1038 1657 tollunt
1053 1610 1210 1658 vitium
1228 1611 1350 1676 quod
1368 1611 1621 1659 intercessit
1653 1610 1700 1657 in
1729 1621 1831 1659 a'ctu

350 1700 440 1748 quo
474 1685 730 1748 coniugium
765 1685 1035 1734 celebratum
1069 1697 1153 1734 est.

446 1760 496 1807 ld
522 1761 728 1824 contigit,
760 1762 974 1809 referente
993 1762 1204 1826 Bolgenio
1219 1801 1230 1819 ,
1254 1763 1300 1809 in
1321 1763 1515 1810 Etruria.
1539 1763 1651 1812 Cum
1669 1763 1830 1812 mulier

352 1836 570 1900 quaedam
603 1838 745 1885 accita
776 1838 833 1885 ab
865 1839 1078 1904 episcopo
1123 1839 1275 1886 Falchi
1319 1840 1540 1905 Scipionis
1575 1840 1693 1888 Ricci
1728 1858 1831 1889 suc-

352 1929 526 1960 cessore
559 1914 605 1960 in
629 1914 823 1963 dioecesi
848 1915 1105 1979 pistoriensi
1129 1926 1173 1963 et
1195 1917 1388 1981 pratensi
1411 1955 1421 1974 ‚
1444 1927 1577 1981 atque
1599 1917 1826 1966 admonita

351 1988 408 2035 de
439 1989 640 2038 nullitate
673 1992 744 2039 sui
780 1992 1011 2056 coniugii,
1049 2010 1102 2040 eo
1137 1993 1259 2058 quod
1292 1992 1459 2040 nullius
1502 1993 1634 2040 fuerit
1665 1993 1828 2041 valoris

353 2064 628 2130 dispensatio
663 2086 797 2132 quam
822 2070 913 2115 iure
937 2071 1116 2133 proprio
1149 2069 1332 2117 dederat
1366 2069 1685 2134 praedecessor
1717 2087 1830 2117 suus

353 2157 488 2205 super
511 2141 827 2206 impedimento
851 2145 1094 2200 nullitatis,
1119 2146 1220 2210 ipsa
1244 2146 1389 2193 renuit
1412 2163 1680 2211 consensum
1704 2163 1833 2194 reno-

350 2231 471 2264 vare.
495 2217 659 2265 Institit
689 2219 925 2286 episcopus
961 2221 1133 2269 meliori
1167 2239 1257 2286 qua
1285 2222 1428 2287 potuit
1457 2212 1702 2270 rationem
1733 2239 1831 2270 eam

353 2292 580 2342 induceret
603 2294 659 2341 ad
685 2312 950 2345 consensum
976 2299 1306 2356 renovandum;
1341 2308 1411 2346 ast
1441 2316 1692 2364 perperam.
1720 2299 1832 2347 Eam

352 2370 560 2418 exterruit
597 2372 940 2421 comminatione
979 2392 1223 2439 poenarum
1270 2375 1674 2424 ecclesiasticarum
1698 2414 1708 2434 ‚
1749 2375 1830 2423 sed

353 2445 531 2494 frustra.
568 2447 719 2495 Donec
755 2449 951 2513 pontifex
984 2451 1089 2499 Pius
1121 2452 1192 2498 VI.
1225 2451 1282 2500 ad
1305 2469 1439 2518 quem
1462 2453 1708 2518 episcopus
1731 2468 1832 2499 con-

442 2585 509 2627 (32)
529 2587 579 2620 lta
590 2589 721 2622 censent
732 2589 870 2623 Antoine
887 2590 1000 2624 Theol.
1018 2593 1144 2626 moral.
1160 2593 1203 2627 de
1215 2595 1322 2626 malr.
1340 2601 1412 2634 cap.
1427 2596 1456 2625 3.
1473 2601 1507 2633 q.
1524 2596 1555 2625 6.
1567 2600 1652 2633 resp.
1667 2597 1697 2624 2.
1713 2591 1831 2624 collat.

358 2639 483 2680 quaest.
509 2642 562 2674 14.
585 2649 619 2682 p.
642 2644 714 2675 557.
739 2642 895 2676 cuniliati
917 2643 1031 2678 Theol.
1056 2646 1181 2679 moral.
1211 2647 1292 2679 tom.
1319 2648 1360 2680 Π.
1390 2654 1423 2687 p.
1450 2649 1522 2679 272.
1542 2645 1698 2677 Daelmau
1720 2644 1834 2678 Theol.

354 2690 397 2724 de
410 2693 553 2726 matum
563 2695 699 2736 quaest.
725 2695 794 2728 ult.
812 2695 882 2728 obs.
903 2701 953 2730 15.
969 2697 1022 2730 ed.
1038 2698 1072 2730 in
1095 2703 1125 2731 s.
1142 2700 1224 2732 tom.
1246 2701 1304 2732 lx.
1325 2708 1356 2740 p.
1372 2703 1444 2732 388.
1462 2707 1491 2731 s.
1507 2698 1693 2740 Alphonsus
1717 2697 1760 2731 de
1779 2697 1832 2731 Li·

354 2745 447 2785 guoti
470 2747 522 2779 De
543 2748 698 2780 matrim.
724 2756 797 2791 cap.
814 2749 872 2782 111.
890 2749 971 2783 dub.
988 2752 1046 2783 111.
1062 2760 1097 2793 q.
1114 2754 1155 2785 V.
1176 2761 1209 2784 n.
1227 2755 1320 2785 1114.

443 2798 568 2839 (33)1n
581 2800 677 2832 Brevi
702 2809 759 2834 seu
785 2803 923 2835 Deci-eto
936 2803 991 2836 cit.
1007 2805 1086 2836 Etsi
1110 2803 1392 2838 matri-monialis.

442 2851 508 2893 (34)
528 2852 581 2885 lta
605 2855 720 2887 auctor
745 2862 928 2897 anonymus
949 2855 1006 2889 cit.
1025 2855 1188 2891 dissertat.
1202 2865 1276 2898 pag.
1294 2862 1345 2890 50.
