1980 3260
421 255 510 287 cAr.
535 256 564 288 1.
588 256 683 289 cm.
709 256 803 288 ini-:A
827 255 993 288 roa-EST.
1016 255 1180 288 civms.
1204 256 1296 288 Αιιτ.
1328 255 1358 287 1.
1539 239 1628 287 349

261 331 561 381 Nihilominus
606 333 652 380 in
692 332 991 381 conscientiae
1035 333 1128 381 foro
1172 343 1215 380 et
1255 348 1402 380 coram
1445 330 1634 380 ecclesia

167 409 386 457 eiusmodi
422 410 629 473 coniugia
662 420 757 457 rata
779 427 832 457 ac
853 409 1004 458 valida
1037 420 1162 466 sunt,
1201 409 1470 475 quandoque
1501 408 1635 457 etiam

164 485 309 543 licita;
332 485 439 550 quia
455 485 660 550 quamvis
680 484 870 533 ecclesia
893 485 1112 550 improbet
1134 484 1480 533 inobedientiam
1503 484 1635 533 iustis

163 561 337 625 legibus
355 599 365 618 ,
404 571 539 625 atque
561 578 638 609 eos
661 561 866 618 damnet,
895 562 973 627 qui
997 561 1195 609 debitum
1221 561 1486 626 obsequium
1509 560 1636 608 exhi-

164 638 270 685 bere
302 636 548 683 detrectant
581 636 805 700 legitimae
839 638 1114 695 auctoritati;
1149 647 1295 686 tamen
1328 638 1375 684 in
1410 636 1636 685 nonnullis

164 730 310 760 rerum
333 712 557 760 adiunctis
572 751 582 769 ,
613 725 656 760 et
678 714 940 762 iustissimis
964 716 1114 763 causis
1149 715 1322 778 cogitur
1343 732 1396 762 ea
1419 713 1632 771 tolerare,

163 806 245 836 nec
262 787 408 836 solum
425 789 490 835 uti
508 789 673 847 valida,
698 790 778 837 sed
802 791 936 838 etiam
954 792 1018 838 uti
1038 791 1159 839 licita
1176 791 1357 838 habere.
1372 791 1544 838 Exinde
1567 790 1632 848 fit,

98 899 107 910 .
162 875 212 913 ut
235 864 458 911 interdum
482 863 618 911 iidem
643 865 855 929 coniuges
879 866 1074 930 legitime
1096 866 1304 931 liciteque
1327 866 1522 931 copulati
1546 866 1639 915 sint

163 942 209 988 in
232 940 346 988 facie
369 939 606 998 ecclesiae,
634 950 678 988 et
700 950 847 988 tamen
878 959 967 989 non
1002 959 1133 989 secus
1167 958 1220 989 ac
1254 941 1480 990 fornicarii
1504 951 1639 1007 atque

163 1016 401 1065 adulterini
435 1033 584 1065 coram
617 1016 716 1081 lege
748 1017 867 1065 civili
902 1028 1172 1082 spectentur.
1201 1017 1364 1066 Contra
1396 1034 1502 1066 vero
1534 1034 1640 1066 con-

164 1094 294 1158 tingit
336 1093 607 1159 quandoque
644 1094 800 1159 (quod
845 1104 993 1142 tamen
1028 1095 1075 1141 in
1110 1104 1228 1142 statu
1260 1112 1364 1143 vere
1397 1094 1640 1144 christiano

164 1170 419 1234 contingere
453 1187 697 1235 numquam
731 1170 963 1233 deberet),
1001 1181 1050 1219 ut
1089 1171 1274 1235 legitimi
1310 1171 1357 1217 in
1391 1170 1512 1219 civili
1546 1171 1641 1220 foro

165 1248 377 1311 coniuges
402 1256 658 1312 spectentur
673 1285 683 1305 ,
705 1247 783 1312 qui
801 1258 1029 1313 tamquam
1054 1247 1360 1296 concubinarii
1378 1247 1434 1295 ab
1451 1247 1643 1296 ecclesia

166 1324 427 1371 reiiciuntur
443 1361 453 1380 ,
477 1341 576 1371 cum
596 1324 818 1389 quaedam
842 1341 1000 1389 nempe
1022 1324 1143 1388 leges
1168 1324 1367 1372 feruntur
1395 1324 1642 1372 contrariae

166 1400 384 1448 ecclesiae
412 1399 658 1448 canonibus
677 1438 687 1458 ,
725 1400 890 1466 quibus
924 1400 1144 1449 eiusmodi
1178 1401 1359 1465 nuptiae
1393 1400 1636 1448 irritantur.

262 1476 467 1524 Ceterum
502 1476 734 1540 coniugale
760 1476 987 1525 vinculum
1018 1477 1064 1523 in
1098 1477 1382 1525 matrimonio
1416 1477 1535 1542 quod
1571 1493 1644 1525 ec-

167 1552 306 1600 clesia
339 1551 556 1618 approbat
578 1552 645 1600 uti
667 1552 893 1610 validum,
923 1553 1099 1600 firmum
1133 1563 1306 1610 manet,
1344 1570 1433 1601 non
1467 1552 1644 1600 obstan-

167 1629 289 1677 tibus
326 1629 562 1694 quibusvis
591 1628 704 1692 legis
733 1629 877 1677 civilis
905 1629 1321 1687 constitutionibus,
1351 1630 1458 1695 quia
1475 1668 1485 1687 ‚
1514 1639 1645 1695 prout

170 1706 460 1772 exposuimus
478 1744 488 1763 ,
517 1723 595 1754 eae
618 1707 835 1769 attingere
858 1707 980 1755 nullo
1003 1706 1135 1755 modo
1158 1716 1347 1771 possunt
1371 1717 1645 1755 contractum

171 1782 562 1840 sacramentalem,
603 1783 680 1848 qui
715 1783 872 1830 harum
906 1783 1052 1847 legum
1086 1783 1308 1831 obiectum
1334 1801 1436 1831 esse
1469 1783 1638 1848 nequit.

265 1858 409 1924 Atque
442 1859 553 1906 haec
587 1869 656 1906 est
686 1859 910 1917 doctrina,
938 1877 1074 1924 quam
1108 1877 1263 1907 omnes
1300 1870 1416 1907 recte
1449 1859 1644 1906 sentien-

171 1947 237 1984 tes
274 1935 481 1984 catholici
516 1936 710 2000 theologi
748 1936 954 1993 tradunt,
999 1947 1132 2001 atque
1172 1954 1225 1983 ex
1259 1936 1461 2000 professo
1493 1934 1645 1983 defen-

169 2013 283 2060 dunt
315 2022 597 2078 tuenturque.
637 2013 774 2061 Nobis
810 2014 922 2061 satis
952 2013 1011 2061 sit
1039 2012 1297 2078 speciminis
1332 2013 1474 2076 gratia
1505 2029 1644 2060 unum

170 2089 412 2137 alterumve
450 2107 810 2138 commemorare.
853 2091 903 2136 Id
939 2090 1089 2155 itaque
1128 2089 1318 2137 adstruit
1351 2088 1645 2136 Bellarminus

170 2166 441 2230 impugnans
476 2165 724 2213 haereticos
759 2166 899 2213 seculi
932 2167 1025 2212 XVI
1059 2167 1144 2228 (4);
1177 2165 1280 2213 item
1310 2165 1503 2213 Basilius
1531 2166 1646 2213 Pon-

170 2243 259 2290 tius
282 2244 367 2305 (5),
390 2242 512 2289 card.
537 2242 650 2289 Gotti
674 2244 758 2304 (6),
782 2242 951 2307 aliique
975 2243 1146 2307 passim
1170 2259 1283 2307 quos
1306 2251 1506 2290 recenset
1530 2241 1645 2289 Gon-

171 2318 292 2366 zalez
315 2320 399 2381 (7).
421 2319 578 2366 Verum
609 2335 697 2366 non
727 2328 794 2366 est
827 2319 947 2383 quod
982 2319 1134 2383 plures
1170 2319 1265 2366 sive
1299 2317 1526 2381 theologos
1550 2317 1645 2365 sive

171 2394 282 2442 iuris
316 2395 482 2459 peritos
512 2394 779 2452 afferamus,
808 2412 946 2460 quum
971 2394 1099 2442 nobis
1124 2405 1301 2460 praesto
1325 2395 1385 2443 sit
1408 2393 1644 2442 auctoritas

171 2471 333 2518 summi
368 2470 593 2536 pontificis
619 2471 684 2517 Pii
710 2471 807 2529 IX„
835 2471 913 2536 qui
940 2471 1141 2536 apprime
1166 2488 1402 2520 secernens
1427 2488 1502 2527 ea,
1530 2486 1645 2534 quae

266 2659 312 2701 (4)
333 2662 383 2692 De
403 2662 558 2693 matrim.
577 2669 647 2702 cap.
663 2662 794 2693 xxxn.
811 2670 844 2693 n.
867 2666 896 2694 2.
916 2666 945 2694 3.
963 2664 993 2694 4.

267 2713 313 2754 (5)
334 2715 372 2746 In
392 2714 487 2746 tract.
514 2716 562 2746 De
582 2716 737 2746 macrim.
756 2714 813 2746 lib.
831 2716 888 2747 vl.
905 2723 934 2747 c.
951 2719 982 2747 2.

268 2767 314 2807 (6)
335 2766 447 2799 Theol.
462 2767 625 2800 scholast.
641 2767 792 2808 doqmat.
812 2769 891 2801 tom.
906 2770 992 2801 XIV.
1008 2770 1129 2801 Bonon.
1159 2770 1246 2800 17:34.
1274 2767 1323 2797 Dc
1345 2766 1499 2797 matrim.
1516 2765 1577 2796 loc.
1590 2765 1644 2796 cit.

180 2820 392 2860 q.vl1.dub.
413 2826 440 2853 1.
457 2820 488 2862 ς.
505 2826 533 2854 3.
551 2830 584 2854 n.
600 2826 651 2854 22.

273 2873 318 2914 (7)
339 2875 375 2905 In
396 2874 534 2907 secund.
550 2874 713 2907 decretal.
732 2875 781 2907 tit.
798 2879 836 2907 Χ.
854 2884 924 2917 cap.
945 2880 960 2907 3
1000 2878 1040 2907 In
1061 2875 1305 2908 commentario
1320 2881 1351 2903 n.
1373 2875 1419 2904 Μ.
