1980 3260
285 244 376 276 cir.
395 244 452 276 iv.
472 245 523 276 ns
539 243 653 277 ecci.
671 242 810 276 roras.
829 242 978 276 ΒΑΝΑΝ.
995 242 1120 275 iura.
1138 242 1181 274 m
1199 242 1293 275 iun.
1310 242 1403 275 aar.
1419 242 1482 276 111.
1554 225 1646 273 173

173 322 355 387 quidem
390 339 538 369 eoram
574 321 769 387 parocho
792 331 836 368 et
868 319 1084 377 testibus,
1118 320 1157 367 si
1193 320 1278 367 hac
1305 319 1559 368 conditione
1581 336 1649 369 sa-

173 399 293 446 natio
339 399 611 446 conceditur.
651 397 904 462 Requiritur
937 396 1070 444 etiam
1108 396 1363 444 necessario
1405 412 1651 444 consensus

172 475 419 532 renovatio,
442 475 480 522 si
500 474 671 540 primus
696 490 967 530 consensus,
995 472 1238 520 scientibus
1263 472 1644 530 contrahentibus,

172 551 323 599 nullus
349 568 533 616 prorsus
558 561 652 598 erat
684 550 740 598 ob
771 549 1135 615 impedimentum
1161 566 1248 596 non
1273 549 1452 613 quidem
1477 548 1643 605 latens,

174 628 254 675 sed
288 628 472 676 evidens
498 646 507 673 :
536 637 581 674 at
611 627 656 672 in
681 626 767 674 hoc
796 643 904 673 casu
935 626 1176 691 improprie
1200 626 1335 672 immo
1368 625 1490 672 nullo
1519 625 1651 674 modo

173 702 396 751 diceretur
418 702 750 749 matrimonium
774 701 820 746 in
846 701 995 748 radice
1019 701 1194 757 sanari,
1221 711 1270 747 ut
1294 718 1430 765 supra
1454 700 1654 748 animad-

171 779 400 826 vertimus.
430 777 634 824 Ceterum
667 776 847 842 quando
871 794 1117 824 consensus
1142 777 1259 824 bona
1297 777 1384 824 fide
1409 777 1539 825 datus
1565 777 1648 824 fuit

174 865 220 903 at
242 855 434 903 invalide
452 854 510 902 ob
527 854 668 901 latens
689 854 1080 919 impedimentum,
1103 865 1209 902 tunc
1233 855 1405 902 sanatio
1430 856 1476 900 in
1497 855 1647 903 radice

172 930 330 987 efficit,
357 941 407 977 ut
429 929 787 986 matrimonium,
816 946 1038 977 consensu
1068 947 1156 977 non
1188 939 1423 986 renovato,
1451 929 1650 977 validum

172 1006 274 1063 fiat,
297 1016 340 1054 et
363 1006 482 1071 quod
507 1005 563 1053 ad
588 1005 770 1053 effectus
796 1004 1060 1062 nonnullos,
1083 1015 1126 1052 et
1144 1005 1402 1053 nominatim
1431 1005 1487 1051 ad
1513 1004 1650 1068 prolis

171 1082 493 1147 legitimitatem
518 1082 707 1148 pertinet
730 1081 835 1129 inde
866 1081 923 1129 ab
959 1082 1086 1130 initio
1113 1081 1313 1130 validum
1337 1091 1380 1129 et
1403 1081 1648 1145 legitimum

172 1157 315 1208 fuisse
348 1169 596 1207 censeatur.

270 1235 429 1283 Verum
452 1234 528 1283 hic
551 1234 689 1283 altera
711 1235 914 1300 quaestio
947 1235 1003 1282 ab
1027 1234 1284 1283 auctoribus
1309 1234 1519 1298 agitatur,
1543 1251 1649 1282 num

178 1311 349 1359 scilicet
382 1329 565 1360 necesse
604 1312 664 1360 sit
698 1312 754 1359 ad
788 1312 873 1360 hoc
915 1322 963 1359 ut
995 1311 1140 1360 valeat
1174 1312 1345 1360 sanatio
1381 1311 1428 1357 in
1469 1310 1643 1368 radice,

172 1398 222 1435 ut
256 1388 378 1453 prior
409 1406 658 1437 consensus
691 1389 914 1436 moraliter
939 1399 1207 1454 perseveret.
1247 1390 1342 1436 Non
1378 1388 1542 1435 desunt
1573 1388 1651 1452 qui

173 1465 393 1513 eiusmodi
428 1466 738 1513 necessitatem
773 1465 1008 1513 adstruant
1049 1467 1165 1528 (30).
1216 1464 1419 1512 Attamen
1455 1481 1543 1512 non
1584 1464 1653 1512 vi-

174 1541 303 1589 detur
330 1559 413 1606 per
445 1559 488 1589 se
523 1542 634 1589 haec
658 1542 902 1590 necessitas
937 1541 1138 1589 absolute
1173 1541 1367 1606 requiri,
1396 1558 1498 1589 cum
1524 1540 1652 1588 sufii-

175 1617 264 1665 ciat
288 1618 410 1682 prior
442 1635 687 1666 consensus
711 1619 757 1665 in
783 1629 883 1666 actu
906 1617 1174 1665 matrimonii
1198 1617 1372 1666 elicitus
1396 1656 1406 1674 ,
1434 1617 1562 1664 cuius
1582 1633 1654 1664 re·-

174 1693 274 1759 ipsa
309 1711 388 1758 per
422 1694 800 1759 dispensationem
828 1694 964 1743 veluti
990 1693 1116 1742 radix
1147 1704 1345 1741 sanatur.
1378 1694 1479 1740 Dixi
1498 1710 1580 1757 per
1607 1710 1651 1740 ss

173 1780 215 1818 et
247 1770 437 1817 absolute
458 1789 470 1825 ;
499 1787 602 1817 nam
627 1770 666 1818 si
691 1770 737 1816 in
762 1770 977 1818 clausulis
1004 1771 1355 1835 dispensationis
1380 1770 1580 1833 exigatur
1602 1779 1651 1817 ut

173 1857 343 1895 constet
376 1846 432 1894 de
466 1846 796 1911 perseverantia
828 1846 1029 1894 eiusdem
1070 1863 1344 1903 consensus,
1385 1863 1438 1894 ea
1471 1845 1651 1893 omnino

174 1923 441 1988 requirenda
464 1933 546 1970 est.
586 1923 700 1970 Sane
730 1923 846 1970 hanc
869 1922 1013 1986 exegit
1036 1922 1158 1970 card.
1188 1922 1383 1988 Caprara
1415 1923 1461 1969 in
1486 1921 1651 1968 instru-

174 1999 320 2047 ctione
355 2017 490 2064 quam
532 1999 696 2046 adiecit
740 1998 1023 2046 facultatibus
1067 2016 1181 2063 quas
1230 1997 1453 2064 episcopis
1489 1996 1652 2044 Gallia-

176 2094 272 2124 rum
308 2077 651 2124 communicavit
685 2077 802 2139 (31).
841 2076 886 2122 Si
912 2075 1131 2123 eiusmodi
1161 2075 1362 2123 clausula
1397 2090 1485 2122 non
1519 2090 1655 2139 appo-

264 2178 331 2219 (30)
352 2177 446 2210 Tales
471 2179 549 2210 sunt
576 2178 769 2211 recentiores
798 2178 1002 2220 potissimum
1026 2179 1175 2211 auctores
1197 2186 1280 2219 quos
1309 2178 1452 2210 recenset
1466 2177 1579 2209 auctor
1598 2176 1654 2208 cit.

176 2229 413 2263 dissertationis
426 2238 499 2271 pag.
521 2234 574 2263 50.
591 2239 708 2271 nempe
721 2230 861 2263 Bouvier
884 2231 978 2263 tract.
995 2232 1045 2263 De
1058 2232 1164 2263 matr.
1181 2230 1234 2263 ed.
1252 2234 1340 2263 1830.
1360 2237 1432 2271 pag.
1448 2233 1520 2262 282.
1541 2227 1654 2261 Theol.

180 2282 339 2316 tolosana
352 2285 447 2315 tract.
469 2284 518 2315 De
531 2284 637 2315 matr.
657 2292 730 2325 pag.
748 2286 820 2316 648.
845 2284 926 2316 Item
951 2284 1037 2316 auct.
1064 2293 1118 2325 op.
1138 2283 1283 2316 Manuel
1302 2282 1386 2315 d'un
1399 2282 1509 2323 Jeune
1527 2281 1656 2323 preire.

178 2336 382 2377 Montpellier
406 2340 496 2368 1828.
520 2335 638 2368 Rituel
669 2335 712 2368 de
732 2335 851 2378 Belley
874 2337 954 2368 tom.
974 2337 1000 2368 1.
1019 2345 1052 2378 p.
1071 2338 1122 2370 47.
1152 2335 1270 2369 Ricuel
1295 2335 1337 2368 de
1359 2334 1548 2368 Bou-denua:
1566 2338 1656 2367 1829.

178 2397 251 2430 pag.
269 2391 340 2421 207.
358 2389 472 2420 Letcre
489 2387 678 2420 circulaire
701 2387 744 2420 de
773 2387 923 2430 l'eveque
942 2388 986 2421 de
1004 2390 1115 2430 Dique
1136 2397 1209 2430 pag.
1230 2392 1279 2421 19.

268 2441 334 2481 (31)
355 2443 436 2474 Nam
460 2449 493 2473 n.
515 2445 563 2473 13.
582 2441 629 2473 ita
645 2441 812 2482 loquitur:
830 2454 847 2470 n
860 2441 1054 2474 ordinarius
1079 2441 1127 2474 uti
1142 2442 1261 2483 poterit
1285 2441 1439 2474 facultate
1461 2439 1656 2482 apostoliea,

177 2493 371 2527 auctoritate
390 2493 524 2526 inferius
543 2493 787 2536 demandanda,
807 2494 1014 2536 dispensandi
1034 2494 1158 2528 scilicet
1180 2495 1213 2527 in
1231 2494 1339 2528 radice
1360 2493 1575 2534 matrimonii,
1599 2501 1656 2525 seu

177 2547 422 2579 matrimonium
443 2547 476 2579 in
498 2546 606 2580 radice
628 2547 783 2588 sanandi,
808 2549 992 2590 postquam
1014 2550 1129 2581 tamen
1144 2557 1200 2590 per
1225 2548 1376 2580 indubias
1390 2548 1504 2581 saltem
1518 2547 1658 2578 duorum

175 2600 308 2633 testium
332 2599 572 2641 depositiones,
594 2602 652 2633 aut
676 2610 733 2642 per
759 2601 923 2634 renuentis
946 2602 1168 2635 testimonium
1191 2602 1224 2634 in
1248 2602 1375 2642 scriptis
1391 2601 1557 2633 exaratum
1571 2624 1581 2640 ,
1604 2600 1661 2632 aut

178 2661 235 2694 per
260 2652 406 2686 eiusdem
436 2654 646 2686 assertionem
668 2654 765 2686 etiam
794 2656 943 2687 oretenus
968 2655 1086 2688 factam
1112 2655 1161 2688 ini
1186 2655 1369 2695 ordinario,
1393 2654 1462 2686 sive
1489 2653 1582 2685 alteri
1609 2661 1658 2685 ec-

178 2705 376 2739 clesiasticae
406 2714 562 2748 personae
587 2707 628 2739 ab
651 2716 689 2740 eo
711 2707 894 2749 specialiter
909 2708 1082 2750 deputatae
1106 2709 1138 2741 et
1158 2709 1193 2740 in
1218 2708 1347 2748 scriptis
1362 2705 1567 2747 redigendam
1582 2713 1658 2737 con-

175 2757 295 2791 stiterit
321 2767 387 2790 non
416 2758 523 2791 solum
550 2762 735 2792 renuentem
759 2760 793 2791 in
814 2769 972 2793 consensu
993 2760 1034 2793 de
1059 2761 1218 2802 praesenti
1244 2767 1451 2800 permanere,
1477 2758 1535 2790 sed
1558 2758 1657 2791 etiam

181 2811 369 2844 huiusmodi
394 2813 595 2846 renuentiam
622 2812 663 2846 ab
688 2814 867 2846 extrinseca
891 2822 989 2847 causa
1001 2814 1048 2847 ita
1071 2822 1219 2853 manare,
1243 2814 1280 2845 ut
1293 2812 1376 2844 nihil
1398 2820 1551 2853 umquam
1565 2820 1605 2844 ex
1620 2820 1658 2845 ea

180 2862 296 2896 deduci
323 2866 380 2898 aut
401 2866 564 2907 praesumi
589 2867 691 2908 possit
721 2867 835 2900 contra
862 2867 964 2908 ipsius
990 2868 1127 2902 actualis
1155 2874 1330 2900 consensus
1353 2865 1617 2906 permanentiam.
1631 2877 1647 2895 »
