<?xml version="1.0" encoding="UTF-8"?>
<!DOCTYPE html PUBLIC "-//W3C//DTD XHTML 1.0 Transitional//EN"
    "http://www.w3.org/TR/xhtml1/DTD/xhtml1-transitional.dtd">
<html xmlns="http://www.w3.org/1999/xhtml" xml:lang="en" lang="en">
 <head>
  <title>
</title>
<meta http-equiv="Content-Type" content="text/html;charset=utf-8" />
  <meta name='ocr-system' content='tesseract 3.04.00' />
  <meta name='ocr-capabilities' content='ocr_page ocr_carea ocr_par ocr_line ocrx_word'/>
</head>
<body>
  <div class='ocr_page' id='page_1' title='image "a603380702perruoft_0453.png"; bbox 0 0 1980 3260; ppageno 0'>
   <div class='ocr_carea' id='block_1_1' title="bbox 229 244 1637 304">
    <p class='ocr_par' dir='ltr' id='par_1_1' title="bbox 229 244 1637 304">
     <span class='ocr_line' id='line_1_1' title="bbox 229 244 1637 304; baseline 0 -15"><span class='ocrx_word' id='word_1_1' title='bbox 229 253 321 289; x_wconf 73' lang='lat' dir='ltr'>mr.</span> <span class='ocrx_word' id='word_1_2' title='bbox 340 256 402 290; x_wconf 90' lang='grc' dir='ltr'><strong>ιιι.</strong></span> <span class='ocrx_word' id='word_1_3' title='bbox 418 258 470 304; x_wconf 69' lang='lat' dir='ltr'>ns</span> <span class='ocrx_word' id='word_1_4' title='bbox 488 257 904 292; x_wconf 74' lang='lat' dir='ltr'>civ.1³orrsr.rnmc.</span> <span class='ocrx_word' id='word_1_5' title='bbox 923 259 1010 293; x_wconf 77' lang='lat' dir='ltr'>mr.</span> <span class='ocrx_word' id='word_1_6' title='bbox 1027 256 1120 292; x_wconf 69' lang='grc' dir='ltr'><strong>ιιει..</strong></span> <span class='ocrx_word' id='word_1_7' title='bbox 1140 260 1192 292; x_wconf 69' lang='lat' dir='ltr'>An</span> <span class='ocrx_word' id='word_1_8' title='bbox 1211 260 1336 293; x_wconf 71' lang='lat' dir='ltr'>uun.</span> <span class='ocrx_word' id='word_1_9' title='bbox 1353 260 1446 292; x_wconf 68' lang='lat' dir='ltr'>Amr.</span> <span class='ocrx_word' id='word_1_10' title='bbox 1462 260 1491 292; x_wconf 90' lang='lat'>1.</span> <span class='ocrx_word' id='word_1_11' title='bbox 1550 244 1637 290; x_wconf 75' lang='lat'>449</span> 
     </span>
    </p>
   </div>
   <div class='ocr_carea' id='block_1_2' title="bbox 150 336 1642 2765">
    <p class='ocr_par' dir='ltr' id='par_1_2' title="bbox 167 336 1638 478">
     <span class='ocr_line' id='line_1_2' title="bbox 167 336 1638 403; baseline 0.001 -20"><span class='ocrx_word' id='word_1_12' title='bbox 167 346 236 384; x_wconf 88' lang='lat' dir='ltr'>est</span> <span class='ocrx_word' id='word_1_13' title='bbox 269 336 493 402; x_wconf 85' lang='lat' dir='ltr'>principes</span> <span class='ocrx_word' id='word_1_14' title='bbox 527 336 730 386; x_wconf 83' lang='lat' dir='ltr'>infideles</span> <span class='ocrx_word' id='word_1_15' title='bbox 765 355 909 403; x_wconf 91' lang='lat' dir='ltr'>neque</span> <span class='ocrx_word' id='word_1_16' title='bbox 942 337 1061 402; x_wconf 83' lang='lat' dir='ltr'>leges</span> <span class='ocrx_word' id='word_1_17' title='bbox 1097 339 1300 386; x_wconf 81' lang='lat' dir='ltr'>sanxisse</span> <span class='ocrx_word' id='word_1_18' title='bbox 1329 338 1385 386; x_wconf 88' lang='lat' dir='ltr'>ad</span> <span class='ocrx_word' id='word_1_19' title='bbox 1409 336 1638 386; x_wconf 85' lang='lat' dir='ltr'>vinculum</span> 
     </span>
     <span class='ocr_line' id='line_1_3' title="bbox 167 411 1186 478; baseline 0.003 -20"><span class='ocrx_word' id='word_1_20' title='bbox 167 411 458 470; x_wconf 87' lang='lat' dir='ltr'>irritandum,</span> <span class='ocrx_word' id='word_1_21' title='bbox 497 430 643 478; x_wconf 89' lang='lat' dir='ltr'>neque</span> <span class='ocrx_word' id='word_1_22' title='bbox 677 412 723 459; x_wconf 92' lang='lat' dir='ltr'>id</span> <span class='ocrx_word' id='word_1_23' title='bbox 757 412 934 461; x_wconf 81' lang='lat' dir='ltr'>efficere</span> <span class='ocrx_word' id='word_1_24' title='bbox 968 413 1186 477; x_wconf 87' lang='lat' dir='ltr'>potuisse.</span> 
     </span>
    </p>

    <p class='ocr_par' dir='ltr' id='par_1_3' title="bbox 161 487 1642 781">
     <span class='ocr_line' id='line_1_4' title="bbox 259 487 1642 555; baseline 0.001 -21"><span class='ocrx_word' id='word_1_25' title='bbox 259 488 440 545; x_wconf 89' lang='lat' dir='ltr'>Verum,</span> <span class='ocrx_word' id='word_1_26' title='bbox 480 488 518 536; x_wconf 87' lang='lat' dir='ltr'>si</span> <span class='ocrx_word' id='word_1_27' title='bbox 553 487 615 535; x_wconf 91' lang='lat' dir='ltr'>ita</span> <span class='ocrx_word' id='word_1_28' title='bbox 649 499 737 545; x_wconf 90' lang='lat' dir='ltr'>est,</span> <span class='ocrx_word' id='word_1_29' title='bbox 777 488 895 535; x_wconf 90' lang='lat' dir='ltr'>dicet</span> <span class='ocrx_word' id='word_1_30' title='bbox 928 488 1155 553; x_wconf 83' lang='lat' dir='ltr'>quispiam</span> <span class='ocrx_word' id='word_1_31' title='bbox 1179 527 1189 546; x_wconf 95' lang='lat'>,</span> <span class='ocrx_word' id='word_1_32' title='bbox 1227 507 1316 555; x_wconf 92' lang='lat' dir='ltr'>quo</span> <span class='ocrx_word' id='word_1_33' title='bbox 1339 489 1518 537; x_wconf 87' lang='lat' dir='ltr'>tandem</span> <span class='ocrx_word' id='word_1_34' title='bbox 1546 499 1642 536; x_wconf 80' lang='lat' dir='ltr'>ten-</span> 
     </span>
     <span class='ocr_line' id='line_1_5' title="bbox 164 563 1639 630; baseline 0.001 -19"><span class='ocrx_word' id='word_1_35' title='bbox 164 563 328 612; x_wconf 82' lang='lat' dir='ltr'>debant</span> <span class='ocrx_word' id='word_1_36' title='bbox 362 574 425 612; x_wconf 93' lang='lat' dir='ltr'>tot</span> <span class='ocrx_word' id='word_1_37' title='bbox 458 564 562 612; x_wconf 91' lang='lat' dir='ltr'>illae</span> <span class='ocrx_word' id='word_1_38' title='bbox 594 574 793 612; x_wconf 89' lang='lat' dir='ltr'>veterum</span> <span class='ocrx_word' id='word_1_39' title='bbox 827 564 948 628; x_wconf 80' lang='lat' dir='ltr'>leges</span> <span class='ocrx_word' id='word_1_40' title='bbox 989 565 1153 630; x_wconf 88' lang='lat' dir='ltr'>quibus</span> <span class='ocrx_word' id='word_1_41' title='bbox 1195 566 1478 614; x_wconf 87' lang='lat' dir='ltr'>matrimonia</span> <span class='ocrx_word' id='word_1_42' title='bbox 1516 565 1639 613; x_wconf 90' lang='lat' dir='ltr'>nulla</span> 
     </span>
     <span class='ocr_line' id='line_1_6' title="bbox 163 638 1636 706; baseline 0.002 -21"><span class='ocrx_word' id='word_1_43' title='bbox 163 638 537 687; x_wconf 70' lang='lat' dir='ltr'>declarabantur?</span> <span class='ocrx_word' id='word_1_44' title='bbox 570 639 688 696; x_wconf 86' lang='lat' dir='ltr'>Quid</span> <span class='ocrx_word' id='word_1_45' title='bbox 734 639 809 687; x_wconf 91' lang='lat' dir='ltr'>fiet</span> <span class='ocrx_word' id='word_1_46' title='bbox 846 640 903 687; x_wconf 91' lang='lat' dir='ltr'>de</span> <span class='ocrx_word' id='word_1_47' title='bbox 944 639 1296 706; x_wconf 79' lang='lat' dir='ltr'>iurispruden&#39;tia</span> <span class='ocrx_word' id='word_1_48' title='bbox 1333 659 1545 699; x_wconf 86' lang='lat' dir='ltr'>romana,</span> <span class='ocrx_word' id='word_1_49' title='bbox 1591 641 1636 688; x_wconf 88' lang='lat' dir='ltr'>in</span> 
     </span>
     <span class='ocr_line' id='line_1_7' title="bbox 161 715 1335 781; baseline 0.002 -19"><span class='ocrx_word' id='word_1_50' title='bbox 161 731 252 779; x_wconf 90' lang='lat' dir='ltr'>qua</span> <span class='ocrx_word' id='word_1_51' title='bbox 285 732 374 763; x_wconf 87' lang='lat' dir='ltr'>non</span> <span class='ocrx_word' id='word_1_52' title='bbox 408 716 539 780; x_wconf 90' lang='lat' dir='ltr'>pauci</span> <span class='ocrx_word' id='word_1_53' title='bbox 574 715 689 763; x_wconf 87' lang='lat' dir='ltr'>tituli</span> <span class='ocrx_word' id='word_1_54' title='bbox 724 715 780 762; x_wconf 92' lang='lat' dir='ltr'>de</span> <span class='ocrx_word' id='word_1_55' title='bbox 815 715 983 781; x_wconf 90' lang='lat' dir='ltr'>nuptiis</span> <span class='ocrx_word' id='word_1_56' title='bbox 1018 715 1335 781; x_wconf 73' lang='lat' dir='ltr'>reperiuntur?</span> 
     </span>
    </p>

    <p class='ocr_par' dir='ltr' id='par_1_4' title="bbox 151 790 1642 2232">
     <span class='ocr_line' id='line_1_8' title="bbox 257 790 1641 855; baseline 0.003 -17"><span class='ocrx_word' id='word_1_57' title='bbox 257 791 322 839; x_wconf 91' lang='lat' dir='ltr'>Eo</span> <span class='ocrx_word' id='word_1_58' title='bbox 339 791 471 838; x_wconf 91' lang='lat' dir='ltr'>unice</span> <span class='ocrx_word' id='word_1_59' title='bbox 494 790 760 848; x_wconf 88' lang='lat' dir='ltr'>tendebant,</span> <span class='ocrx_word' id='word_1_60' title='bbox 788 802 837 838; x_wconf 90' lang='lat' dir='ltr'>ut</span> <span class='ocrx_word' id='word_1_61' title='bbox 859 809 1007 839; x_wconf 90' lang='lat' dir='ltr'>coram</span> <span class='ocrx_word' id='word_1_62' title='bbox 1033 791 1130 855; x_wconf 81' lang='lat' dir='ltr'>lege</span> <span class='ocrx_word' id='word_1_63' title='bbox 1146 793 1415 841; x_wconf 82' lang='lat' dir='ltr'>haberentur</span> <span class='ocrx_word' id='word_1_64' title='bbox 1436 794 1500 841; x_wconf 89' lang='lat' dir='ltr'>uti</span> <span class='ocrx_word' id='word_1_65' title='bbox 1519 793 1641 842; x_wconf 87' lang='lat' dir='ltr'>nulla</span> 
     </span>
     <span class='ocr_line' id='line_1_9' title="bbox 161 865 1642 933; baseline 0.002 -19"><span class='ocrx_word' id='word_1_66' title='bbox 161 876 206 914; x_wconf 88' lang='lat' dir='ltr'>et</span> <span class='ocrx_word' id='word_1_67' title='bbox 223 865 455 930; x_wconf 80' lang='lat' dir='ltr'>illegitima</span> <span class='ocrx_word' id='word_1_68' title='bbox 472 866 697 930; x_wconf 80' lang='lat' dir='ltr'>coniugia,</span> <span class='ocrx_word' id='word_1_69' title='bbox 720 867 906 931; x_wconf 85' lang='lat' dir='ltr'>perinde</span> <span class='ocrx_word' id='word_1_70' title='bbox 924 884 977 914; x_wconf 93' lang='lat' dir='ltr'>ac</span> <span class='ocrx_word' id='word_1_71' title='bbox 995 867 1034 915; x_wconf 89' lang='lat' dir='ltr'>si</span> <span class='ocrx_word' id='word_1_72' title='bbox 1054 886 1283 933; x_wconf 90' lang='lat' dir='ltr'>nunquam</span> <span class='ocrx_word' id='word_1_73' title='bbox 1309 869 1501 917; x_wconf 88' lang='lat' dir='ltr'>fuissent</span> <span class='ocrx_word' id='word_1_74' title='bbox 1527 870 1642 917; x_wconf 91' lang='lat' dir='ltr'>cele-</span> 
     </span>
     <span class='ocr_line' id='line_1_10' title="bbox 161 942 1639 1007; baseline 0.003 -18"><span class='ocrx_word' id='word_1_75' title='bbox 161 942 307 990; x_wconf 81' lang='lat' dir='ltr'>brata.</span> <span class='ocrx_word' id='word_1_76' title='bbox 340 942 406 990; x_wconf 89' lang='lat' dir='ltr'>Ita</span> <span class='ocrx_word' id='word_1_77' title='bbox 446 942 757 990; x_wconf 87' lang='lat' dir='ltr'>contrahentes</span> <span class='ocrx_word' id='word_1_78' title='bbox 798 942 1120 1007; x_wconf 85' lang='lat' dir='ltr'>puniebantur,</span> <span class='ocrx_word' id='word_1_79' title='bbox 1160 944 1391 993; x_wconf 83' lang='lat' dir='ltr'>effectibus</span> <span class='ocrx_word' id='word_1_80' title='bbox 1431 945 1639 994; x_wconf 84' lang='lat' dir='ltr'>civilibus</span> 
     </span>
     <span class='ocr_line' id='line_1_11' title="bbox 162 1017 1640 1083; baseline 0.002 -17"><span class='ocrx_word' id='word_1_81' title='bbox 162 1017 542 1075; x_wconf 86' lang='lat' dir='ltr'>destituebantur,</span> <span class='ocrx_word' id='word_1_82' title='bbox 585 1018 734 1083; x_wconf 90' lang='lat' dir='ltr'>proles</span> <span class='ocrx_word' id='word_1_83' title='bbox 769 1029 818 1065; x_wconf 92' lang='lat' dir='ltr'>ut</span> <span class='ocrx_word' id='word_1_84' title='bbox 852 1018 1087 1082; x_wconf 80' lang='lat' dir='ltr'>illegitima</span> <span class='ocrx_word' id='word_1_85' title='bbox 1118 1019 1388 1078; x_wconf 84' lang='lat' dir='ltr'>habebatur,</span> <span class='ocrx_word' id='word_1_86' title='bbox 1423 1021 1519 1069; x_wconf 88' lang='lat' dir='ltr'>iure</span> <span class='ocrx_word' id='word_1_87' title='bbox 1552 1039 1640 1069; x_wconf 92' lang='lat' dir='ltr'>non</span> 
     </span>
     <span class='ocr_line' id='line_1_12' title="bbox 164 1094 1639 1160; baseline 0.001 -17"><span class='ocrx_word' id='word_1_88' title='bbox 164 1094 392 1143; x_wconf 80' lang='lat' dir='ltr'>fruebatur</span> <span class='ocrx_word' id='word_1_89' title='bbox 426 1094 716 1143; x_wconf 89' lang='lat' dir='ltr'>haereditatis</span> <span class='ocrx_word' id='word_1_90' title='bbox 738 1133 748 1152; x_wconf 89' lang='lat'>‚</span> <span class='ocrx_word' id='word_1_91' title='bbox 785 1094 977 1160; x_wconf 87' lang='lat' dir='ltr'>aliisque</span> <span class='ocrx_word' id='word_1_92' title='bbox 1007 1095 1265 1159; x_wconf 74' lang='lat' dir='ltr'>privabatur</span> <span class='ocrx_word' id='word_1_93' title='bbox 1285 1096 1432 1145; x_wconf 89' lang='lat' dir='ltr'>bonis.</span> <span class='ocrx_word' id='word_1_94' title='bbox 1461 1096 1639 1145; x_wconf 87' lang='lat' dir='ltr'>Scilicet</span> 
     </span>
     <span class='ocr_line' id='line_1_13' title="bbox 161 1170 1637 1237; baseline 0.001 -17"><span class='ocrx_word' id='word_1_95' title='bbox 161 1172 418 1221; x_wconf 84' lang='lat' dir='ltr'>afficiebant</span> <span class='ocrx_word' id='word_1_96' title='bbox 435 1170 659 1237; x_wconf 88' lang='lat' dir='ltr'>principes</span> <span class='ocrx_word' id='word_1_97' title='bbox 683 1170 859 1236; x_wconf 80' lang='lat' dir='ltr'>legibus</span> <span class='ocrx_word' id='word_1_98' title='bbox 876 1171 973 1219; x_wconf 87' lang='lat' dir='ltr'>suis</span> <span class='ocrx_word' id='word_1_99' title='bbox 993 1172 1248 1236; x_wconf 82' lang='lat' dir='ltr'>coniugium</span> <span class='ocrx_word' id='word_1_100' title='bbox 1268 1191 1387 1221; x_wconf 92' lang='lat' dir='ltr'>mere</span> <span class='ocrx_word' id='word_1_101' title='bbox 1404 1173 1551 1231; x_wconf 84' lang='lat' dir='ltr'>civile,</span> <span class='ocrx_word' id='word_1_102' title='bbox 1573 1174 1637 1222; x_wconf 88' lang='lat' dir='ltr'>uti</span> 
     </span>
     <span class='ocr_line' id='line_1_14' title="bbox 161 1248 1639 1315; baseline 0 -17"><span class='ocrx_word' id='word_1_103' title='bbox 161 1267 281 1298; x_wconf 89' lang='lat' dir='ltr'>nunc</span> <span class='ocrx_word' id='word_1_104' title='bbox 299 1249 411 1298; x_wconf 88' lang='lat' dir='ltr'>solet</span> <span class='ocrx_word' id='word_1_105' title='bbox 427 1249 690 1315; x_wconf 91' lang='lat' dir='ltr'>nuncupari,</span> <span class='ocrx_word' id='word_1_106' title='bbox 713 1248 859 1313; x_wconf 90' lang='lat' dir='ltr'>quoad</span> <span class='ocrx_word' id='word_1_107' title='bbox 879 1266 985 1296; x_wconf 91' lang='lat' dir='ltr'>suos</span> <span class='ocrx_word' id='word_1_108' title='bbox 1003 1259 1205 1298; x_wconf 86' lang='lat' dir='ltr'>externos</span> <span class='ocrx_word' id='word_1_109' title='bbox 1225 1249 1432 1308; x_wconf 82' lang='lat' dir='ltr'>effectus;</span> <span class='ocrx_word' id='word_1_110' title='bbox 1454 1261 1500 1298; x_wconf 90' lang='lat' dir='ltr'>at</span> <span class='ocrx_word' id='word_1_111' title='bbox 1517 1251 1639 1299; x_wconf 89' lang='lat' dir='ltr'>nulla</span> 
     </span>
     <span class='ocr_line' id='line_1_15' title="bbox 160 1324 1639 1389; baseline 0.002 -17"><span class='ocrx_word' id='word_1_112' title='bbox 160 1324 333 1374; x_wconf 88' lang='lat' dir='ltr'>ratione</span> <span class='ocrx_word' id='word_1_113' title='bbox 363 1325 592 1373; x_wconf 86' lang='lat' dir='ltr'>vinculum</span> <span class='ocrx_word' id='word_1_114' title='bbox 617 1324 766 1389; x_wconf 91' lang='lat' dir='ltr'>ipsum</span> <span class='ocrx_word' id='word_1_115' title='bbox 792 1324 1088 1389; x_wconf 83' lang='lat' dir='ltr'>attingebant,</span> <span class='ocrx_word' id='word_1_116' title='bbox 1110 1325 1172 1372; x_wconf 89' lang='lat' dir='ltr'>ita</span> <span class='ocrx_word' id='word_1_117' title='bbox 1194 1337 1243 1374; x_wconf 89' lang='lat' dir='ltr'>ut</span> <span class='ocrx_word' id='word_1_118' title='bbox 1266 1326 1313 1373; x_wconf 92' lang='lat' dir='ltr'>in</span> <span class='ocrx_word' id='word_1_119' title='bbox 1336 1345 1386 1375; x_wconf 90' lang='lat' dir='ltr'>se</span> <span class='ocrx_word' id='word_1_120' title='bbox 1411 1327 1639 1376; x_wconf 86' lang='lat' dir='ltr'>matrimo-</span> 
     </span>
     <span class='ocr_line' id='line_1_16' title="bbox 161 1400 1639 1458; baseline 0.001 -8"><span class='ocrx_word' id='word_1_121' title='bbox 161 1402 286 1450; x_wconf 90' lang='lat' dir='ltr'>nium</span> <span class='ocrx_word' id='word_1_122' title='bbox 328 1402 424 1450; x_wconf 86' lang='lat' dir='ltr'>sive</span> <span class='ocrx_word' id='word_1_123' title='bbox 456 1401 654 1449; x_wconf 85' lang='lat' dir='ltr'>validum</span> <span class='ocrx_word' id='word_1_124' title='bbox 692 1400 957 1458; x_wconf 86' lang='lat' dir='ltr'>redderent,</span> <span class='ocrx_word' id='word_1_125' title='bbox 999 1401 1094 1448; x_wconf 89' lang='lat' dir='ltr'>sive</span> <span class='ocrx_word' id='word_1_126' title='bbox 1135 1401 1398 1450; x_wconf 89' lang='lat' dir='ltr'>invalidum.</span> <span class='ocrx_word' id='word_1_127' title='bbox 1434 1403 1503 1451; x_wconf 89' lang='lat' dir='ltr'>Ad</span> <span class='ocrx_word' id='word_1_128' title='bbox 1537 1421 1639 1452; x_wconf 90' lang='lat' dir='ltr'>eum</span> 
     </span>
     <span class='ocr_line' id='line_1_17' title="bbox 161 1477 1637 1544; baseline 0.001 -18"><span class='ocrx_word' id='word_1_129' title='bbox 161 1496 324 1544; x_wconf 90' lang='lat' dir='ltr'>nempe</span> <span class='ocrx_word' id='word_1_130' title='bbox 341 1478 546 1536; x_wconf 90' lang='lat' dir='ltr'>modum,</span> <span class='ocrx_word' id='word_1_131' title='bbox 568 1496 657 1543; x_wconf 89' lang='lat' dir='ltr'>quo</span> <span class='ocrx_word' id='word_1_132' title='bbox 674 1495 794 1525; x_wconf 91' lang='lat' dir='ltr'>nunc</span> <span class='ocrx_word' id='word_1_133' title='bbox 819 1477 950 1524; x_wconf 91' lang='lat' dir='ltr'>etiam</span> <span class='ocrx_word' id='word_1_134' title='bbox 971 1477 1016 1524; x_wconf 91' lang='lat' dir='ltr'>in</span> <span class='ocrx_word' id='word_1_135' title='bbox 1036 1477 1260 1525; x_wconf 90' lang='lat' dir='ltr'>nonnullis</span> <span class='ocrx_word' id='word_1_136' title='bbox 1278 1478 1637 1543; x_wconf 84' lang='lat' dir='ltr'>legislationibus</span> 
     </span>
     <span class='ocr_line' id='line_1_18' title="bbox 158 1553 1637 1618; baseline -0.001 -15"><span class='ocrx_word' id='word_1_137' title='bbox 158 1554 505 1604; x_wconf 87' lang='lat' dir='ltr'>christianorum</span> <span class='ocrx_word' id='word_1_138' title='bbox 538 1553 868 1602; x_wconf 87' lang='lat' dir='ltr'>matrimonium</span> <span class='ocrx_word' id='word_1_139' title='bbox 892 1591 902 1611; x_wconf 94' lang='lat'>‚</span> <span class='ocrx_word' id='word_1_140' title='bbox 932 1553 1287 1618; x_wconf 89' lang='lat' dir='ltr'>praescindendo</span> <span class='ocrx_word' id='word_1_141' title='bbox 1316 1553 1372 1601; x_wconf 92' lang='lat' dir='ltr'>ab</span> <span class='ocrx_word' id='word_1_142' title='bbox 1396 1566 1499 1605; x_wconf 79' lang='lat' dir='ltr'>actu</span> <span class='ocrx_word' id='word_1_143' title='bbox 1534 1555 1637 1603; x_wconf 90' lang='lat' dir='ltr'>reli-</span> 
     </span>
     <span class='ocr_line' id='line_1_19' title="bbox 155 1627 1640 1696; baseline 0 -19"><span class='ocrx_word' id='word_1_144' title='bbox 155 1631 310 1696; x_wconf 78' lang='lat' dir='ltr'>gioso,</span> <span class='ocrx_word' id='word_1_145' title='bbox 351 1640 483 1696; x_wconf 87' lang='lat' dir='ltr'>prout</span> <span class='ocrx_word' id='word_1_146' title='bbox 515 1629 780 1695; x_wconf 90' lang='lat' dir='ltr'>loquuntur,</span> <span class='ocrx_word' id='word_1_147' title='bbox 819 1645 966 1676; x_wconf 84' lang='lat' dir='ltr'>coram</span> <span class='ocrx_word' id='word_1_148' title='bbox 1001 1628 1099 1692; x_wconf 81' lang='lat' dir='ltr'>lege</span> <span class='ocrx_word' id='word_1_149' title='bbox 1132 1627 1378 1692; x_wconf 82' lang='lat' dir='ltr'>legitimum</span> <span class='ocrx_word' id='word_1_150' title='bbox 1403 1640 1480 1678; x_wconf 85' lang='lat' dir='ltr'>aut</span> <span class='ocrx_word' id='word_1_151' title='bbox 1501 1629 1640 1695; x_wconf 78' lang='lat' dir='ltr'>illegi-</span> 
     </span>
     <span class='ocr_line' id='line_1_20' title="bbox 159 1704 1636 1770; baseline 0.001 -16"><span class='ocrx_word' id='word_1_152' title='bbox 159 1708 338 1764; x_wconf 86' lang='lat' dir='ltr'>timum,</span> <span class='ocrx_word' id='word_1_153' title='bbox 381 1706 524 1770; x_wconf 76' lang='lat' dir='ltr'>legale</span> <span class='ocrx_word' id='word_1_154' title='bbox 557 1716 633 1753; x_wconf 92' lang='lat' dir='ltr'>aut</span> <span class='ocrx_word' id='word_1_155' title='bbox 672 1704 873 1769; x_wconf 79' lang='lat' dir='ltr'>illegale,</span> <span class='ocrx_word' id='word_1_156' title='bbox 914 1704 1110 1752; x_wconf 86' lang='lat' dir='ltr'>validum</span> <span class='ocrx_word' id='word_1_157' title='bbox 1149 1716 1226 1752; x_wconf 89' lang='lat' dir='ltr'>aut</span> <span class='ocrx_word' id='word_1_158' title='bbox 1263 1706 1507 1754; x_wconf 88' lang='lat' dir='ltr'>invalidum</span> <span class='ocrx_word' id='word_1_159' title='bbox 1548 1707 1636 1756; x_wconf 88' lang='lat' dir='ltr'>dici</span> 
     </span>
     <span class='ocr_line' id='line_1_21' title="bbox 156 1781 1638 1846; baseline 0 -15"><span class='ocrx_word' id='word_1_160' title='bbox 156 1783 284 1832; x_wconf 91' lang='lat' dir='ltr'>solet.</span> <span class='ocrx_word' id='word_1_161' title='bbox 301 1783 462 1830; x_wconf 85' lang='lat' dir='ltr'>Verum</span> <span class='ocrx_word' id='word_1_162' title='bbox 478 1782 564 1830; x_wconf 91' lang='lat' dir='ltr'>hoc</span> <span class='ocrx_word' id='word_1_163' title='bbox 582 1799 670 1830; x_wconf 92' lang='lat' dir='ltr'>non</span> <span class='ocrx_word' id='word_1_164' title='bbox 689 1781 841 1838; x_wconf 82' lang='lat' dir='ltr'>officit,</span> <span class='ocrx_word' id='word_1_165' title='bbox 863 1781 1106 1846; x_wconf 90' lang='lat' dir='ltr'>quominus</span> <span class='ocrx_word' id='word_1_166' title='bbox 1126 1781 1172 1827; x_wconf 91' lang='lat' dir='ltr'>in</span> <span class='ocrx_word' id='word_1_167' title='bbox 1190 1781 1387 1830; x_wconf 88' lang='lat' dir='ltr'>interiori</span> <span class='ocrx_word' id='word_1_168' title='bbox 1411 1783 1638 1831; x_wconf 89' lang='lat' dir='ltr'>conscien-</span> 
     </span>
     <span class='ocr_line' id='line_1_22' title="bbox 156 1857 1636 1924; baseline -0.001 -16"><span class='ocrx_word' id='word_1_169' title='bbox 156 1859 246 1908; x_wconf 87' lang='lat' dir='ltr'>tiae</span> <span class='ocrx_word' id='word_1_170' title='bbox 287 1859 380 1908; x_wconf 85' lang='lat' dir='ltr'>foro</span> <span class='ocrx_word' id='word_1_171' title='bbox 420 1858 602 1924; x_wconf 89' lang='lat' dir='ltr'>aliquod</span> <span class='ocrx_word' id='word_1_172' title='bbox 647 1857 903 1921; x_wconf 82' lang='lat' dir='ltr'>coniugium</span> <span class='ocrx_word' id='word_1_173' title='bbox 926 1895 936 1914; x_wconf 92' lang='lat'>,</span> <span class='ocrx_word' id='word_1_174' title='bbox 982 1857 1102 1922; x_wconf 89' lang='lat' dir='ltr'>quod</span> <span class='ocrx_word' id='word_1_175' title='bbox 1143 1857 1314 1905; x_wconf 90' lang='lat' dir='ltr'>nullum</span> <span class='ocrx_word' id='word_1_176' title='bbox 1350 1876 1431 1907; x_wconf 91' lang='lat' dir='ltr'>seu</span> <span class='ocrx_word' id='word_1_177' title='bbox 1463 1859 1636 1907; x_wconf 87' lang='lat' dir='ltr'>irritum</span> 
     </span>
     <span class='ocr_line' id='line_1_23' title="bbox 151 1933 1637 2002; baseline 0 -19"><span class='ocrx_word' id='word_1_178' title='bbox 151 1945 362 2002; x_wconf 24' lang='lat' dir='ltr'>,respectu</span> <span class='ocrx_word' id='word_1_179' title='bbox 396 1934 508 1999; x_wconf 81' lang='lat' dir='ltr'>legis</span> <span class='ocrx_word' id='word_1_180' title='bbox 544 1934 761 1991; x_wconf 88' lang='lat' dir='ltr'>habetur,</span> <span class='ocrx_word' id='word_1_181' title='bbox 797 1933 995 1981; x_wconf 89' lang='lat' dir='ltr'>validum</span> <span class='ocrx_word' id='word_1_182' title='bbox 1021 1933 1067 1980; x_wconf 92' lang='lat' dir='ltr'>in</span> <span class='ocrx_word' id='word_1_183' title='bbox 1092 1951 1142 1981; x_wconf 91' lang='lat' dir='ltr'>se</span> <span class='ocrx_word' id='word_1_184' title='bbox 1164 1951 1407 2000; x_wconf 85' lang='lat' dir='ltr'>verumque</span> <span class='ocrx_word' id='word_1_185' title='bbox 1441 1935 1501 1984; x_wconf 88' lang='lat' dir='ltr'>sit</span> <span class='ocrx_word' id='word_1_186' title='bbox 1531 1952 1637 2001; x_wconf 90' lang='lat' dir='ltr'>con-</span> 
     </span>
     <span class='ocr_line' id='line_1_24' title="bbox 160 2011 1636 2078; baseline -0.001 -17"><span class='ocrx_word' id='word_1_187' title='bbox 160 2013 356 2078; x_wconf 84' lang='lat' dir='ltr'>iugium,</span> <span class='ocrx_word' id='word_1_188' title='bbox 402 2029 455 2060; x_wconf 93' lang='lat' dir='ltr'>ac</span> <span class='ocrx_word' id='word_1_189' title='bbox 494 2012 723 2060; x_wconf 88' lang='lat' dir='ltr'>viceversa</span> <span class='ocrx_word' id='word_1_190' title='bbox 768 2011 942 2058; x_wconf 86' lang='lat' dir='ltr'>irritum</span> <span class='ocrx_word' id='word_1_191' title='bbox 989 2028 1171 2076; x_wconf 89' lang='lat' dir='ltr'>prorsus</span> <span class='ocrx_word' id='word_1_192' title='bbox 1207 2011 1266 2059; x_wconf 91' lang='lat' dir='ltr'>sit</span> <span class='ocrx_word' id='word_1_193' title='bbox 1299 2030 1351 2060; x_wconf 90' lang='lat' dir='ltr'>ac</span> <span class='ocrx_word' id='word_1_194' title='bbox 1390 2012 1636 2060; x_wconf 87' lang='lat' dir='ltr'>invalidum</span> 
     </span>
     <span class='ocr_line' id='line_1_25' title="bbox 157 2087 1638 2155; baseline -0.001 -18"><span class='ocrx_word' id='word_1_195' title='bbox 157 2089 272 2137; x_wconf 90' lang='lat' dir='ltr'>illud</span> <span class='ocrx_word' id='word_1_196' title='bbox 307 2089 455 2155; x_wconf 90' lang='lat' dir='ltr'>ipsum</span> <span class='ocrx_word' id='word_1_197' title='bbox 490 2088 778 2152; x_wconf 78' lang='lat' dir='ltr'>coniugium,</span> <span class='ocrx_word' id='word_1_198' title='bbox 818 2087 938 2153; x_wconf 91' lang='lat' dir='ltr'>quod</span> <span class='ocrx_word' id='word_1_199' title='bbox 972 2087 1217 2151; x_wconf 81' lang='lat' dir='ltr'>legitimum</span> <span class='ocrx_word' id='word_1_200' title='bbox 1252 2106 1305 2136; x_wconf 90' lang='lat' dir='ltr'>ac</span> <span class='ocrx_word' id='word_1_201' title='bbox 1336 2088 1535 2136; x_wconf 82' lang='lat' dir='ltr'>validum</span> <span class='ocrx_word' id='word_1_202' title='bbox 1569 2099 1638 2137; x_wconf 90' lang='lat' dir='ltr'>est</span> 
     </span>
     <span class='ocr_line' id='line_1_26' title="bbox 158 2163 708 2232; baseline -0.009 -18"><span class='ocrx_word' id='word_1_203' title='bbox 158 2175 367 2232; x_wconf 87' lang='lat' dir='ltr'>respectu</span> <span class='ocrx_word' id='word_1_204' title='bbox 398 2164 511 2228; x_wconf 79' lang='lat' dir='ltr'>legis</span> <span class='ocrx_word' id='word_1_205' title='bbox 547 2163 708 2212; x_wconf 86' lang='lat' dir='ltr'>civilis.</span> 
     </span>
    </p>

    <p class='ocr_par' dir='ltr' id='par_1_5' title="bbox 150 2237 1635 2765">
     <span class='ocr_line' id='line_1_27' title="bbox 254 2237 1635 2306; baseline -0.002 -16"><span class='ocrx_word' id='word_1_206' title='bbox 254 2242 383 2299; x_wconf 89' lang='lat' dir='ltr'>Quod</span> <span class='ocrx_word' id='word_1_207' title='bbox 404 2240 443 2288; x_wconf 91' lang='lat' dir='ltr'>si</span> <span class='ocrx_word' id='word_1_208' title='bbox 464 2240 573 2288; x_wconf 86' lang='lat' dir='ltr'>sorte</span> <span class='ocrx_word' id='word_1_209' title='bbox 592 2239 636 2285; x_wconf 88' lang='lat' dir='ltr'>in</span> <span class='ocrx_word' id='word_1_210' title='bbox 657 2239 756 2304; x_wconf 88' lang='lat' dir='ltr'>ipso</span> <span class='ocrx_word' id='word_1_211' title='bbox 774 2238 1073 2289; x_wconf 89' lang='lat' dir='ltr'>conscientiae</span> <span class='ocrx_word' id='word_1_212' title='bbox 1097 2239 1191 2288; x_wconf 85' lang='lat' dir='ltr'>soro</span> <span class='ocrx_word' id='word_1_213' title='bbox 1215 2237 1339 2288; x_wconf 87' lang='lat' dir='ltr'>irrita</span> <span class='ocrx_word' id='word_1_214' title='bbox 1363 2240 1635 2306; x_wconf 88' lang='lat' dir='ltr'>quandoque</span> 
     </span>
     <span class='ocr_line' id='line_1_28' title="bbox 154 2315 1632 2380; baseline -0.003 -14"><span class='ocrx_word' id='word_1_215' title='bbox 154 2319 333 2366; x_wconf 85' lang='lat' dir='ltr'>fuerunt</span> <span class='ocrx_word' id='word_1_216' title='bbox 367 2315 591 2365; x_wconf 88' lang='lat' dir='ltr'>connubia</span> <span class='ocrx_word' id='word_1_217' title='bbox 625 2332 741 2380; x_wconf 89' lang='lat' dir='ltr'>quae</span> <span class='ocrx_word' id='word_1_218' title='bbox 774 2333 801 2362; x_wconf 95' lang='lat' dir='ltr'>a</span> <span class='ocrx_word' id='word_1_219' title='bbox 835 2315 954 2363; x_wconf 90' lang='lat' dir='ltr'>civili</span> <span class='ocrx_word' id='word_1_220' title='bbox 990 2316 1087 2380; x_wconf 82' lang='lat' dir='ltr'>lege</span> <span class='ocrx_word' id='word_1_221' title='bbox 1128 2316 1414 2374; x_wconf 86' lang='lat' dir='ltr'>vetabantur,</span> <span class='ocrx_word' id='word_1_222' title='bbox 1463 2316 1509 2363; x_wconf 90' lang='lat' dir='ltr'>id</span> <span class='ocrx_word' id='word_1_223' title='bbox 1545 2333 1632 2362; x_wconf 91' lang='lat' dir='ltr'>non</span> 
     </span>
     <span class='ocr_line' id='line_1_29' title="bbox 155 2390 1633 2459; baseline -0.003 -16"><span class='ocrx_word' id='word_1_224' title='bbox 155 2394 347 2452; x_wconf 84' lang='lat' dir='ltr'>accidit,</span> <span class='ocrx_word' id='word_1_225' title='bbox 386 2405 436 2441; x_wconf 92' lang='lat' dir='ltr'>ut</span> <span class='ocrx_word' id='word_1_226' title='bbox 468 2392 602 2459; x_wconf 90' lang='lat' dir='ltr'>paulo</span> <span class='ocrx_word' id='word_1_227' title='bbox 637 2402 739 2439; x_wconf 82' lang='lat' dir='ltr'>ante</span> <span class='ocrx_word' id='word_1_228' title='bbox 764 2392 1104 2450; x_wconf 88' lang='lat' dir='ltr'>admonuimus,</span> <span class='ocrx_word' id='word_1_229' title='bbox 1133 2393 1177 2440; x_wconf 91' lang='lat' dir='ltr'>vi</span> <span class='ocrx_word' id='word_1_230' title='bbox 1201 2392 1344 2441; x_wconf 88' lang='lat' dir='ltr'>civilis</span> <span class='ocrx_word' id='word_1_231' title='bbox 1376 2392 1512 2456; x_wconf 81' lang='lat' dir='ltr'>legis,</span> <span class='ocrx_word' id='word_1_232' title='bbox 1552 2390 1633 2439; x_wconf 89' lang='lat' dir='ltr'>sed</span> 
     </span>
     <span class='ocr_line' id='line_1_30' title="bbox 152 2466 1634 2535; baseline -0.003 -16"><span class='ocrx_word' id='word_1_233' title='bbox 152 2471 195 2520; x_wconf 88' lang='lat' dir='ltr'>vi</span> <span class='ocrx_word' id='word_1_234' title='bbox 221 2471 334 2535; x_wconf 78' lang='lat' dir='ltr'>legis</span> <span class='ocrx_word' id='word_1_235' title='bbox 358 2468 575 2517; x_wconf 87' lang='lat' dir='ltr'>naturalis</span> <span class='ocrx_word' id='word_1_236' title='bbox 601 2486 734 2533; x_wconf 90' lang='lat' dir='ltr'>quam</span> <span class='ocrx_word' id='word_1_237' title='bbox 760 2468 904 2516; x_wconf 86' lang='lat' dir='ltr'>civilis</span> <span class='ocrx_word' id='word_1_238' title='bbox 929 2469 998 2516; x_wconf 85' lang='lat' dir='ltr'>lex</span> <span class='ocrx_word' id='word_1_239' title='bbox 1021 2468 1276 2517; x_wconf 90' lang='lat' dir='ltr'>declarabat</span> <span class='ocrx_word' id='word_1_240' title='bbox 1299 2480 1431 2534; x_wconf 91' lang='lat' dir='ltr'>atque</span> <span class='ocrx_word' id='word_1_241' title='bbox 1467 2466 1634 2514; x_wconf 82' lang='lat' dir='ltr'>sancie-</span> 
     </span>
     <span class='ocr_line' id='line_1_31' title="bbox 150 2544 1631 2611; baseline -0.004 -16"><span class='ocrx_word' id='word_1_242' title='bbox 150 2548 415 2611; x_wconf 86' lang='lat' dir='ltr'>bat(16);at</span> <span class='ocrx_word' id='word_1_243' title='bbox 436 2545 561 2593; x_wconf 88' lang='lat' dir='ltr'>irrita</span> <span class='ocrx_word' id='word_1_244' title='bbox 586 2563 674 2593; x_wconf 91' lang='lat' dir='ltr'>non</span> <span class='ocrx_word' id='word_1_245' title='bbox 698 2545 889 2593; x_wconf 83' lang='lat' dir='ltr'>fuissent</span> <span class='ocrx_word' id='word_1_246' title='bbox 912 2544 1149 2603; x_wconf 88' lang='lat' dir='ltr'>connubia,</span> <span class='ocrx_word' id='word_1_247' title='bbox 1174 2546 1212 2593; x_wconf 92' lang='lat' dir='ltr'>si</span> <span class='ocrx_word' id='word_1_248' title='bbox 1238 2563 1291 2592; x_wconf 90' lang='lat' dir='ltr'>ea</span> <span class='ocrx_word' id='word_1_249' title='bbox 1314 2544 1631 2608; x_wconf 90' lang='lat' dir='ltr'>impedimenta</span> 
     </span>
     <span class='ocr_line' id='line_1_32' title="bbox 152 2619 1630 2679; baseline -0.003 -8"><span class='ocrx_word' id='word_1_250' title='bbox 152 2642 241 2673; x_wconf 92' lang='lat' dir='ltr'>non</span> <span class='ocrx_word' id='word_1_251' title='bbox 276 2624 467 2671; x_wconf 86' lang='lat' dir='ltr'>fuissent</span> <span class='ocrx_word' id='word_1_252' title='bbox 490 2621 623 2671; x_wconf 89' lang='lat' dir='ltr'>simul</span> <span class='ocrx_word' id='word_1_253' title='bbox 648 2621 892 2679; x_wconf 89' lang='lat' dir='ltr'>naturalia,</span> <span class='ocrx_word' id='word_1_254' title='bbox 922 2622 1000 2669; x_wconf 91' lang='lat' dir='ltr'>sed</span> <span class='ocrx_word' id='word_1_255' title='bbox 1025 2638 1146 2669; x_wconf 90' lang='lat' dir='ltr'>mere</span> <span class='ocrx_word' id='word_1_256' title='bbox 1176 2621 1338 2669; x_wconf 86' lang='lat' dir='ltr'>civilia.</span> <span class='ocrx_word' id='word_1_257' title='bbox 1365 2619 1495 2666; x_wconf 90' lang='lat' dir='ltr'>Nulla</span> <span class='ocrx_word' id='word_1_258' title='bbox 1519 2619 1630 2667; x_wconf 88' lang='lat' dir='ltr'>haec</span> 
     </span>
     <span class='ocr_line' id='line_1_33' title="bbox 151 2695 1622 2765; baseline -0.005 -16"><span class='ocrx_word' id='word_1_259' title='bbox 151 2701 360 2765; x_wconf 79' lang='lat' dir='ltr'>coniugia</span> <span class='ocrx_word' id='word_1_260' title='bbox 381 2699 515 2748; x_wconf 89' lang='lat' dir='ltr'>etiam</span> <span class='ocrx_word' id='word_1_261' title='bbox 541 2699 747 2756; x_wconf 84' lang='lat' dir='ltr'>fuissent,</span> <span class='ocrx_word' id='word_1_262' title='bbox 763 2698 847 2747; x_wconf 90' lang='lat' dir='ltr'>etsi</span> <span class='ocrx_word' id='word_1_263' title='bbox 866 2697 937 2747; x_wconf 84' lang='lat' dir='ltr'>lex</span> <span class='ocrx_word' id='word_1_264' title='bbox 953 2698 1101 2747; x_wconf 88' lang='lat' dir='ltr'>civilis</span> <span class='ocrx_word' id='word_1_265' title='bbox 1125 2716 1177 2746; x_wconf 92' lang='lat' dir='ltr'>ea</span> <span class='ocrx_word' id='word_1_266' title='bbox 1201 2714 1286 2744; x_wconf 91' lang='lat' dir='ltr'>non</span> <span class='ocrx_word' id='word_1_267' title='bbox 1306 2695 1622 2761; x_wconf 81' lang='lat' dir='ltr'>prohibuisset.</span> 
     </span>
    </p>
   </div>
   <div class='ocr_carea' id='block_1_3' title="bbox 247 2830 1618 2877">
    <p class='ocr_par' dir='ltr' id='par_1_6' title="bbox 247 2830 1618 2877">
     <span class='ocr_line' id='line_1_34' title="bbox 247 2830 1618 2877; baseline -0.004 -8"><span class='ocrx_word' id='word_1_268' title='bbox 247 2836 314 2876; x_wconf 81' lang='grc'><strong>(16)</strong></span> <span class='ocrx_word' id='word_1_269' title='bbox 334 2835 518 2870; x_wconf 74' lang='lat' dir='ltr'>Recolenda</span> <span class='ocrx_word' id='word_1_270' title='bbox 543 2837 650 2869; x_wconf 77' lang='lat' dir='ltr'>tamen</span> <span class='ocrx_word' id='word_1_271' title='bbox 674 2836 752 2868; x_wconf 83' lang='lat' dir='ltr'>sunt</span> <span class='ocrx_word' id='word_1_272' title='bbox 775 2843 861 2877; x_wconf 83' lang='lat' dir='ltr'>quae</span> <span class='ocrx_word' id='word_1_273' title='bbox 889 2834 985 2876; x_wconf 84' lang='lat' dir='ltr'>paulo</span> <span class='ocrx_word' id='word_1_274' title='bbox 1009 2836 1084 2867; x_wconf 83' lang='lat' dir='ltr'>ante</span> <span class='ocrx_word' id='word_1_275' title='bbox 1108 2831 1393 2865; x_wconf 77' lang='lat' dir='ltr'>animadvertimus</span> <span class='ocrx_word' id='word_1_276' title='bbox 1418 2830 1503 2864; x_wconf 78' lang='lat' dir='ltr'>circa</span> <span class='ocrx_word' id='word_1_277' title='bbox 1535 2831 1618 2864; x_wconf 80' lang='lat' dir='ltr'>lianc</span> 
     </span>
    </p>
   </div>
   <div class='ocr_carea' id='block_1_4' title="bbox 148 2887 1567 2982">
    <p class='ocr_par' dir='ltr' id='par_1_7' title="bbox 148 2887 1567 2982">
     <span class='ocr_line' id='line_1_35' title="bbox 148 2887 411 2922; baseline 0.008 -2"><span class='ocrx_word' id='word_1_278' title='bbox 148 2887 411 2922; x_wconf 75' lang='lat' dir='ltr'>declarationem.</span> 
     </span>
     <span class='ocr_line' id='line_1_36' title="bbox 236 2944 1567 2982; baseline -0.004 0"><span class='ocrx_word' id='word_1_279' title='bbox 236 2946 269 2982; x_wconf 88' lang='lat'>11</span> <span class='ocrx_word' id='word_1_280' title='bbox 1521 2944 1567 2978; x_wconf 76' lang='lat'>29</span> 
     </span>
    </p>
   </div>
  </div>
 </body>
</html>
