1980 3260
383 232 474 277 416
637 243 719 277 Lm.
747 245 794 277 11.
823 245 938 277 secr.
966 244 1139 276 Atrum.
1169 244 1222 276 ni:
1257 244 1423 276 rorns‘r.
1453 244 1594 276 elvini.

372 322 628 385 coniugium
659 320 895 378 solvimus,
936 321 1015 368 sed
1050 318 1388 368 contubernium
1422 320 1539 368 male
1572 321 1852 372 coniunctum

373 397 667 446 dissolvimus
699 407 743 445 et
778 397 1076 445 dissociamus
1099 398 1282 461 (121).»

473 474 523 520 ln
552 473 691 521 altera
723 490 827 521 vero
862 473 1077 538 epistola,
1115 490 1275 538 nempe
1305 474 1413 521 245.
1444 491 1578 539 quam
1612 473 1670 522 ad
1695 473 1855 523 Gualo-

373 566 477 596 nem
507 549 766 614 episcopum
799 549 1094 614 parisiensem
1118 549 1236 597 idem
1258 549 1408 606 misit,
1437 549 1552 597 inter
1574 559 1720 598 cetera
1742 549 1854 598 haec

374 624 535 673 habet:
562 644 584 670 «
606 625 757 690 Nuper
777 641 879 673 cum
903 642 1107 673 essemus
1142 623 1263 689 apud
1297 624 1500 672 Castrum
1535 625 1850 681 melitanense,

375 701 571 750 narravit
603 701 733 750 nobis
766 701 973 750 dominus
1006 701 1258 767 Stephanus
1294 701 1598 750 Cancellarius
1631 701 1853 767 quasdam

374 778 553 845 nuptias
587 778 729 826 fuisse
763 777 1006 827 celebratas
1042 778 1087 825 in
1122 778 1381 844 episcopatu
1403 789 1551 827 vestro
1580 788 1733 827 contra
1756 778 1854 844 pla-

373 854 508 904 citum
546 864 738 903 vestrum
755 893 765 912 ,
803 855 918 903 inter
950 854 1189 921 quemdam
1234 855 1467 920 puerulum
1485 893 1495 913 ,
1533 866 1578 903 et
1610 855 1852 921 quamdam

375 930 616 996 puellulam
636 970 647 989 ,
685 949 823 997 quum
870 931 1018 979 adhuc
1052 949 1167 998 pene
1200 930 1246 977 in
1279 931 1406 979 cunis
1439 930 1852 996 essent....quibus

367 1007 540 1056 auditis
583 1008 753 1073 rogavit
786 1026 858 1055 me
885 1047 895 1065 ,
937 1018 987 1056 ut
1030 1007 1269 1056 scriberem
1309 1006 1438 1055 vobis
1471 1017 1695 1072 quatenus
1739 1006 1853 1055 tales

373 1085 556 1150 nuptiae
588 1095 665 1133 aut
696 1085 793 1133 fieri
834 1102 922 1133 non
968 1084 1280 1150 permitteretis
1299 1121 1309 1140 ,
1358 1093 1435 1131 aut
1479 1083 1620 1131 factas
1666 1081 1852 1131 dissolvi

373 1161 689 1226 praeciperetis
712 1162 894 1224 (122).»

467 1237 534 1284 Ad
568 1237 654 1285 hoc
687 1239 836 1302 ipsum
873 1237 1072 1285 seculum
1106 1246 1303 1302 spectat,
1342 1235 1463 1302 quod
1496 1234 1631 1302 paulo
1664 1245 1768 1284 ante
1790 1245 1854 1284 at·

374 1313 557 1362 tulimus
592 1314 647 1362 de
682 1313 911 1377 illegitimo
947 1313 1154 1377 coniugio
1187 1312 1244 1360 ab
1279 1311 1462 1360 Alfonso
1494 1311 1714 1361 Castellae
1753 1328 1856 1376 rege

373 1383 508 1446 inito,
538 1399 673 1454 atque
695 1388 912 1437 ecclesiae
946 1389 1087 1438 solius
1120 1388 1380 1437 auctoritate
1415 1387 1664 1447 dissoluto,
1702 1395 1855 1454 peten'-

370 1463 490 1514 tibus
526 1465 651 1528 regni
686 1465 965 1531 proceribus.

468 1541 534 1589 Ex
568 1541 640 1589 his
661 1580 671 1599 ,
709 1559 826 1608 quae
859 1542 1075 1590 hactenus
1110 1541 1339 1591 attulimus
1372 1541 1499 1590 factis
1517 1579 1528 1599 ,
1567 1539 1854 1590 manifestum

371 1617 420 1666 fit
454 1617 690 1666 ecclesiam
723 1619 820 1666 iure
855 1636 938 1667 suo
971 1619 1242 1667 dissociasse
1265 1618 1474 1683 coniugia
1496 1634 1586 1667 non
1608 1617 1743 1666 modo
1765 1608 1861 1666 non'

370 1694 700 1752 annuentibus,
738 1706 814 1743 aut
859 1695 1207 1744 assentientibus
1254 1693 1537 1761 principibus
1560 1732 1570 1752 ,
1619 1694 1699 1743 sed
1742 1693 1857 1759 ipsis

375 1787 559 1835 prorsus
583 1771 737 1819 invitis
762 1789 814 1819 ac
840 1772 1156 1830 renuentibus;
1186 1771 1412 1839 siquidem
1428 1782 1472 1819 et
1490 1771 1580 1837 ipsi
1605 1788 1694 1819 non
1718 1769 1858 1819 semel

369 1847 590 1912 compulsi
626 1858 730 1896 sunt
765 1847 997 1913 illegitima
1023 1866 1051 1896 a
1085 1866 1136 1897 se
1169 1848 1280 1896 inita
1308 1847 1517 1912 coniugia
1550 1847 1855 1914 disrumpere,

368 1933 415 1971 et
436 1924 492 1973 ob
516 1924 631 1972 male
657 1935 905 1974 contractas
932 1926 1113 1991 nuptias
1138 1925 1435 1992 poenitentiae
1465 1924 1643 1972 fuerunt
1665 1923 1848 1971 addicti.

371 2000 465 2047 Iam
509 2018 613 2050 vero
647 2002 687 2049 si
722 2001 1009 2050 relaxationis
1055 2002 1126 2049 ius
1171 2019 1306 2067 penes
1350 2000 1576 2066 principes
1617 2009 1847 2063 stetisset,

372 2094 520 2125 nonne
552 2095 703 2126 secum
739 2079 853 2144 ipsis
889 2079 1254 2145 dispensassent,
1294 2087 1445 2143 totque
1479 2077 1754 2126 devitassent
1781 2076 1851 2123 in-

369 2154 623 2212 commoda,
664 2173 779 2221 quae
812 2175 865 2204 ex
897 2156 1087 2204 divortio
1122 2155 1208 2203 sibi
1244 2155 1444 2203 iniuncto
1478 2154 1563 2202 sub
1598 2156 1850 2203 excommu-

371 2229 607 2278 nicationis
641 2249 783 2296 poena
817 2231 1175 2297 proveniebant?

469 2306 551 2354 Ast
573 2324 680 2371 prae
703 2309 859 2357 ceteris
879 2310 1043 2357 eminet
1067 2326 1157 2358 sec.
1177 2310 1254 2356 xl.
1278 2308 1455 2356 labente
1477 2325 1529 2356 ac
1549 2307 1647 2355 XII.
1670 2307 1850 2355 ineunte

369 2382 624 2448 exemplum
659 2382 866 2432 dissoluti
901 2385 1097 2449 coniugii
1132 2403 1364 2451 perperam
1397 2383 1496 2431 initi
1531 2384 1645 2431 inter
1683 2381 1850 2447 Philip-

463 2541 551 2584 (121)
571 2544 694 2576 lvonis
707 2543 854 2584 episcopi
869 2544 1082 2576 carnotensis
1099 2543 1274 2585 epistolae.
1290 2543 1392 2576 Paris.
1414 2545 1504 2576 1585.
1519 2541 1599 2574 in·4.

467 2595 555 2637 (122)
575 2594 661 2629 lbid.
682 2595 734 2628 Cf.
760 2595 857 2627 etiam
881 2595 976 2636 epist.
1004 2600 1073 2628 128.
1094 2596 1135 2628 ad
1152 2595 1336 2629 Lisiardum
1360 2594 1558 2628 suessionen.
1582 2593 1681 2635 episc.
1707 2593 1741 2625 et
1768 2591 1847 2625 alibi

370 2657 504 2689 passim.

467 2701 574 2741 Atque
594 2699 648 2732 hic
663 2700 712 2732 est
726 2700 784 2732 Ivo
809 2698 850 2731 ad
874 2707 972 2740 quem
1001 2699 1172 2740 praecipue
1197 2699 1343 2741 confugit
1363 2696 1529 2732 Launoius
1547 2697 1584 2729 ut
1601 2695 1730 2728 evincat
1754 2695 1847 2728 iuxta

369 2752 478 2793 ipsum
501 2753 544 2785 ad
570 2752 731 2794 principes
752 2752 914 2785 seculares
934 2752 1080 2793 spectare
1107 2752 1340 2793 impedimenta
1360 2750 1579 2790 constituere,
1605 2748 1646 2781 ab
1666 2748 1772 2790 ilsque
1796 2757 1844 2782 re·

370 2805 567 2838 laxationem
592 2805 779 2839 concedere.
800 2806 843 2838 At
862 2805 998 2838 istorum
1017 2804 1164 2837 fraudem
1192 2805 1330 2847 detegit,
1358 2805 1456 2846 atque
1480 2803 1522 2836 ad
1546 2803 1685 2835 nibilum
1712 2801 1845 2844 redegit.

364 2858 412 2895 ej.
424 2858 515 2891 card.
529 2858 696 2892 Gerdilius
713 2858 746 2891 in
762 2867 814 2901 op.
831 2858 886 2891 cit.
901 2859 982 2900 part.
998 2858 1027 2890 1.
1045 2856 1075 2899 §.
1090 2859 1147 2890 ΠΙ.
