1980 3260
336 235 427 282 320
654 245 735 278 Lm.
764 245 810 277 11.
841 245 955 278 sncr.
986 246 1016 278 1.
1045 245 1098 277 nn
1123 243 1289 277 Porns‘r.
1318 243 1485 278 nectus.

334 327 466 383 tebit,
504 334 553 372 ut
585 323 750 371 faciant
783 336 1042 389 processum
1074 322 1367 370 summarium
1391 331 1435 370 et
1457 324 1693 388 scriptum,
1721 343 1811 393 quo

334 420 413 468 pro
446 401 564 449 omni
599 410 797 466 tempore
830 400 977 448 futuro
1012 409 1250 464 appareat,
1282 399 1354 447 vel
1386 416 1440 447 ex
1472 415 1551 456 eo,
1588 402 1710 465 quod
1741 404 1813 450 in·-

334 475 590 542 terpellatus
623 493 712 524 non
747 476 985 541 respondet
1014 514 1024 532 ,
1072 484 1149 522 aut
1182 475 1290 540 quia
1328 475 1560 539 ignoratur
1603 475 1693 522 ubi*
1720 478 1807 536 sit3

334 563 410 601 aut
443 552 550 618 quia
583 552 708 599 dedit
741 562 1052 615 argumentum
1088 552 1239 617 reipsa
1268 552 1409 617 aperti
1440 552 1511 600 sui
1544 551 1810 612 dissensus;

333 639 411 678 aut
432 630 539 694 quia
567 627 746 676 tandem
771 628 817 675 in
844 639 964 676 tanta
987 639 1056 677 est
1079 628 1294 677 distantia
1311 667 1321 686 ,
1349 638 1399 676 ut
1422 627 1722 693 interpellatio
1741 627 1816 677 'ad

333 706 461 753 illum
498 705 731 770 pervenire
764 715 977 771 nequeat,
1006 715 1084 754 aut
1107 705 1265 754 saltem
1300 723 1372 754 res
1407 715 1475 753 est
1506 704 1695 752 multum
1729 704 1818 752 dif-

333 781 493 839 ficilis3
523 781 608 829 iste
636 781 755 829 enim
790 782 999 846 praevius
1034 798 1273 848 processus
1309 781 1580 829 summarius
1615 780 1817 829 nascitur

333 874 387 904 ex
421 856 579 904 litteris
611 866 655 904 et
688 856 849 921 spiritu
871 856 1023 906 Brevis
1048 857 1320 921 gregoriani.

432 932 647 989 Quamvis
680 932 728 979 in
763 932 869 981 folio
904 933 1189 991 facultatum,
1229 950 1346 999 quae
1377 928 1677 982 missionariis
1709 950 1818 982 con—

332 1009 550 1058 ceduntur
565 1047 575 1067 ,
599 1027 792 1075 sequens
809 1010 997 1058 facultas
1020 1010 1559 1075 legatur.«Dispensandi
1584 1022 1685 1058 cum
1708 1027 1819 1075 gen-

333 1085 487 1134 tilibus
519 1096 563 1134 et
595 1085 853 1134 infidelibus
888 1086 1038 1152 plures
1077 1104 1237 1136 uxores
1280 1085 1552 1134 habentibus
1582 1125 1592 1144 ‚
1633 1097 1684 1135 ut
1716 1097 1820 1153 post

335 1162 694 1220 conversionem,
723 1173 766 1211 et
787 1163 1061 1229 baptismum
1097 1178 1234 1229 quam
1270 1181 1323 1211 ex
1359 1163 1450 1211 illis
1485 1163 1749 1222 maluerint,
1777 1165 1818 1213 si

333 1238 467 1287 etiam
501 1238 580 1286 illa
614 1238 760 1286 fidelis
795 1239 899 1296 fiat,
937 1239 1125 1287 retinere
1157 1239 1359 1304 possint,
1387 1240 1478 1287 nisi
1502 1240 1646 1305 prima
1667 1239 1817 1288 volue-

334 1315 392 1363 rit
424 1315 621 1363 converti
644 1317 761 1378 (39).
784 1315 1086 1364 Nihilominus
1111 1333 1262 1364 eorum
1288 1316 1562 1365 conscientia
1590 1327 1814 1375 oneratur,

334 1390 412 1455 qui
431 1391 496 1438 uti
515 1408 605 1438 non
623 1390 787 1438 debent
804 1391 880 1439 tali
899 1391 1122 1450 facultate,
1151 1392 1239 1440 nisi
1263 1392 1321 1440 ad
1345 1409 1546 1441 normam
1571 1391 1817 1458 supradicti

332 1467 485 1515 Brevis
510 1467 785 1531 gregoriani,
814 1468 984 1516 scilicet
1001 1507 1011 1526 ,
1038 1479 1089 1517 ut
1110 1486 1198 1517 non
1221 1469 1507 1535 dispensetur
1529 1469 1586 1518 ab
1610 1468 1818 1535 interpel-

335 1543 500 1592 latione
530 1545 700 1609 primae
726 1545 902 1604 uxoris,
930 1545 1018 1594 nisi
1043 1546 1091 1593 in
1119 1546 1300 1594 casibus
1326 1547 1373 1593 in
1397 1547 1524 1595 Brevi
1559 1547 1813 1612 expressis:

337 1621 507 1669 sufficit
540 1631 687 1669 autem
708 1660 718 1679 ,
756 1633 807 1669 ut
838 1622 1144 1688 interpelletur
1165 1661 1175 1680 ,
1216 1623 1256 1671 si
1289 1623 1397 1671 velit
1429 1624 1625 1671 converti
1661 1624 1814 1686 (40).»

429 1697 576 1746 Facile
607 1709 676 1746 est
709 1698 916 1763 colligere
950 1717 1004 1747 ex
1038 1699 1173 1747 huius
1209 1699 1371 1765 synodi
1406 1699 1547 1756 actis,
1574 1698 1697 1764 quod
1730 1697 1818 1746 hu-

263 1831 265 1834 Α
334 1774 527 1823 iusmodi
557 1774 916 1840 dispensationes
952 1794 1063 1824 rom.
1105 1776 1365 1842 pontificum
1399 1776 1465 1823 Pii
1495 1777 1545 1823 V.
1574 1786 1618 1824 et
1652 1775 1818 1840 Grego-

336 1851 389 1897 rii
412 1852 531 1898 XIII.
561 1852 765 1917 quamvis
791 1863 991 1918 spectata
1026 1853 1073 1899 in
1108 1852 1261 1901 stricto
1295 1853 1392 1902 iure
1424 1853 1818 1918 dispensationum

337 1938 518 1986 natura,
553 1928 726 1976 extendi
765 1940 988 1994 nequeant
1008 1948 1055 1976 1n
1075 1929 1284 1995 paritate,
1313 1941 1390 1977 aut
1422 1930 1555 1976 etiam
1589 1929 1820 1977 identitate

338 2021 520 2051 casuum
554 2005 610 2052 ad
643 2005 756 2053 alias
791 2016 946 2070 gentes
981 2017 1157 2071 praeter
1190 2005 1293 2054 illas
1318 2006 1364 2052 in
1397 2023 1587 2070 quarum
1622 2006 1819 2054 favorem

336 2080 466 2127 datae
500 2092 602 2129 sunt
624 2121 633 2139 ,
672 2093 821 2131 tamen
856 2083 970 2131 istae
988 2122 998 2141 ‚
1037 2100 1154 2149 quae
1176 2083 1222 2129 in
1247 2083 1442 2131 favorem
1466 2083 1701 2139 Indorum,
1728 2082 1820 2129 An-

336 2156 485 2220 golae,
504 2158 751 2223 AEthiopiae
768 2171 812 2208 et
827 2160 1042 2208 Brasiliae
1066 2161 1243 2208 fuerunt
1265 2177 1506 2208 concessae
1528 2161 1648 2223 (41),
1666 2170 1818 2208 exten—

337 2250 414 2282 sae
447 2233 578 2281 etiam
611 2235 701 2283 sint
733 2237 790 2284 ad
828 2237 1068 2286 missiones
1102 2237 1233 2285 sinici
1269 2237 1446 2303 imperii
1468 2238 1586 2300 (42).

432 2395 498 2437 (39)
518 2397 624 2428 Immo
644 2396 766 2429 iamdiu
788 2398 1001 2431 constituerat
1019 2399 1140 2432 Paulus
1156 2400 1215 2433 III.
1235 2403 1262 2432 1.
1279 2398 1365 2431 Iunii
1381 2401 1471 2432 1537.
1485 2399 1519 2430 in
1533 2398 1629 2431 Bulla
1641 2397 1814 2437 Altitudo,

338 2448 488 2482 edicens:
510 2462 527 2477 οι
539 2449 603 2487 Qui
623 2451 698 2482 ante
718 2452 961 2485 conversionem
983 2453 1093 2494 plures
1113 2453 1276 2486 habebant
1301 2461 1420 2485 uxores
1440 2454 1475 2485 et
1495 2461 1563 2484 non
1584 2451 1819 2485 recordantur

338 2511 437 2544 quam
458 2503 564 2544 prImo
585 2503 785 2544 acceperint,
807 2513 883 2536 cum
903 2506 1039 2538 veniunt
1060 2506 1102 2538 ad
1124 2506 1238 2547 fidem,
1260 2515 1361 2539 unam
1381 2514 1423 2538 ex
1443 2505 1510 2538 illis
1535 2505 1696 2546 accipiant
1715 2511 1816 2544 quam

337 2556 517 2596 vquerint,
534 2556 656 2589 etcum
675 2565 713 2588 ea
731 2557 974 2590 matrimonium
995 2560 1189 2593 contrahant
1209 2568 1267 2602 per
1287 2559 1387 2593 verba
1408 2559 1450 2592 de
1467 2557 1663 2600 praesenti.»

434 2608 501 2650 (40)
522 2610 602 2650 Cap.
617 2611 659 2641 x.
674 2617 707 2640 n.
723 2613 753 2641 8.
764 2610 886 2642 Romae
903 2614 993 2643 1822.

434 2660 501 2703 (41)
521 2662 605 2694 Saue
618 2660 811 2694 Benedictus
825 2663 970 2694 XIV.De
983 2663 1111 2704 synodo
1130 2664 1188 2696 lib.
1201 2665 1290 2697 vul.
1304 2672 1378 2705 cap.
1388 2661 1554 2703 XXI-§fa
1564 2659 1695 2694 scribit:
1706 2661 1818 2693 «Duae

338 2714 414 2747 illae
433 2713 681 2746 constitutiones
707 2722 735 2746 s.
755 2713 806 2746 Pii
827 2716 868 2746 V.
882 2715 915 2746 et
929 2716 1076 2756 Gregorii
1091 2718 1180 2749 XIII.
1196 2718 1303 2749 certas
1322 2714 1483 2758 quasdam
1506 2714 1653 2756 regiones
1674 2713 1815 2746 tannim-

337 2764 436 2800 modo
464 2767 742 2808 complectuntur,
759 2768 1037 2809 neque...extendi
1058 2770 1196 2810 possunt
1209 2769 1252 2802 ad
1267 2769 1365 2810 anas,
1378 2767 1601 2809 quamtumvis
1621 2766 1758 2800 rationis
1776 2773 1818 2800 ac

338 2820 655 2854 circumstantiarum
673 2821 812 2863 paritas,
829 2821 888 2853 aut
897 2821 1066 2863 identitas,
1081 2823 1115 2855 id
1130 2822 1268 2857 suadere
1283 2821 1464 2855 videatur.»

435 2873 503 2916 (42)
523 2874 569 2907 Ut
581 2874 670 2916 patet
683 2882 722 2907 ex
740 2874 810 2916 ipsa
824 2873 941 2916 synodi
954 2875 1154 2908 sutchuensi.
