1980 3260
255 224 483 257 cAr.v1.nss
502 223 627 256 uun.
643 224 819 256 nanum.
834 224 918 257 ιΝτ.
934 223 1068 256 savar.
1084 222 1169 256 cun
1190 219 1312 255 cun.
1327 218 1420 255 Am.
1436 220 1494 255 iv.
1566 204 1655 252 26⁹

190 302 357 350 der-atis
391 302 623 350 ordinibus
658 302 896 351 transmitti
930 301 1073 350 solent
1097 300 1154 349 ad
1187 299 1525 355 custodiendas,
1562 315 1660 347 mu-

195 378 472 443 niendasque
500 395 626 426 arces
662 378 980 435 conterminas;
1017 377 1256 425 dummodo
1288 387 1474 442 uterque
1500 375 1659 425 coniux

191 453 248 501 ad
282 454 462 502 easdem
496 454 648 520 copias
682 454 901 520 pertineat
927 454 1086 517 (143),
1113 452 1367 501 declaravit.

286 530 332 576 2.
374 529 641 577 Huiusmodi
680 528 1030 577 Declarationem
1067 527 1298 593 complecti
1338 527 1472 575 etiam
1508 527 1662 575 matri·

191 604 341 652 monia
374 613 599 652 contracta
630 605 675 651 in
711 604 888 653 civitate
911 604 1099 652 Traiecti
1133 603 1191 651 ad
1226 604 1394 652 Mosam
1410 640 1420 660 ‚
1459 602 1665 668 quamvis

192 696 279 727 non
303 679 400 727 iure
425 679 636 736 dominii,
668 679 747 727 sed
780 679 1162 745 oppignorationis
1191 690 1361 728 tantum
1385 696 1413 727 a
1434 678 1662 745 republica

190 754 512 802 foederatorum
545 754 751 802 ordinum
786 772 1020 819 possessa,
1047 755 1187 803 voluit
1214 756 1363 818 (144).

285 829 369 877 Ubi
388 829 830 878 animadvertendum
854 840 922 878 est
944 848 998 879 ex
1020 830 1213 896 epistola
1234 830 1445 878 decretali
1463 830 1664 879 eiusdem

190 906 416 971 pontificis
445 905 503 954 ad
527 923 566 954 P.
583 905 768 953 Paulum
797 907 1074 955 carmelitam
1103 905 1400 954 excalceatum
1427 906 1474 953 in
1503 905 1664 954 iisdem

191 982 434 1047 provinciis
469 981 829 1039 missionarium‚
858 998 974 1048 quae
1009 982 1169 1049 incipit
1190 981 1401 1029 Redditae
1423 992 1550 1038 sunt,
1580 981 1665 1030 sub

193 1059 267 1107 die
302 1061 379 1106 17.
408 1060 528 1125 Sept.
567 1059 708 1106 1746.
738 1058 877 1107 edixit
909 1058 1168 1107 huiusmodi
1196 1058 1549 1107 Declarationem
1578 1074 1666 1107 non

192 1135 429 1199 suffragari
465 1135 646 1200 sponsis
677 1135 880 1201 utrisque
913 1134 1146 1184 catholicis
1173 1134 1340 1183 ibidem
1374 1134 1661 1200 degentibuS,

193 1213 232 1260 si
262 1228 410 1260 coram
441 1211 561 1260 civili
586 1211 872 1275 magistratu,
899 1222 977 1260 aut
998 1212 1220 1261 haeretico
1247 1211 1453 1261 ministro
1477 1229 1666 1261 consen-

191 1305 292 1335 sum
326 1288 373 1335 in
400 1288 730 1336 matrimonium
759 1287 816 1335 de
843 1288 1067 1353 praesenti
1095 1288 1338 1347 emiserint,
1361 1304 1444 1336 nec
1465 1287 1577 1336 illud
1606 1288 1665 1337 ad

191 1363 377 1412 sormam
412 1364 641 1412 tridentini
666 1364 978 1422 contraxerint,
1008 1375 1086 1413 aut
1107 1374 1208 1430 post
1237 1375 1510 1413 contractum
1542 1380 1665 1414 more

192 1439 546 1499 haereticorum,
584 1457 852 1490 consensum
891 1458 1040 1490 coram
1078 1440 1267 1490 ecclesia
1306 1458 1395 1490 non
1430 1458 1666 1491 renovave-

195 1517 283 1566 rint
310 1519 460 1582 (145).

291 1595 335 1642 3.
374 1594 668 1643 Uratislaviac
701 1611 775 1643 an.
821 1595 962 1642 1765.
992 1611 1045 1643 ex
1068 1611 1157 1660 quo
1190 1593 1276 1643 sub
1309 1593 1476 1643 ditione
1503 1594 1665 1644 Borus-

192 1670 288 1719 siae
322 1670 465 1719 extitit
491 1672 641 1734 (146).

293 1748 336 1794 4.
375 1746 547 1795 Ulmiae
558 1764 631 1795 an.
647 1747 788 1794 1774.
802 1746 848 1794 in
865 1746 1034 1795 ditione
1044 1746 1168 1811 regni
1178 1746 1500 1810 Wurtemberg.
1512 1747 1554 1807 (1
1564 1747 1661 1811 47).

291 1826 336 1870 5.
375 1823 444 1871 Illi
480 1824 687 1872 Poloniae
720 1823 858 1890 parti,
896 1841 1012 1890 quae
1036 1823 1093 1872 ab
1116 1841 1189 1871 an.
1219 1825 1359 1871 1780.
1390 1824 1437 1871 in
1460 1823 1664 1872 Russiaci

193 1899 368 1966 imperii
407 1899 622 1948 ditionem
660 1899 801 1958 venit,
846 1916 962 1965 quae
1003 1899 1314 1948 administrata
1351 1909 1446 1949 erat
1487 1899 1545 1949 ab
1576 1899 1666 1965 epi-

193 1992 330 2041 scopo
362 1975 494 2024 Mallo
522 1977 671 2039 (148).

291 2054 335 2099 6.
374 2052 565 2101 Ducatui
614 2052 817 2101 cliviensi
860 2069 994 2117 regno
1037 2052 1270 2102 Borussiae
1310 2052 1499 2102 obnoxio
1549 2069 1667 2101 anno

193 2130 336 2176 1795.
358 2129 508 2191 (149).

291 2207 336 2252 7.
377 2204 541 2252 Incolis
586 2204 777 2254 civitatis
832 2205 1062 2255 Mastricht
1107 2222 1243 2272 prope
1291 2205 1499 2256 Leodium
1550 2222 1667 2255 anno

197 2282 337 2329 1836.
381 2282 531 2344 (150).

294 2418 381 2458 (143)
400 2419 437 2451 In
453 2418 509 2451 cit.
525 2418 637 2451 const.
655 2418 709 2452 die
723 2422 753 2452 4.
766 2419 922 2453 Novemb.
941 2423 1030 2454 1741.

221 2476 227 2487 ’
292 2471 380 2512 (144)
401 2470 485 2504 lbid.

290 2524 378 2565 (145)
399 2526 446 2556 Ex
465 2524 609 2558 eiusdem
625 2525 800 2566 pontificiis
814 2526 957 2560 Bullario
971 2528 1205 2570 tom.111.pag.
1219 2531 1290 2561 583.

292 2573 380 2618 (146)
402 2579 449 2609 Ex
465 2578 546 2610 actis
559 2586 707 2620 congreg.
724 2579 765 2612 de
780 2588 871 2621 prop.
887 2580 961 2614 fide.

293 2630 380 2671 (147)
399 2630 483 2662 lbid.

293 2683 380 2724 (148)
403 2685 451 2716 Ex
467 2684 557 2717 Actis
577 2693 603 2717 s.
617 2693 766 2727 congreg.
781 2686 823 2719 de
836 2695 969 2728 propag.
984 2686 1060 2720 fide.
1074 2688 1195 2729 Nempe
1214 2687 1355 2729 primum
1368 2687 1410 2719 ad
1423 2687 1506 2718 hanc
1518 2686 1671 2719 Poloniae

197 2738 319 2777 partem
335 2739 468 2770 extensa
482 2739 549 2779 est,
564 2740 675 2780 postea
690 2748 766 2772 vero
781 2741 818 2773 ut
831 2740 955 2774 dicetur
968 2742 1064 2783 paulo
1081 2742 1164 2775 infra
1177 2741 1219 2775 ad
1233 2742 1313 2775 alias
1331 2741 1481 2783 protensa
1494 2741 1553 2774 est.

286 2790 372 2831 (149)
393 2792 487 2832 Item,
509 2793 542 2826 et
563 2794 712 2835 apposito
733 2794 828 2828 Brevi
844 2794 893 2827 Pii
911 2796 966 2827 vl.

290 2842 376 2884 (150)
396 2844 489 2878 Item.
