1980 3260
223 275 313 309 cn».
332 276 393 310 m.
411 277 462 310 nr
479 276 562 310 civ.
582 277 746 313 rorrsr.
765 276 900 310 rnmc.
916 276 999 310 mr.
1018 276 1110 311 nm..
1123 277 1176 310 An
1193 276 1318 311 iura.
1334 274 1427 312 Aur.
1442 273 1473 309 ι.
1525 259 1616 307 ⁴45

158 371 247 419 quo
270 354 359 403 duo
383 355 594 419 coniuges
617 373 755 403 unum
781 355 895 403 inter
917 372 967 403 se
990 355 1102 403 fiunt
1125 354 1411 420 inseparabili
1436 370 1619 420 prorsus

157 431 351 489 ratione,
381 442 512 497 prout
533 431 846 497 inseparabilis
869 431 1118 480 coniunctio
1141 431 1257 479 facta
1279 441 1348 480 est
1367 430 1496 479 Verbi
1520 446 1620 478 cum

155 517 386 571 assumpta
419 508 710 556 humanitate.
740 508 867 564 Quod
902 507 1082 573 quidem
1122 525 1381 572 expressum
1421 517 1490 555 est
1513 506 1619 555 illis

155 581 330 630 verbis:
366 592 406 630 et
438 594 562 631 erunt
593 584 675 631 duo
708 585 755 631 in
788 601 915 631 carne
953 601 1042 630 una
1080 585 1197 647 (10).
1227 583 1457 640 Quomodo
1488 582 1623 647 igitur

155 667 359 722 poterunt
392 660 613 725 principes
647 677 821 708 sacrum
857 660 941 709 hoc
972 660 1147 724 signum
1172 660 1268 708 suis
1291 659 1465 724 legibus
1488 659 1624 706 attin-

93 779 98 784 .
154 750 283 797 gere,
321 744 371 782 ut
403 736 660 784 auctoritate
693 753 775 784 sua
806 736 1004 784 validum
1037 746 1114 784 aut
1146 736 1318 783 irritum
1353 734 1552 783 saciant?

252 811 480 858 Praeterea
514 829 540 859 a
572 812 664 860 Deo
698 811 949 859 ordinatum
985 822 1052 859 est
1086 811 1341 874 coniugium
1366 810 1423 858 ad
1447 825 1624 875 procre-

154 885 296 933 andos
321 885 551 944 homines,
580 887 778 935 viventes
803 887 972 936 scilicet
1003 887 1073 935 sui
1103 886 1249 952 ipsius
1273 887 1515 951 imagines,
1544 885 1620 950 qui

154 961 310 1010 fierent
342 962 582 1028 aliquando
615 963 831 1011 haeredes
864 963 972 1011 coeli
996 973 1039 1011 et
1062 962 1234 1011 incolae
1257 979 1478 1028 supernae
1500 961 1622 1009 illius

152 1037 344 1086 civitatis
378 1038 505 1086 cuius
540 1038 826 1086 fundamenta
858 1056 946 1087 non
980 1039 1112 1087 homo
1146 1039 1225 1087 sed
1257 1039 1378 1087 Deus
1412 1039 1511 1103 ipse
1540 1054 1620 1103 po-

152 1113 245 1161 suit
286 1114 404 1175 (11).
433 1113 579 1169 Quum
614 1113 799 1179 proinde
832 1113 887 1160 ad
921 1114 1054 1162 finem
1089 1114 1198 1161 adeo
1238 1113 1497 1170 sublimem,
1543 1129 1622 1160 seu

151 1189 530 1254 supernaturalem
552 1190 671 1238 Deus
696 1189 906 1254 primario
930 1189 1086 1238 saltem
1111 1188 1322 1237 direxerit
1345 1206 1472 1237 suam
1503 1187 1622 1236 hanc

153 1264 346 1328 coniugii
380 1264 701 1312 institutionem
726 1265 772 1311 in
795 1265 894 1331 ipso
928 1275 1045 1313 statu
1079 1265 1389 1330 paradisiaco,
1428 1263 1625 1329 profecto

153 1339 475 1406 dependentem
499 1358 595 1388 eam
620 1340 802 1388 minime
823 1341 971 1388 effecit
993 1340 1049 1388 ab
1074 1341 1303 1389 hominum
1334 1350 1548 1406 potestate
1572 1356 1625 1387 ac

154 1415 336 1464 arbitrio
354 1454 364 1473 ,
402 1417 463 1464 ita
495 1428 544 1464 ut
576 1417 663 1482 ipsi
701 1427 885 1481 possent
907 1416 1080 1481 legibus
1105 1416 1200 1464 suis
1223 1417 1303 1464 Dei
1329 1434 1442 1481 opus
1473 1414 1625 1481 aliqua

155 1492 325 1541 ratione
358 1504 552 1541 evertere
585 1504 660 1541 aut
682 1493 973 1550 labefactare,
1002 1504 1136 1560 atque
1160 1493 1304 1558 ipsius
1329 1492 1517 1540 firmitas
1547 1500 1624 1539 aut

155 1567 348 1616 inanitas
388 1567 445 1616 ab
491 1568 685 1616 hominis
733 1568 959 1617 voluntate
1003 1569 1238 1634 penderet,
1289 1579 1514 1633 tamquam
1555 1582 1626 1614 res

155 1644 364 1708 politicae
402 1645 607 1712 potestati
643 1644 857 1693 subiecta.

248 1719 349 1767 Sive
374 1720 508 1784 igitur
531 1731 781 1786 spectemus
809 1721 1002 1785 coniugii
1031 1721 1351 1769 institutionem
1379 1738 1407 1768 a
1431 1720 1524 1767 Deo
1555 1718 1621 1766 fa·

154 1805 268 1843 ctam
311 1796 498 1861 eiusque
543 1797 922 1854 moderationem3
967 1797 1062 1846 sive
1106 1815 1316 1845 arcanum
1364 1795 1624 1862 mysterium

154 1871 272 1936 quod
308 1872 352 1918 in
387 1872 486 1920 eius
522 1872 797 1921 institutione
828 1874 948 1921 Deus
983 1874 1289 1931 adumbravit;
1319 1874 1414 1921 sive
1446 1873 1626 1920 demum

155 1947 289 1994 finem
327 1949 707 2012 supernaturalem
750 1949 807 1996 ad
848 1967 980 2015 quem
1020 1949 1130 1997 illud
1164 1949 1320 1997 ultimo
1353 1947 1621 2004 destinavit,

154 2033 273 2088 patet
306 2024 487 2072 omnino
520 2024 717 2073 voluisse
750 2025 916 2083 Deum,
954 2037 1003 2074 ut
1036 2025 1145 2073 illud
1168 2025 1226 2073 ab
1250 2026 1448 2073 humana
1468 2023 1628 2072 volun-

153 2109 241 2147 tate
275 2117 327 2148 ac
360 2110 576 2164 potestate
609 2101 731 2149 nullo
767 2119 949 2166 prorsus
986 2102 1115 2150 modo
1155 2102 1391 2168 penderet,
1431 2117 1483 2149 ac
1522 2116 1626 2165 pro—

153 2175 256 2222 inde
290 2175 460 2223 nullum
497 2177 744 2242 principem
780 2188 1037 2242 potestatem
1074 2178 1238 2226 habere
1270 2178 1315 2224 in
1351 2176 1472 2225 illius
1506 2175 1627 2224 valo-

154 2269 243 2299 rem
280 2263 356 2299 aut
390 2251 709 2300 infirmitatem.
738 2254 793 2301 Et
826 2254 935 2302 haec
970 2254 1150 2320 quidem
1184 2271 1238 2302 ex
1272 2264 1397 2319 parte
1431 2253 1529 2301 Dei.

249 2327 313 2374 Ex
347 2338 471 2392 parte
506 2328 723 2393 Principis
758 2329 803 2376 id
838 2330 987 2394 ipsum
1021 2330 1232 2387 efficitur3
1266 2329 1475 2377 nimirum
1511 2326 1628 2392 prin-

151 2404 274 2468 cipes
309 2405 551 2468 generatim
587 2405 683 2454 suis
717 2405 891 2470 legibus
925 2407 1151 2456 vinculum
1192 2407 1430 2471 attingere,
1470 2421 1522 2452 ac
1546 2420 1626 2451 no-

248 2527 314 2568 (10)
335 2528 406 2560 noc
417 2527 559 2569 perbelle
572 2530 699 2571 Moyses
712 2529 833 2571 passim
848 2529 992 2565 insinuat
1004 2529 1084 2562 dum
1097 2530 1131 2562 in
1147 2530 1270 2572 legibus
1284 2528 1441 2561 divinitus
1454 2526 1552 2567 datis,
1561 2535 1626 2558 non

153 2579 219 2612 alia
240 2579 350 2621 phrasi
376 2580 425 2613 uti
450 2581 619 2615 consuevit
640 2581 682 2614 ad
703 2581 950 2624 significandum
971 2583 1125 2616 maritum
1146 2585 1179 2616 et
1199 2591 1332 2615 uxorem
1351 2589 1449 2622 quam
1470 2586 1550 2612 voce
1564 2580 1626 2612 Tu.

149 2634 211 2666 Ex.
227 2641 276 2674 gr.
291 2635 388 2667 Deut.
401 2636 442 2666 V.
464 2637 511 2667 14.
530 2636 626 2668 «Non
647 2635 746 2669 facies
761 2635 796 2668 in
809 2644 849 2669 eo
867 2636 879 2677 (
888 2635 942 2669 dle
955 2635 1107 2675 sabbati)
1124 2636 1301 2678 quidquam
1322 2633 1429 2676 operis
1444 2634 1483 2666 tu
1497 2632 1530 2665 et
1542 2631 1629 2663 filius

149 2686 227 2719 tuus
251 2687 285 2719 et
307 2686 392 2728 filia,
416 2696 530 2721 servus
554 2689 587 2721 et
612 2688 731 2721 ancilla
757 2689 840 2722 etc.»
853 2690 925 2722 x11.
943 2694 991 2723 18.
1009 2689 1187 2722 «comedes
1209 2689 1334 2721 ea...tu
1347 2688 1379 2719 et
1399 2686 1485 2718 tilius
1505 2685 1581 2717 tuus
1596 2686 1629 2718 et

151 2737 218 2771 filia
243 2739 302 2772 tua
327 2741 360 2773 et
384 2749 498 2774 servus
522 2743 605 2774 etc.»
616 2741 754 2775 Levitic.
770 2743 871 2776 xxv.
885 2747 917 2776 e.
934 2755 949 2771 ι
966 2744 1066 2776 Erant
1090 2742 1185 2774 vobis
1203 2742 1236 2773 in
1251 2740 1360 2774 cibum
1386 2738 1460 2772 Tibi
1478 2739 1512 2771 et
1534 2746 1628 2770 servo

151 2791 210 2823 tuo
224 2791 307 2824 etc.»
321 2793 361 2826 Et
375 2792 420 2826 ita
434 2802 530 2835 porro
543 2795 637 2836 quasi
649 2803 766 2838 nempe
779 2795 926 2837 ageretur
940 2794 981 2829 de
1001 2804 1065 2828 una
1079 2794 1256 2835 eademque
1271 2800 1408 2835 persona
1427 2799 1501 2824 cum
1523 2789 1629 2832 agitur

151 2843 192 2877 de
214 2843 286 2878 viro
309 2847 342 2879 et
370 2855 482 2880 uxore.

249 2893 314 2938 (u)
336 2898 433 2933 flebr.
448 2902 503 2934 ιιι.
524 2905 573 2935 ιο.
