1980 3260
399 269 486 314 122
719 280 799 311 mn.
828 280 874 311 11.
903 278 1015 310 sacr.
1045 278 1074 310 1.
1103 277 1155 309 m:
1180 277 1344 309 rorasr.
1375 279 1541 312 nectes.

398 359 651 406 ctoritatem.
672 357 799 401 ‘Nam
830 356 895 402 sic
927 356 1023 419 ipse
1051 355 1359 401 ratiocinatur:
1387 356 1619 403 concilium
1651 358 1854 407 tridenti-⁴

397 451 500 480 num
534 442 601 478 est
632 431 750 495 quod
785 431 841 477 ad
876 431 1185 495 perfectionem
1219 430 1403 477 adduxit
1431 448 1632 479 verarum
1661 436 1850 483 iustitiae

397 506 710 554 relaxationum
744 506 1045 560 existentiam;
1086 505 1316 553 statuendo
1340 506 1457 552 enim
1481 524 1648 555 canone
1671 526 1751 556 seu
1781 529 1851 558 re-

395 584 498 646 gula
539 583 729 645 generali
769 581 1067 629 ecclesiastica
1110 581 1196 644 legi
1231 581 1494 647 cuicumque
1533 601 1682 631 veram
1725 602 1851 634 exce-

397 659 588 723 ptionem
622 658 842 705 mediante
875 657 1045 713 iudice,
1073 657 1293 722 simulque
1317 658 1586 722 iniungendo
1619 660 1851 710 relaxatio·-

395 751 494 780 nem
518 751 544 780 a
577 733 734 797 quavis
767 732 1067 780 ecclesiastica
1096 731 1190 795 lege
1218 733 1264 778 in
1298 752 1387 798 qua
1419 734 1670 782 inveniatur
1696 752 1854 800 urqem·

395 812 591 873 iustaque
623 811 734 856 ratio
775 819 814 855 et
836 810 974 856 maior
1002 808 1251 872 quandoque
1288 811 1481 866 milita-S,
1521 829 1574 859 ex
1605 829 1696 859 una
1728 822 1853 876 parte

394 886 693 949 obliqationem
727 885 943 949 superiori
978 885 1101 932 hisce
1143 885 1189 931 in
1229 885 1408 934 casibus
1442 887 1759 951 dispensandi,
1798 905 1851 935 ex

395 961 533 1008 altera
574 978 677 1008 vero
717 961 787 1008 ius
827 961 882 1008 ad
928 961 1304 1024 dispensationem
1347 962 1526 1010 subdito
1566 963 1714 1011 inesse
1747 981 1852 1011 con-

396 1038 538 1084 stituit
574 1040 690 1099 (76).

487 1113 568 1161 Ast
599 1112 727 1177 plura
761 1113 860 1160 heic
883 1123 986 1160 sunt
1009 1111 1398 1160 animadvertenda
1414 1151 1423 1168 ‚
1452 1130 1504 1159 ac
1528 1115 1573 1159 1.
1602 1113 1722 1177 quod
1745 1131 1851 1162 con-

394 1189 544 1236 cilium
569 1206 779 1237 canonem
805 1206 883 1236 seu
906 1189 1129 1235 decretum
1155 1205 1286 1235 suum
1309 1188 1457 1236 emisit
1480 1188 1537 1235 ad
1560 1189 1852 1236 coercendum

395 1263 542 1328 potius
565 1282 699 1328 quam
723 1264 780 1312 ad
803 1264 1124 1311 extendendum
1150 1262 1467 1311 relaxationum
1490 1281 1620 1310 usum
1635 1302 1644 1320 ‚
1671 1274 1721 1311 ut
1737 1275 1856 1328 patet

396 1358 448 1388 ex
478 1339 702 1404 prooemio
724 1339 923 1386 eiusdem
955 1338 1118 1385 decreti
1141 1338 1199 1384 ab
1230 1338 1485 1386 adversario
1509 1339 1847 1402 praetermisso,

394 1416 513 1480 quod
542 1415 602 1462 ita
641 1431 691 1462 se
719 1414 878 1461 habet:
922 1414 1097 1461 «Sicuti
1121 1413 1298 1479 publice
1330 1414 1506 1479 expedit
1530 1414 1640 1478 legis
1677 1414 1856 1462 vincula

394 1491 663 1555 quandoque
691 1489 887 1538 relaxare
903 1528 914 1546 ‚
941 1500 990 1538 ut
1011 1489 1208 1554 plenius,
1242 1490 1544 1538 evenientibus
1576 1489 1755 1538 casibus
1774 1528 1784 1547 ,
1812 1500 1856 1538 et

396 1566 735 1614 necessitatibus
764 1583 843 1630 pro
866 1565 1087 1613 communi
1110 1565 1297 1614 utilitate
1319 1566 1534 1622 satisfiat3
1561 1566 1628 1613 sic
1651 1565 1856 1630 frequen—

395 1643 483 1689 tius
517 1642 656 1704 legem
693 1640 863 1690 solvere
894 1641 1182 1706 exemploque
1215 1642 1362 1706 potius
1381 1679 1391 1699 ‚
1430 1659 1564 1706 quam
1603 1651 1722 1689 certo
1755 1657 1856 1706 per-

395 1734 629 1774 sonarum,
676 1734 911 1783 rerumque
960 1716 1161 1774 delectu,
1200 1717 1454 1782 petentibus
1498 1716 1755 1780 indulgere,
1793 1716 1855 1763 nil

395 1793 515 1840 aliud
533 1803 620 1849 est,
646 1810 778 1858 quam
802 1793 1043 1857 unicuique
1066 1793 1122 1839 ad
1139 1792 1261 1856 leges
1281 1792 1668 1856 transgrediendae
1686 1792 1855 1839 aditum

397 1868 515 1915 dare.
555 1869 832 1934 Quapropter
866 1868 1009 1916 sciant
1039 1868 1262 1924 universi,
1291 1864 1625 1916 sacratissimos
1664 1883 1857 1915 canones

397 1953 544 1991 exacte
576 1944 632 1990 ab
665 1943 898 2000 omnibus,
928 1954 972 1990 et
999 1943 1146 2008 quoad
1177 1944 1274 1991 eius
1308 1943 1402 1990 fieri
1434 1943 1619 2008 poterit,
1647 1942 1857 1990 indistin-

396 2030 464 2065 cte
487 2018 800 2067 observandos.
831 2019 959 2074 Quod
985 2019 1023 2068 si
1046 2035 1236 2082 urgens,
1263 2018 1470 2084 iustaque
1493 2018 1625 2074 ratio,
1648 2027 1692 2065 et
1718 2018 1859 2066 maior
1925 2081 1927 2083 ι

399 2094 665 2159 quandoque
681 2096 847 2143 utilitas
867 2095 1208 2160 postulaverint,
1230 2112 1331 2142 cum
1348 2094 1576 2159 aliquibus
1599 2093 1861 2159 dispensan-

397 2168 503 2215 dum
535 2186 661 2226 esse;
690 2170 734 2216 id
770 2188 905 2219 causa
932 2170 1133 2234 cognita,
1162 2186 1215 2217 ac
1238 2187 1411 2218 summa
1443 2169 1694 2217 maturitate
1725 2178 1860 2233 atque

398 2246 556 2308 gratis,
585 2263 612 2292 a
633 2246 1014 2310 quibuscumque,
1046 2247 1102 2294 ad
1132 2263 1244 2311 quos
1278 2246 1555 2310 dispensatio
1589 2244 1852 2310 pertinebit,

399 2322 484 2368 erit
509 2322 843 2386 praestandum‚·
879 2323 1094 2387 aliterque
1133 2323 1247 2370 faeta
1287 2322 1562 2387 dispensatio
1596 2320 1859 2385 subreptitia

398 2408 629 2445 censeatur
660 2400 775 2459 (77).
803 2418 824 2442 »
862 2398 907 2444 Si
931 2399 1116 2462 proinde
1139 2398 1196 2446 ad
1232 2397 1598 2463 compescendam
1631 2397 1859 2444 relaxatio-

398 2490 503 2520 num
538 2472 790 2520 facilitatem
813 2473 1050 2520 concilium
1074 2474 1158 2521 hoc
1182 2491 1313 2521 suum
1338 2473 1477 2521 edidit
1498 2473 1747 2528 decretum,
1774 2472 1859 2519 hoc

398 2548 500 2611 ipso
534 2558 653 2612 patet
685 2547 843 2595 falsam
867 2565 967 2596 esse
998 2548 1400 2613 interpretationem
1425 2548 1698 2604 adversarii,
1735 2547 1858 2594 iuxta

399 2639 534 2687 quam
569 2622 892 2687 amplissimum
926 2623 1093 2671 aditiim
1117 2625 1352 2673 concilium
1377 2625 1626 2689 aperuisset
1658 2623 1713 2670 ad
1746 2623 1859 2670 rela-

399 2699 598 2745 xationes
632 2698 885 2755 faciendas,
913 2715 990 2746 eas
1015 2699 1326 2748 committendo
1353 2699 1596 2764 unicuique
1617 2698 1854 2764 episcopo,

490 2820 554 2860 (76)
576 2820 662 2852 Litta
676 2829 728 2861 op.
745 2820 801 2852 cit.
821 2829 892 2861 pag.
916 2824 1061 2853 259-266.

490 2872 555 2914 (77)
575 2874 658 2905 Sese·
680 2874 777 2905 XXV.
795 2878 866 2914 cap.
886 2873 1001 2905 xvul.
