1980 3260
265 220 356 267 202
581 229 661 262 Lm.
691 229 739 261 11.
768 227 881 261 sacr.
912 228 942 259 1.
972 226 1024 258 ns
1049 226 1215 258 Pornsr.
1247 212 1412 260 nectas}

237 353 239 355 .
263 322 421 360 statem
453 322 654 355 exercere
687 323 929 371 numquam
954 304 1254 369 praetermisit
1281 304 1472 352 ecclesia
1488 343 1499 362 ,
1526 317 1739 369 potestate

263 459 879 510 historiarummonumentis
903 467 1110 505 testatum
1145 468 1240 514 est,
1270 473 1324 504 ac
1352 456 1470 504 idem
1504 457 1739 518 concilium

265 537 549 586 tridentinum
583 537 671 583 non
697 534 828 583 modo
862 533 1132 583 novissimos
1166 533 1222 580 de
1246 534 1534 589 matrimonio
1557 534 1743 600 eiusque

265 611 656 661 indissolubilitate
678 618 850 659 errores
868 649 878 668 ,
906 610 986 659 sed
1016 610 1139 675 ipsos
1164 622 1343 676 quoque
1365 627 1564 658 errorum
1590 621 1744 659 aueto-

264 708 334 751 res
367 690 465 737 diro
499 689 781 737 anathemate
804 688 1008 753 percutit.
1037 688 1198 735 Verum
1222 704 1368 752 neque
1397 687 1473 734 hic
1495 687 1739 745 locusest,

262 766 519 815 vindicandi
547 764 763 814 eeclesiae
779 765 849 813 ius
865 803 875 821 ‚
897 781 1013 830 quae
1034 763 1282 813 haereticos
1310 764 1405 811 suis
1429 764 1606 827 legibus
1623 781 1745 814 oom-

260 841 502 908 prehendit'
538 842 626 906 (4).
646 860 671 889 »

356 918 579 967 Haeretici
613 918 803 983 quidem.
831 917 1162 966 ecclesiasticas
1200 916 1348 981 leges,
1386 934 1440 964 ac
1480 918 1742 966 nominatim

262 995 611 1044 matrimoniales
630 1033 640 1052 ,
678 1012 768 1043 non
807 993 952 1043 solum
992 1012 1080 1043 non
1121 993 1389 1050 observant,
1422 1010 1574 1042 verum
1608 994 1742 1042 etiam

260 1076 562 1120 oontemn'unt.
586 1072 650 1120 Eo
668 1071 789 1136 quod
807 1070 1043 1119 ecclesiam
1062 1070 1293 1118 reiecerint
1309 1107 1319 1126 ‚
1343 1069 1742 1125 se-simulexuisse

262 1158 422 1212 putant⁴
441 1147 792 1196 ecclesiasticum
810 1146 958 1211 legum
981 1147 1136 1209 iugum
1159 1156 1251 1193 tum
1275 1145 1319 1192 in
1345 1145 1469 1203 aliis,
1493 1156 1587 1194 tum
1606 1147 1742 1202 etiam

263 1224 312 1271 in
340 1242 390 1273 re
422 1224 766 1283 matrimoniali,
801 1242 939 1289 seque
973 1223 1138 1272 liberos
1172 1223 1327 1270 dicunt
1359 1222 1416 1270 ab
1455 1222 1644 1271 ecclesia
1675 1233 1744 1289 ty..-

262 1301 464 1359 rannide.
502 1302 559 1350 At
588 1320 697 1349 num
729 1302 831 1350 ideo
867 1300 1083 1349 ecelesiae
1114 1300 1235 1364 leges
1268 1300 1419 1350 irritae
1454 1311 1560 1348 sunt
1592 1299 1742 1365 quoad

261 1376 364 1424 illos
397 1380 531 1442 atque
564 1376 820 1425 invalidae?
847 1377 982 1424 Exlex
1013 1375 1091 1425 illa
1125 1376 1448 1429 haereticorum
1482 1375 1644 1440 agendi
1676 1394 1742 1424 ra-

262 1452 324 1499 tio
357 1451 479 1516 leges
515 1452 767 1501 nullatenus
803 1454 972 1511 irritat,
1010 1460 1163 1519 utpote
1192 1471 1307 1518 quae
1329 1453 1461 1501 unice
1482 1470 1536 1501 ex
1564 1452 1740 1507 illorum

261 1528 566 1594 perduellione
597 1547 650 1579 ae
671 1529 847 1578 malitia
868 1530 1081 1579 dimanet.
1104 1531 1314 1580 Peccant,
1329 1531 1478 1595 itaque
1501 1539 1659 1578 eontra
1678 1529 1742 1582 le-

261 1616 368 1669 ges3
407 1616 450 1654 et
483 1606 571 1654 sibi
611 1606 868 1655 adscribere
907 1606 1070 1655 debent
1103 1616 1286 1672 peccata
1305 1644 1315 1664 ,
1354 1624 1470 1672 quae
1501 1623 1557 1659 ex
1591 1606 1740 1669 legum

261 1681 530 1745 obligatione
551 1683 838 1748 proveniunt,
861 1683 1114 1767 quibusque
1133 1700 1182 1731 se
1206 1683 1447 1748 inquinant
1469 1682 1571 1736 illas
1601 1692 1743 1736 trans-

261 1758 528 1822 grediendo,
567 1776 657 1807 non
690 1759 863 1824 legibus
897 1763 1014 1826 quae
1037 1777 1118 1826 per
1145 1777 1196 1808 se
1223 1759 1374 1814 bonae
1395 1769 1500 1808 sunt
1523 1776 1576 1807 ae
1608 1759 1742 1811 ratio·—

263 1833 464 1891 nabiles,
503 1845 637 1900 atque
669 1834 728 1882 a'd
757 1852 994 1884 commune
1014 1835 1180 1884 honum
1215 1836 1428 1886 sancitae.
1467 1834 1675 1900 Alioquin
1699 1834 1739 1883 si

263 1908 351 1956 hac
382 1910 541 1973 agendi
565 1910 734 1958 ratione
769 1911 981 1960 haeretiei
1009 1929 1037 1960 a
1058 1910 1207 1974 legum
1231 1909 1638 1965 'ecclesiasticarum
1662 1910 1741 1960 ob-

262 1984 510 2032 s'erVatione
542 1986 841 2046 solverentur,
879 1988 1058 2052 propria
1090 1986 1473 2051 ipsis2<prodesset
1505 1985 1720 2034 malitia.'

284 2059 327 2099 rs·
360 2059 499 2108 Unica
531 2072 649 2110 esset
670 2063 744 2111 via
766 2062 833 2111 ad‘
853 2069 930 2112 eos
947 2063 1213 2113 ‚eximendos
1239 2054 1739 2129 &impedimentorum

261 2134 531 2183 irritantium
564 2137 858 2202 obligatione,
889 2139 1060 2188 ‘scilicet
1087 2139 1233 2204 ipsius
1261 2138 1479 2190 ecclesiae
1502 2132 1736 2196 relaxatim

252 2208 483 2260 fastvztalis'
497 2214 690 2278 profecto
713 2233 801 2263 non
825 2227 893 2266 est
915 2216 1129 2283 eeclesiae
1146 2216 1375 2273 intentio,
1408 2233 1467 2264 vac
1499 2215 1706 2269 vol-[umas
1720 2254 1736 2274 ‚

256 2286 479 2347 cumsshoo
504 2287 614 2336 foret
636 2290 876 2340 haereticis
902 2293 1072 2351 favere,
1105 2293 1444 2358 privilegiisque
1479 2303 1558 2345 eos}
1589 2311 1742 2346 eumu-

265 2362 390 2421 l'are3v
405 2364 516 2412 Liam'
542 2382 648 2413 vero
681 2385 924 2433 numquam
960 2370 1148 2418 intendit
1180 2370 1369 2420 ecelesia
1403 2371 1551 2420 favere
1583 2370 1740 2424 haere-

264 2438 507 2525 ticis31·qui
541 2458 594 2488 ex
627 2442 728 2507 ipsa
755 2444 1058 2508 perduellione
1075 2485 1085 2503 ‚
1113 2458 1157 2495 et
1181 2446 1459 2496 contumacia
1483 2447 1531 2494 in
1563 2446 1737 2499 haeresi

263 2517 423 2581 quovis
455 2516 604 2566 favore
636 2519 845 2583 indignos
879 2538 930 2583 se
964 2523 1190 2586 praeben-t.
1228 2522 1399 2572 Deinde
1427 2522 1647 2573 absonum
1669 2532 1738 2571 est

263 2593 332 2641 vel
367 2594 562 2658 cogitare
590 2595 706 2645 velle
737 2597 967 2646 ecclesiam
999 2599 1253 2649 haereticis
1265 2598 1507 2687 concedere
1538 2598 1659 2664 quod
1684 2598 1738 2646 fi-

266 2669 342 2718 liis
375 2671 469 2720 suis
503 2672 708 2738 denegat.

354 2814 399 2854 (4)
417 2814 511 2857 Apud
533 2783 723 2857 Roskovany
737 2818 963 2851 monumenta
978 2798 1152 2852 catholiea
1168 2818 1317 2859 Quinque
1331 2795 1475 2851 eoelesiis
1491 2798 1735 2851 1847.t0in.11

266 2874 338 2907 pag
357 2872 407 2900 86·
411 2872 450 2901 93
466 2877 534 2910 seq.
1248 2886 1251 2892 ’
