1980 3260
356 275 447 324 182
687 284 769 317 Lm.
792 284 839 316 11.
863 284 978 315 SEGT.
1000 283 1030 314 1.
1053 282 1105 313 DE
1131 281 1298 313 Pomsr.
1321 281 1487 315 ECCLES.

354 366 513 414 tractui
543 362 600 410 ad
633 361 936 409 sublimiorem
979 359 1242 407 sacramenti
1276 357 1537 422 dignitatem
1563 373 1736 422 evectu,
1769 382 1821 413 ac

351 436 536 506 proinde
570 439 626 486 de
659 436 1039 486 matrimoniorum
1072 435 1302 483 validitate
1324 445 1412 482 vaut
1443 435 1719 486 invaliditate
1740 441 1822 488 -iu-

352 517 515 564 dicium
550 516 690 572 ferre;
732 515 851 580 quod
887 524 975 560 tam
1018 513 1202 577 planum
1236 522 1304 559 est
1336 522 1470 576 atque
1504 513 1816 577 perspicuum,

350 602 399 639 ut
432 602 585 639 sancta
619 608 671 637 ac
702 590 969 637 universalis
1012 588 1238 654 synodus,
1278 587 1464 651 cupiens
1498 605 1730 636 occurrere
1762 599 1822 638 te-

348 668 536 715 meritati
554 684 727 723 eorum,
754 667 830 731 qui
860 667 1022 730 scripto
1048 676 1091 712 et
1113 664 1248 713 verbo
1276 675 1585 722 asseruerunt,
1608 664 1658 712 ut
1685 666 1820 714 etiam

349 762 466 791 nunc
498 744 625 791 multi
660 752 891 799 asserunt,
930 743 984 789 ab
1018 742 1218 788 ecclesiae
1253 742 1491 790 catholicae
1524 760 1652 789 sensu
1692 753 1735 790 et
1765 743 1821 790 ab

347 821 633 882 apostolorum
663 819 920 882 temporibus
938 818 1124 883 probata
1158 817 1458 863 consuetudine
1482 819 1651 873 aliena,
1691 835 1823 883 pecu-

344 895 498 942 liarem
523 895 659 942 alium
682 912 898 942 canonem
923 893 1173 940 addendum
1203 893 1292 940 sibi
1317 911 1417 940 esse
1439 894 1590 951 duxit,
1615 912 1704 959 quo
1720 895 1821 942 uni-

343 965 508 1019 versim
541 971 785 1019 declararet
819 981 952 1035 atque
981 970 1196 1026 sanciret,
1223 978 1298 1026 ut,
1336 971 1379 1015 si
1405 971 1502 1033 quis
1530 969 1695 1017 dixerit
1721 989 1819 1018 cau-

343 1065 416 1095 sas
450 1049 788 1095 matrimoniales
819 1066 902 1094 non
947 1057 1138 1110 spectare
1184 1045 1242 1092 ad
1267 1045 1429 1092 iudices
1469 1046 1773 1095 ecclesiasticos
1798 1085 1811 1103 ,

342 1125 492 1170 anath.
537 1125 610 1170 sit.
657 1125 859 1187 Ignotum
905 1122 1035 1169 nohis
1078 1139 1167 1168 non
1215 1131 1309 1178 est,
1357 1120 1576 1184 quosdam
1618 1122 1811 1181 adesse,

342 1199 420 1264 qui
456 1199 722 1247 secularium
748 1198 998 1263 principum
1031 1194 1281 1244 auctoritati
1313 1195 1414 1261 plus
1447 1195 1585 1244 nimio
1618 1196 1819 1245 tribuen-

341 1285 408 1323 tes
432 1314 442 1332 ,
486 1285 529 1322 et
570 1276 706 1324 verba
747 1276 883 1322 huius
929 1274 1112 1322 canonis
1155 1273 1352 1338 captiose
1393 1274 1738 1338 interpretantes·
1767 1273 1819 1320 il-

339 1351 416 1397 lud
443 1351 767 1398 defendendum
792 1350 1092 1414 susceperint,
1132 1359 1205 1406 ut,
1244 1349 1456 1414 quoniam
1491 1349 1720 1397 tridentini
1742 1368 1817 1417 pa-

339 1436 427 1473 tres
463 1426 548 1474 hac
585 1427 765 1474 dicendi
802 1425 992 1474 formula
1029 1425 1098 1472 usi
1142 1442 1229 1472 non
1265 1425 1453 1482 fuerint,
1494 1424 1553 1471 ad
1594 1426 1706 1472 solos
1745 1427 1815 1473 iu—

339 1502 453 1549 dices
495 1504 824 1558 ecclesiasticos,
869 1512 945 1549 aut
980 1519 1122 1549 omnes
1157 1519 1311 1548 causas
1339 1502 1705 1558 matrimoniales,
1738 1519 1814 1568 po-

337 1589 536 1626 testatem
578 1579 840 1644 reliquerint
878 1578 1102 1626 iudicibus
1144 1578 1272 1626 laicis
1318 1578 1613 1642 cognoscendi
1655 1578 1814 1627 saltem

337 1673 496 1703 causas
539 1655 887 1703 matrimoniales
923 1673 1038 1720 quae
1071 1665 1175 1703 sunt
1208 1657 1319 1701 meri
1344 1656 1468 1720 facti.
1517 1655 1602 1702 Sed
1645 1654 1812 1704 scimus

335 1733 466 1779 etiam
500 1733 617 1779 hanc
651 1724 977 1798 captiunculam
997 1771 1007 1790 ,
1046 1742 1089 1780 et
1121 1731 1256 1779 fallax
1282 1732 1367 1780 hoc
1400 1731 1637 1780 cavillandi
1671 1748 1812 1796 genus

337 1809 456 1856 omni
491 1809 776 1857 fundamento
809 1809 1007 1856 destitui.
1045 1808 1188 1855 Verba
1220 1809 1339 1855 enim
1374 1809 1560 1856 canonis
1584 1808 1811 1872 generalia

336 1895 463 1941 sunt,
491 1903 642 1933 omnes
676 1896 726 1933 ut
758 1904 916 1933 causas
952 1885 1332 1950 comprehendant
1364 1895 1408 1933 et
1439 1884 1804 1949 complectantur.

334 1961 523 2024 Spiritus
564 1980 668 2010 vero
711 1963 804 2010 sive
843 1963 955 2010 ratio
997 1962 1109 2026 legis
1149 1956 1263 2009 adeo
1301 1961 1389 2009 late
1426 1971 1573 2025 patet,
1618 1972 1668 2009 ut
1707 1961 1811 2008 nul-

333 2035 426 2082 lum
459 2038 729 2100 exceptioni,
759 2048 833 2084 aut
866 2038 1115 2085 limitationi
1155 2037 1298 2085 locum
1339 2037 1576 2102 relinquat.
1606 2036 1652 2082 Si
1686 2037 1806 2084 enim

334 2113 418 2160 hae
451 2130 612 2159 causae
645 2132 733 2162 non
768 2115 856 2162 alia
890 2115 1058 2163 ratione
1081 2116 1304 2180 pertinent
1337 2114 1395 2162 ad
1420 2132 1559 2166 unum
1593 2113 1809 2162 ecclesiae

333 2187 571 2245 iudicium,
610 2190 696 2236 nisi
732 2191 838 2256 quia
871 2184 1120 2239 contractus
1153 2190 1498 2238 matrimonialis
1530 2200 1599 2237 est
1629 2207 1733 2238 vere
1766 2200 1810 2237 et

331 2264 510 2328 proprie
545 2283 680 2311 unum
713 2284 766 2312 ex
801 2278 969 2331 septem
1012 2268 1123 2331 legis
1165 2266 1450 2331 evangelicae
1485 2262 1802 2324 sacramentis,

331 2339 447 2387 sicut
475 2340 585 2388 haec
622 2345 883 2389 sacramenti
908 2345 1020 2392 ratio
1054 2344 1303 2391 communis
1328 2353 1396 2390 est
1425 2343 1622 2389 omnibus
1656 2342 1805 2390 causis

264 2438 266 2440 ·
330 2417 755 2474 matrimonialibus,
792 2418 853 2464 ita
886 2437 1025 2466 omnes
1060 2420 1146 2466 hae
1169 2437 1332 2467 causae
1357 2429 1561 2482 spectant
1590 2420 1714 2465 unice
1747 2417 1805 2464 ad

329 2491 500 2539 iudices
535 2493 888 2550 ecclesiasticos,
917 2511 1016 2541 cum
1052 2495 1206 2543 eadem
1243 2496 1301 2543 sit
1333 2494 1445 2542 ratio
1482 2495 1529 2540 in
1563 2493 1800 2551 omnibus;

327 2578 376 2615 ut
409 2586 591 2617 concors
627 2580 694 2617 est
727 2570 1054 2617 canonistarum
1081 2572 1321 2629 sententia,
1351 2589 1407 2618 ne
1440 2571 1497 2617 iis
1521 2569 1704 2635 quidem
1729 2586 1805 2616 ex-

327 2644 490 2708 ceptis,
519 2646 598 2710 qui
623 2645 804 2693 minime
834 2647 979 2694 favere
1003 2649 1219 2696 ecclesiae
1243 2648 1415 2695 iuribus
1440 2646 1551 2694 satis
1576 2663 1802 2711 superque

326 2735 477 2767 eorum
502 2721 668 2787 scripta
695 2721 1012 2770 demonstrant.
1042 2724 1217 2772 Etenim
1245 2733 1293 2771 ut
1317 2722 1463 2771 verbis
1487 2733 1665 2770 utamur
1686 2722 1803 2769 Van-

324 2795 473 2860 Espen
497 2797 593 2859 (ius
611 2788 770 2846 eccles.
793 2816 838 2863 p.
862 2799 941 2844 Ill.
966 2799 1032 2846 tit.
1059 2801 1102 2846 2.
1125 2817 1165 2847 c.
1190 2802 1234 2846 1.
1258 2818 1303 2846 n.
1331 2800 1374 2845 4.
1397 2808 1503 2851 etun.
1528 2801 1606 2846 11.
1628 2800 1796 2860 et12.)

334 2870 540 2921 Unanimi
572 2891 776 2921 consensu
807 2884 1034 2939 receptum
1052 2886 1113 2922 est
1146 2892 1300 2923 causas
1323 2885 1690 2923 sacramentorum
1712 2891 1803 2922 essa
