1980 3260
323 227 414 259 mr.
431 227 507 260 vn.
524 228 577 260 nn
596 227 722 261 nnn.
740 226 869 261 utrm.
887 226 972 260 cun
991 227 1126 260 rium„
1144 227 1224 260 vm,
1243 228 1327 260 mr.
1347 228 1410 260 sn.
1438 229 1531 261 aar.
1548 229 1577 260 1.
1642 214 1730 260 311

250 305 356 354 dem
380 305 517 354 humo
548 306 795 372 eodemque
822 306 1010 354 humore
1043 305 1207 371 quibus
1231 306 1409 372 plantae
1430 306 1728 363 vivificantur,

251 381 393 430 altera
414 382 630 431 crescitet
643 381 934 431 foecundatur
948 420 958 440 ‚
986 381 1094 447 quia
1111 399 1253 447 capax
1276 393 1343 430 est
1358 420 1368 438 ‚
1390 381 1528 430 altera
1551 382 1731 438 arescit,

250 458 360 523 quia
386 468 560 506 mortua
585 468 726 515 estet
750 458 1032 514 infoecunda.
1057 458 1122 505 Ex
1149 457 1326 506 duobus
1356 458 1523 524 quibus
1547 475 1637 506 uno
1661 476 1737 506 eo-

251 533 448 600 demque
477 546 580 583 actu
614 535 841 584 confertur
874 534 1125 592 absolutio,
1162 534 1275 584 alter
1313 534 1456 599 gratia
1487 534 1735 583 vivificatur

250 610 589 668 sacramentali,
628 610 739 659 alter
771 627 876 659 vero
916 629 1233 677 nequaquam,
1273 610 1583 677 dispositionis
1618 611 1738 660 eius-

250 686 354 735 dem
387 686 594 743 defectu3
633 697 678 734 et
711 687 773 735 ita
807 705 956 752 porro.

348 762 497 819 Quum
530 779 635 811 vero
670 763 782 812 istae
816 764 1084 830 praecipuae
1118 765 1209 812 sint
1242 764 1527 813 difficultates
1569 764 1736 830 quibus

250 837 364 887 haec
398 838 540 886 thesis
574 849 783 901 urgetur,
821 856 903 887 nec
937 851 1082 887 tamen
1125 839 1296 888 eisdem
1340 840 1592 904 quatiatur,
1644 840 1739 901 iure

252 914 507 979 colligimus
537 914 656 962 hanc
690 931 772 963 ceu
805 915 1023 963 veriorem
1059 915 1235 964 admitti
1269 933 1419 981 posse.

349 991 431 1044 Ast
464 991 574 1057 quid
601 991 884 1039 sentiendum
909 991 967 1039 de
990 992 1273 1040 matrimonio
1297 1009 1451 1040 eorum
1487 991 1738 1039 infidelium

248 1086 305 1117 ex
337 1067 505 1134 quibus
539 1067 650 1115 alter
679 1067 735 1115 fit
766 1067 1042 1116 christianus
1076 1078 1120 1115 et
1152 1067 1430 1134 baptizatur,
1469 1068 1608 1117 altero
1632 1086 1738 1116 con-

253 1145 358 1209 iuge
391 1144 438 1191 in
474 1143 738 1193 infidelitate
774 1155 1090 1209 permanente;
1128 1145 1288 1193 evadet
1315 1163 1371 1193 ne
1395 1163 1448 1193 ex
1473 1156 1600 1212 parte
1633 1164 1740 1194 con-

252 1220 370 1269 versi
403 1231 733 1268 sacramentum
764 1220 987 1269 eiusmodi
1017 1220 1311 1285 coniugium?
1334 1222 1469 1286 Resp.
1497 1221 1735 1286 Neqative,

250 1297 361 1363 quia
394 1296 594 1363 alioquin
629 1315 718 1345 non
754 1308 908 1363 posset
929 1297 1022 1347 ullo
1046 1298 1092 1344 in
1116 1315 1226 1346 casu
1250 1298 1516 1356 dissociari;
1545 1310 1741 1347 attamen

250 1384 421 1423 certum
454 1385 523 1423 est
546 1413 556 1432 ,
601 1375 723 1440 quod
758 1375 798 1423 si
833 1374 1029 1423 infidelis
1063 1386 1165 1441 post
1198 1375 1382 1441 aliquod
1419 1386 1596 1441 tempus
1631 1375 1743 1424 nolit

249 1450 447 1517 amplius
472 1468 572 1499 cum
597 1462 724 1516 parte
747 1451 872 1500 fideli
899 1451 997 1500 sine
1021 1451 1186 1500 iniuria
1209 1452 1430 1501 Creatoris
1455 1453 1737 1509 cohabitare,

251 1528 396 1593 possit
429 1528 686 1592 coniugium
712 1528 844 1586 solvi,
873 1528 936 1576 ita
958 1539 1008 1576 ut
1031 1528 1179 1577 fidelis
1215 1547 1352 1578 novas
1386 1528 1532 1577 valeat
1564 1540 1743 1578 contra-

252 1604 360 1653 here
391 1605 591 1670 nuptias.
621 1605 835 1671 Adeoque
868 1606 1026 1671 dispar
1049 1615 1117 1653 est
1141 1606 1253 1654 ratio
1278 1606 1392 1655 inter
1415 1624 1517 1654 eum
1536 1644 1546 1663 ,
1575 1606 1654 1671 qui
1680 1605 1744 1654 le-

250 1680 408 1745 gitima
430 1681 752 1730 interveniente
776 1681 1133 1747 dispensatione,
1161 1682 1495 1730 matrimonium
1519 1681 1745 1730 contrahit

251 1774 354 1806 cum
388 1757 588 1816 infideli,
627 1770 671 1807 et
703 1776 833 1816 eum,
878 1759 956 1824 qui
992 1776 1046 1807 ex
1080 1759 1343 1807 infidelitate
1376 1758 1434 1806 ad
1470 1759 1604 1806 fidem
1638 1776 1745 1807 con—

251 1835 456 1883 vertitur.
496 1835 623 1883 Illius
663 1836 783 1883 enim
828 1836 1087 1900 coniugium
1121 1848 1190 1884 est
1223 1836 1358 1901 plane
1391 1835 1706 1884 indissolubile
1729 1874 1739 1892 ,

253 1912 385 1960 istius
413 1930 520 1961 vero
553 1913 888 1961 matrimonium
923 1914 1109 1962 dissolvi
1145 1924 1310 1979 potest,
1352 1913 1555 1978 adeoque
1588 1912 1746 1978 nequit

252 1989 299 2036 in
335 1989 421 2038 isto
445 1990 714 2038 sacramenti
740 1991 854 2038 ratio
877 1991 1077 2055 agnosci.
1105 1991 1266 2038 Verum
1291 1990 1402 2038 haec
1426 1989 1616 2038 clariora
1639 2006 1743 2037 eva-

252 2065 359 2116 dent
381 2084 435 2116 ex
459 2067 540 2126 iis,
569 2085 685 2133 quae
702 2064 1025 2133 in'insequenti
1049 2067 1236 2116 articulo
1256 2085 1356 2116 mox
1374 2066 1536 2114 dicturi
1562 2084 1735 2115 sumus.

817 2205 1095 2242 ARTICULUS
1121 2205 1170 2241 11.

261 2298 445 2347 Quaestio
475 2298 707 2348 expenditur
733 2298 897 2337 iuridica
921 2298 969 2337 de
993 2303 1180 2349 potestate
1203 2299 1464 2338 ecclesiastica
1480 2299 1522 2337 in
1539 2298 1737 2337 MatrImo-

357 2364 425 2401 nia
454 2362 670 2402 infidelium
688 2367 775 2412 post
792 2364 907 2401 unius
923 2363 984 2401 vel
1003 2364 1203 2413 utriusque
1227 2363 1401 2413 coniugis
1419 2364 1708 2401 conversionem
1724 2389 1737 2411 ,

358 2438 431 2466 nec
457 2438 535 2466 non
566 2428 607 2465 in
643 2427 892 2466 Matrimonia
921 2426 1093 2486 fidelium
1119 2438 1208 2466 cum
1236 2425 1470 2466 infidelibus.

351 2525 738 2582 Quemadmodum
783 2525 1004 2590 tripartita
1038 2525 1122 2573 fuit
1154 2525 1358 2591 quaestio
1401 2523 1652 2586 theologica
1687 2523 1744 2570 de

253 2612 413 2651 natura
436 2602 708 2650 matrimonii
735 2611 839 2650 ante
861 2611 904 2650 et
928 2611 1031 2667 post
1052 2602 1288 2667 utriusque
1306 2601 1375 2649 vel
1393 2599 1650 2647 alterutrius
1675 2598 1745 2645 in-

254 2678 401 2728 fidelis
424 2679 629 2743 coniugis
653 2678 944 2744 baptismum,
968 2679 1030 2727 ita
1046 2679 1181 2727 etiam
1198 2678 1283 2726 erit
1300 2676 1518 2742 tripartita
1535 2675 1744 2741 quaestio

254 2755 445 2803 iuridica
477 2774 613 2822 quam
648 2756 780 2804 modo
817 2755 1125 2805 subnectimus
1161 2756 1217 2803 de
1251 2753 1468 2802 ecclesiae
1501 2752 1588 2800 hac
1622 2752 1670 2798 in
1697 2769 1743 2799 re

257 2841 475 2896 potestate
509 2851 560 2882 ac
593 2832 891 2898 legislatione.
