1980 3260
468 243 557 274 cir.
587 243 616 273 1.
641 241 735 273 ean.
759 240 854 273 mm
877 239 1041 271 rornsr.
1067 238 1230 270 nectes.
1261 238 1352 271 Aur.
1384 240 1427 270 ιι.
1628 221 1685 270 13

228 321 323 370 suis
359 321 530 385 legibus
572 331 704 384 atque
738 317 915 365 statutis
947 316 1172 380 principes
1218 316 1319 364 laici
1364 310 1688 365 autumarunt?

228 398 354 445 Certe
383 397 496 444 nihil
529 393 748 443 eiusmodi
772 393 819 437 in
843 401 933 439 tota
966 408 1094 438 sacra
1127 392 1388 456 antiquitate
1423 393 1682 441 invenietur.

227 474 314 522 Cur
337 475 599 526 enimvero,
627 469 714 516 nisi
739 469 845 533 quia
868 468 1073 516 omnibus
1099 463 1282 532 semper*
1297 487 1560 533 persuasum
1584 471 1683 527 suit,

225 549 438 597 ecclesiae
465 548 725 610 potestatem
750 545 796 590 in
821 543 1193 595 sacramentorum
1228 538 1606 594 administratione
1636 564 1688 594 ex

226 623 389 672 Christi
423 622 567 687 ipsius
602 621 827 669 voluntate
870 637 1121 684 supremam
1156 631 1289 685 atque
1320 621 1686 686 independentem

227 715 327 747 esse
361 708 562 762 oportere
581 696 605 742 5

321 773 413 820 Nisi
452 773 588 836 igitur
628 773 759 820 certis
793 789 846 819 ac
879 772 1076 833 indubiis
1122 774 1392 836 argumentis
1435 774 1691 845 ostendatur

226 858 302 896 aut
318 847 500 912 aliquod
526 848 836 932 interpositum
853 864 952 894 esse
969 847 1208 894 discrimen
1232 848 1345 895 inter
1368 840 1689 918 sacramentum

227 923 458 972 christiani
504 923 697 986 coniugii
737 941 790 970 ac
830 934 973 970 cetera
1014 934 1312 981 sacramenta,
1358 935 1434 971 aut
1467 917 1689 973 Christum

223 999 461 1048 Dominum
508 998 702 1064 aliquam
752 1015 831 1062 pro
871 997 956 1045 hoc
1002 998 1096 1046 solo
1137 1009 1413 1046 sacramento
1467 1001 1690 1064 exceptio-

226 1092 327 1122 nem
361 1075 543 1132 fecisse,
577 1075 672 1122 iure
706 1091 786 1122 nos
822 1074 1154 1131 concludimus,
1189 1075 1341 1122 eadem
1371 1075 1538 1123 ratione
1567 1075 1692 1124 inde—

227 1150 492 1215 pendentem
526 1161 659 1215 atque
693 1149 945 1214 supremam
979 1167 1080 1197 esse
1112 1149 1327 1198 ecclesiae
1359 1160 1620 1215 potestatem
1648 1152 1692 1198 in

231 1225 438 1274 connubii
468 1225 698 1273 christiani
727 1234 1075 1281 sacramentum,
1103 1242 1155 1272 ac
1183 1243 1393 1290 suprema
1416 1236 1459 1273 et
1482 1226 1694 1292 indepen—

227 1302 340 1349 dens
363 1312 431 1349 est
459 1301 663 1349 eiusdem
688 1300 902 1348 ecclesiae
925 1311 1120 1366 potestas
1138 1301 1184 1347 in
1204 1312 1480 1349 sacramenta
1503 1302 1687 1367 reliqua.

326 1378 416 1424 I-am
450 1394 554 1426 vero
587 1377 825 1425 discrimen
873 1377 1144 1424 intercedere
1178 1378 1292 1425 inter
1328 1374 1656 1426 matrimonium
1679 1417 1689 1435 ,

232 1462 362 1517 prout
406 1462 474 1500 est
518 1462 872 1509 sacramentum,
912 1470 964 1500 ac
1006 1462 1282 1500 sacramenta
1328 1453 1499 1518 reliqua
1542 1450 1697 1520 nequit

231 1527 420 1576 ostendi.
450 1528 632 1579 Etenim
666 1538 942 1576 sacramenta
977 1528 1105 1591 signa
1138 1538 1242 1576 sunt
1274 1528 1440 1591 gratiae
1474 1527 1688 1586 efficacia,

231 1604 395 1669 pariter
428 1604 697 1652 matrimonii
744 1614 1067 1652 sacramentum
1103 1604 1272 1666 gratiae
1316 1604 1494 1668 signum
1539 1604 1694 1653 efficax

231 1691 314 1729 est.
345 1681 532 1728 Unicum
560 1681 679 1746 quod
706 1692 885 1744 urgetur
910 1680 1149 1728 discrimen
1179 1680 1289 1727 illud
1324 1690 1414 1738 est,
1448 1681 1566 1745 quod
1602 1698 1696 1729 ma—

232 1758 488 1806 trimonium
520 1775 608 1806 non
636 1758 766 1806 modo
796 1758 854 1805 sit
884 1767 1234 1814 sacramentum,
1260 1774 1414 1804 verum
1436 1758 1568 1804 etiam
1592 1774 1697 1805 con-

232 1842 412 1880 tractus.
435 1832 554 1881 Haec
578 1850 708 1898 porro
731 1833 960 1880 distinctio
993 1833 1106 1881 inter
1138 1843 1407 1881 contractum
1442 1833 1535 1880 sive
1569 1831 1697 1881 natu-

234 1908 369 1956 ralem
400 1909 495 1957 sive
523 1909 696 1957 civilem
721 1919 1110 1957 etsacramentum
1135 1909 1180 1955 in
1204 1908 1424 1957 connubio
1453 1908 1697 1958 christiano

233 1985 417 2050 explosa
450 1986 596 2035 estin
631 1986 744 2034 libro
789 1986 1014 2051 superiore
1048 1986 1099 2049 in¹
1130 2002 1218 2050 quo
1251 1984 1528 2033 ostendimus
1563 2003 1697 2050 quam

237 2060 386 2109 inanis
410 2062 457 2108 in
481 2072 683 2110 concreto
707 2062 766 2110 sit
788 2061 1043 2109 huiusmodi
1079 2061 1304 2109 distinctio
1325 2099 1335 2118 ‚
1374 2079 1487 2127 quae
1520 2063 1696 2110 nonnisi

236 2138 406 2185 ratione
442 2139 680 2188 etvmentis
721 2148 937 2202 conceptu
971 2137 1141 2184 admitti
1177 2147 1341 2201 potest,
1379 2138 1563 2185 minime
1595 2155 1699 2186 vero

234 2213 281 2260 in
317 2229 388 2269 re,
425 2214 488 2260 ita
521 2224 571 2261 ut
589 2215 718 2263 ¹duae
759 2215 963 2261 entitates
1007 2212 1146 2261 reales
1191 2223 1440 2261 contractus
1475 2223 1517 2260 et
1551 2231 1699 2262 sacra-

234 2297 432 2335 mentum
462 2287 615 2335 haberi
642 2289 855 2344 debeant,
883 2306 983 2336 cum
1007 2289 1142 2335 iuxta·
1158 2288 1419 2337 catholicam
1454 2289 1699 2337 doctrinam

236 2363 529 2412 christianum
566 2365 818 2429 coniugium
854 2364 967 2411 nihil
991 2364 1112 2412 aliud
1128 2365 1200 2412 sit
1223 2365 1269 2411 in
1294 2383 1376 2413 suo
1399 2365 1573 2413 formali
1597 2382 1700 2413 con-

239 2449 536 2505 ceptu'quam
564 2440 683 2505 ,ipse
704 2451 950 2489 contractus
983 2451 1159 2489 evectus
1183 2441 1525 2505 addignitatem
1554 2440 1700 2489 sacra-

238 2515 394 2571 menti,
419 2532 499 2563 seu
516 2516 716 2580 pressius
743 2516 887 2565 adhuc
902 2555 912 2573 ‚
934 2534 1067 2582 quam
1086 2517 1184 2581 ipse
1201 2527 1452 2566 contractus
1472 2517 1656 2565 effectus
1676 2535 1701 2563 a

239 2589 413 2639 Christo
446 2603 768 2640 sacramentum
798 2594 943 2641 autin
968 2603 1583 2641 sacramentumconversus.
1615 2594 1701 2640 Ita-

240 2683 326 2731 que
359 2684 411 2716 eo
444 2668 543 2733 ipso
576 2669 695 2733 quod
736 2669 936 2718 Christus
971 2670 1213 2735 nuptialem
1248 2680 1517 2718 contractum
1553 2668 1702 2717 sacra-

240 2751 434 2790 mentum
452 2743 674 2801 effecerit,
696 2762 784 2793 non
802 2745 994 2811 amplius
1019 2746 1214 2811 dispesci
1240 2757 1315 2794 aut
1330 2746 1536 2811 ‘separari
1563 2756 1705 2810 potest

243 2818 353 2866 ratio
387 2821 651 2868 sacramenti
687 2840 711 2869 a
748 2822 915 2870 ratione
949 2833 1230 2879 contractuS,
1270 2833 1312 2871 et
1346 2823 1594 2877 viceversa,
1625 2821 1701 2868 sed
