1980 3260
323 203 412 249 370
575 214 656 247 Lm.
685 214 731 246 11.
759 213 874 246 SECT.
901 212 1074 245 ALTERA.
1103 213 1156 243 ΒΕ
1191 212 1356 245 Pon-:ST-
1385 213 1528 247 etvm.

321 295 567 342 animarum
602 302 852 338 nostrarum
887 290 1097 337 definitae
1131 300 1235 337 sunt
1280 288 1448 352 (34)‘?»
1472 290 1649 346 Quibus
1678 306 1798 358 pate-

320 371 425 418 facit
457 368 544 416 sibi
579 368 697 415 circa
719 367 875 415 civiles
899 366 1022 430 leges
1045 366 1239 414 tribuere
1262 377 1524 431 potestatem
1539 405 1549 423 ‚
1577 368 1698 416 circa
1717 388 1797 420 m,-

321 462 460 493 nones
483 461 587 492 vero
612 461 762 491 sacros
787 454 831 491 et
853 443 1032 491 divinas
1055 442 1177 507 leges
1212 443 1453 491 custodiam
1473 444 1606 492 unice
1628 445 1800 494 adseri*

323 520 442 568 bere.
469 519 641 567 Deinde
663 519 949 584 prosequitur
971 519 1091 566 idem
1115 518 1356 584 imperator
1377 518 1566 585 loquens
1585 520 1632 567 in
1650 521 1802 585 specie

319 595 375 643 de
393 595 533 643 sacris
550 594 819 642 canonibus:
845 593 967 650 «Qui
984 594 1104 642 enim
1121 611 1274 643 sacros
1299 612 1493 643 canones
1513 595 1794 654 custodiunt,

319 671 498 719 Domini
532 672 613 719 Dei
655 671 874 720 adiutorio
913 671 1038 735 digni
1079 681 1205 719 sunt:
1242 671 1320 737 qui
1360 678 1506 719 autem
1545 689 1624 720 eos
1658 683 1802 722 trans-

319 748 605 812 grediuntur,
644 748 733 813 ipsi
781 748 1045 814 semetipsos
1090 748 1256 797 iudicio
1300 749 1491 797 reddunt
1530 749 1797 798 obnoxios.»

318 823 510 887 Agnovit
544 824 681 887 igitur
713 824 788 872 hic
821 824 1050 887 legislator
1086 841 1241 872 verum
1275 835 1445 872 reatum
1478 825 1525 872 in
1557 835 1802 890 transgres-

319 900 447 948 sione
487 917 706 949 canonum
729 939 739 957 ,
783 901 984 966 adeoque
1024 900 1126 949 illos
1165 918 1316 949 veram
1355 901 1566 950 inducere
1605 920 1660 950 ex
1699 919 1802 950 sese

321 976 659 1041 obligationem3
687 977 808 1043 quod
842 977 1007 1025 clarius
1041 977 1190 1026 adhuc
1224 988 1344 1043 patet
1375 995 1429 1025 ex
1458 978 1801 1044 insequentibus

320 1053 487 1101 verbis:
507 1053 666 1109 «Quod
684 1064 832 1101 autem
851 1054 992 1102 divini
1012 1071 1210 1102 canones
1227 1054 1464 1119 prohibent
1481 1054 1665 1103 clericos
1677 1072 1796 1113 esse,

321 1128 401 1193 qui
435 1129 678 1177 secundam
711 1147 893 1178 uxorem
928 1130 1171 1187 duxerunt,
1209 1140 1253 1177 et
1285 1129 1400 1177 inter
1431 1147 1583 1178 sacros
1606 1130 1802 1179 Basilius

320 1204 489 1252 docens
513 1204 580 1252 sic
602 1205 687 1253 ait:
715 1205 922 1268 Bigamos
952 1222 1093 1253 canon
1119 1205 1370 1253 ministerio
1397 1205 1611 1264 excludit,
1633 1206 1797 1271 inquit,

321 1288 366 1327 et
387 1297 440 1327 ex
465 1280 522 1328 iis
546 1281 805 1344 progenitos
834 1283 951 1343 (35).
968 1300 990 1325 »
1012 1280 1201 1329 Demum
1230 1280 1456 1330 concludit
1475 1298 1575 1347 cap.
1600 1282 1658 1329 ll.
1675 1301 1698 1327 α
1718 1282 1802 1330 His

323 1355 485 1418 igitur,
523 1373 641 1421 quae
674 1356 815 1404 sacris
848 1356 1096 1404 canonibus
1130 1356 1308 1422 definita
1343 1368 1468 1414 sunt,
1514 1358 1797 1416 insistentes,

320 1441 600 1495 praesentem
634 1432 863 1481 sancimus
903 1432 1046 1496 legem
1074 1435 1171 1496 (36)
1197 1453 1221 1479 »
1246 1451 1406 1500 nempe
1438 1434 1496 1482 ad
1534 1452 1613 1483 eos
1652 1444 1803 1483 tutan-

319 1507 403 1556 dos
438 1517 487 1555 ut
510 1508 760 1557 executioni
785 1508 1068 1557 mandentur.
1097 1510 1255 1576 ltaque
1277 1520 1453 1560 constat
1473 1528 1529 1559 ex
1552 1511 1803 1560 Iustiniano

323 1601 408 1631 non
440 1602 622 1632 canones
657 1585 846 1651 leqibus,
884 1586 959 1633 sed
995 1586 1106 1651 leqes
1139 1587 1374 1635 canonibus
1407 1587 1611 1636 adiectas*
1635 1588 1798 1652 suisoe,

321 1676 451 1707 secus
485 1677 538 1708 ac
570 1659 710 1708 velint
742 1660 995 1724 regalistae.

417 1736 468 1783 Id
502 1736 651 1802 ipsum
684 1737 919 1785 confirmat
952 1738 1038 1786 Leo
1059 1738 1131 1785 vl.
1159 1748 1452 1803 cognomento
1480 1740 1703 1804 Sapiens,⁴
1720 1740 1799 1806 qui

324 1811 494 1877 aliquot
526 1823 627 1879 post
643 1813 796 1862 secula
813 1814 1061 1862 Iustiniano
1083 1816 1324 1873 successit,
1345 1816 1516 1881 quique
1537 1816 1796 1874 constitu.-

324 1907 348 1933 ιι
363 1887 509 1944 Quum
527 1890 824 1948 sacrosancti,
853 1890 1022 1956 inquit,
1049 1891 1282 1957 divinique
1304 1909 1498 1941 canones
1511 1930 1522 1951 ,
1542 1903 1588 1941 et
1601 1893 1802 1958 quicum·

320 1981 410 2028 que
442 1964 517 2011 alii
552 1965 608 2013 de
642 1966 892 2016 sacerdotio
926 1977 970 2015 et
1002 1967 1314 2033 episcoporum
1352 1968 1576 2016 creatione
1606 1978 1802 2018 statuere

323 2040 370 2087 in
393 2041 609 2105 optimum
633 2043 922 2109 numerisque
938 2043 1146 2091 omnibus
1166 2044 1348 2109 plenum
1365 2044 1474 2092 editi
1491 2055 1600 2093 sunt
1614 2045 1799 2093 modum

324 2120 398 2178 (et
419 2117 600 2181 quidem
624 2120 847 2184 quomodo
872 2119 939 2167 illi
963 2137 1053 2168 non
1076 2131 1230 2168 exacte
1252 2121 1535 2187 perfecteque
1563 2121 1674 2169 editi
1707 2121 1801 2170 sint

320 2210 422 2240 cum
440 2192 595 2241 divina
611 2196 847 2260 inspiratio
865 2197 913 2244 in
930 2197 1189 2245 auctoribus
1202 2197 1446 2245 efficaciter
1456 2207 1639 2262 operata
1650 2197 1768 2260 sitit)
1785 2236 1798 2256 ‚

320 2269 472 2317 mirari
505 2270 648 2327 subit,
686 2273 908 2337 quomodo
941 2291 1031 2322 non
1054 2273 1183 2322 veriti
1213 2271 1417 2322 nonnulli
1441 2274 1532 2322 sint
1554 2292 1708 2323 sacras
1730 2274 1802 2323 di-

319 2345 541 2410 vinasque
573 2345 694 2410 leges
710 2385 720 2403 ‚
748 2359 974 2414 tamquam
1000 2349 1104 2398 illae
1126 2349 1358 2398 absolutae
1385 2367 1474 2398 non
1497 2360 1675 2408 essent,
1702 2367 1802 2415 pro—

320 2421 531 2485 mulgatis
553 2421 659 2470 aliis
693 2423 866 2486 legibus
890 2425 1105 2489 abrogare
1126 2428 1222 2490 (37)
1235 2445 1278 2473 .»
1294 2425 1418 2475 Adeo
1433 2426 1585 2491 magni
1608 2426 1800 2476 faciebat

321 2497 396 2546 hic
427 2497 669 2563 imperator
700 2516 920 2548 canonum
954 2502 1287 2551 auctoritatem!

416 2619 484 2667 (34)
504 2625 588 2658 lbid.
603 2635 678 2668 pag.
694 2631 766 2659 cos.

415 2677 484 2719 (35)
505 2676 589 2710 lbid.
604 2685 676 2720 cap.
690 2674 719 2710 1'.
736 2687 809 2721 pag.
826 2683 898 2713 609.

416 2729 483 2770 (as)
506 2730 589 2762 lbid.

417 2782 483 2822 (37)
505 2785 672 2825 Imperat.
697 2785 816 2818 Leonis
845 2786 994 2826 Auqmct
1019 2787 1283 2820 constitutiones
1306 2785 1475 2819 novellae.
1495 2785 1553 2818 Ed.
1568 2785 1699 2822 neuntio.
1728 2786 1796 2819 Ste-

322 2834 419 2875 phani
447 2839 537 2869 1560.
557 2844 629 2878 pag.
652 2839 701 2870 17.
