1980 3260
270 242 361 275 cn.
375 242 448 275 vn.
465 243 515 274 οε
535 243 660 275 mun.
676 243 804 276 mnu.
818 242 902 276 cun
922 243 1056 275 riom..
1075 244 1154 275 vnn
1174 243 1257 276 ιΝτ.
1279 243 1342 276 sn.
1361 244 1453 276 Aur.
1471 244 1516 276 11.
1581 230 1671 276 327

194 319 336 384 fidelis
375 323 537 369 iustum
569 340 630 369 uc
663 322 923 370 rationabile
964 324 1169 370 motivum
1210 340 1294 370 non
1333 323 1498 370 dederit
1536 323 1674 370 disoc-

197 395 333 444 dendi
358 399 476 460 (49).

291 474 526 523 Viceversa
549 475 595 521 in
619 475 795 523 decreto
830 492 922 523 sac.
955 492 1164 539 congreg.
1194 476 1251 523 de
1275 475 1563 541 propaganda
1587 475 1675 522 fide

194 558 344 597 actum
377 550 460 597 fuit
494 549 550 597 de
583 567 694 597 casu
710 588 720 607 ,
748 550 796 597 in
820 567 910 615 quo
937 551 1204 599 adulterium
1230 569 1256 598 a
1280 563 1407 616 parte
1431 550 1550 598 fideli
1577 567 1676 614 per-

195 636 415 692 petratum
455 625 589 673 fuerit
628 636 731 674 ante
770 626 868 674 eius
911 628 1247 676 conversionem
1279 666 1289 684 ,
1339 627 1526 693 repudio
1572 627 1676 675 inde

194 711 413 767 sequuto;
451 702 706 766 quaesitum
740 714 831 760 est,
871 721 930 751 an
967 722 1072 768 pars
1110 705 1199 752 iam
1233 704 1435 752 adultera
1468 715 1512 752 et
1547 721 1677 768 repu-

192 777 340 834 diata,
374 778 413 824 si
450 787 605 842 postea
637 778 931 827 christianam
965 780 1099 828 fidem
1134 780 1385 844 amplexata
1418 780 1599 837 fuisset,
1636 790 1679 826 et

193 869 300 918 pars
334 852 532 901 infidelis
567 853 825 902 cohabitare
859 873 960 902 cum
995 855 1074 903 illa
1109 866 1388 913 recusasset,
1428 857 1493 904 uti
1529 867 1680 920 posset

194 928 432 994 privilegio
478 928 584 976 fidei
631 947 871 987 concesso,
913 941 956 979 et
990 931 1047 978 ad
1082 931 1195 979 alias
1229 933 1411 997 nuptias
1446 932 1634 980 transire
1656 932 1681 978 ⁶?

195 1017 468 1071 responsum·
495 1005 601 1054 fuit:
641 1006 934 1071 affirmative,·
971 1008 1222 1072 praemissa
1266 1019 1438 1056 tantum
1473 1008 1681 1073 interpel-

195 1081 386 1139 latione,
425 1092 574 1130 utrum
609 1099 690 1130 nec
724 1100 779 1130 ne
816 1084 1110 1148 praecesserit
1134 1085 1230 1133 sive
1254 1085 1554 1141 adulterium,
1589 1085 1681 1132 sive

196 1159 458 1225 repudium,
492 1159 601 1224 quia
628 1159 835 1207 adulterii
873 1160 1049 1208 macula
1078 1161 1351 1226 praecedens
1386 1179 1467 1227 per
1500 1178 1682 1209 conver-

197 1235 370 1284 sionem
401 1246 446 1283 et
476 1235 750 1301 baptismum
785 1235 964 1284 sublata
996 1238 1222 1285 censenda
1254 1248 1372 1294 erat,
1413 1247 1458 1285 et
1485 1254 1589 1302 pars
1614 1237 1682 1283 in—

196 1310 344 1359 fidelis
375 1311 737 1359 irrationabiliter
759 1321 802 1359 et
824 1312 989 1360 iniuste
1012 1313 1058 1359 in
1083 1324 1292 1378 suscepto
1316 1312 1505 1361 consilio
1531 1330 1683 1377 perse-

195 1387 402 1446 verabat,
440 1389 626 1436 minime
649 1405 699 1436 se
723 1389 836 1455 parti
867 1389 988 1436 fideli
1014 1390 1350 1438 reconciliandi.
1382 1389 1531 1445 Quare
1561 1390 1599 1436 si
1634 1391 1681 1436 in

197 1464 283 1513 hoc
309 1481 441 1522 casu,
471 1465 667 1514 infidelis
684 1503 694 1522 ,
722 1476 905 1530 accepta
938 1466 1298 1531 interpellatione
1318 1504 1328 1523 ,
1358 1466 1556 1531 recipere
1581 1483 1683 1530 par-

197 1550 314 1599 tem,
347 1552 391 1590 et
422 1541 626 1590 habitare
660 1560 763 1591 cum
789 1543 868 1590 illa
891 1542 1065 1608 absque
1099 1543 1322 1591 Creatoris
1357 1542 1523 1590 iniuria
1557 1559 1684 1590 recu-

197 1628 298 1676 set,
340 1618 507 1667 iustum
541 1636 630 1666 non
665 1630 766 1676 est,
804 1629 854 1666 ut
886 1618 944 1667 ob
985 1619 1333 1667 irrationabilem
1369 1618 1486 1666 hanc
1519 1618 1681 1681 agendi

197 1695 442 1752 rationem,
487 1713 591 1761 pars
636 1695 782 1743 fidelis
817 1696 863 1742 in
898 1706 1016 1744 statu
1060 1695 1338 1744 voluntariae
1380 1695 1681 1743 continentiae

197 1788 301 1820 cum
335 1771 549 1837 peccandi
584 1771 785 1836 periculo
819 1783 998 1820 maneat
1025 1774 1143 1835 (50).

298 1848 365 1896 Ex
398 1847 567 1914 quibus
601 1848 778 1896 duabus
811 1849 858 1895 in
895 1848 1046 1913 specie
1079 1848 1313 1896 contrariis
1339 1847 1684 1897 resolutionibus

205 1935 351 1991 patet,
390 1925 511 1991 quod
546 1925 585 1974 si
622 1943 728 1990 pars
763 1925 910 1974 fidelis
945 1935 1047 1990 post
1081 1925 1418 1974 conversionem
1452 1935 1495 1973 et
1528 1924 1685 1990 pacifi-

200 2018 302 2050 cam
337 2018 439 2054 cum
466 2012 599 2068 parte
624 2002 803 2050 ‘infideli
837 2002 1211 2051 cohabitationem
1247 2002 1464 2051 adulterio
1499 2019 1548 2050 se
1588 2000 1685 2066 pol-

201 2078 317 2137 luat,
346 2079 387 2128 si
411 2079 609 2128 infidelis
634 2080 719 2128 hac
742 2080 798 2128 de
821 2097 959 2128 causa
993 2079 1222 2136 discedat,
1261 2096 1349 2128 non
1383 2096 1518 2144 posse
1557 2077 1686 2126 adul-

203 2166 344 2205 teram
388 2155 446 2204 ad
481 2155 595 2204 alias
630 2157 822 2205 transire
855 2157 1035 2221 nuptias
1070 2156 1247 2222 fruique
1279 2155 1512 2221 privilegio
1547 2154 1679 2210 fidei;

205 2232 351 2297 possit
381 2249 485 2280 vero
520 2232 560 2280 si
596 2231 863 2280 adulterium
888 2233 1131 2297 patraverit
1157 2243 1259 2280 ante
1283 2232 1618 2282 conversionem
1642 2241 1687 2278 et

206 2307 507 2373 baptismum,
545 2308 585 2356 si
621 2318 747 2372 parte
781 2308 952 2356 infideli
977 2308 1281 2374 interpellata,
1309 2308 1419 2357 nolit
1441 2308 1554 2356 haec
1583 2324 1684 2355 cum

208 2394 335 2449 parte
358 2384 481 2432 fideli
505 2384 806 2442 reconciliari,
835 2402 1023 2450 eamque
1048 2395 1148 2449 post
1172 2384 1405 2450 repudium
1430 2384 1576 2433 denuo
1605 2400 1682 2429 su-

206 2461 381 2527 scipere
416 2472 461 2510 et
493 2479 594 2510 cum
629 2479 682 2510 ea
717 2462 901 2527 pacifice
933 2472 977 2510 et
1019 2463 1118 2511 sine
1156 2462 1425 2512 contumelia
1465 2461 1684 2509 Creatoris

206 2537 483 2586 cohabitare.

306 2615 402 2662 Non
437 2615 518 2663 abs
555 2633 601 2663 re
635 2616 718 2664 erit
751 2627 793 2664 et
828 2616 913 2664 hoc
959 2617 1122 2665 addere
1168 2635 1220 2665 ex
1266 2633 1358 2664 sac.
1389 2632 1596 2679 congreg.
1628 2614 1684 2661 dc

208 2691 496 2756 propaganda
531 2691 619 2739 fide
653 2692 855 2740 decisum
891 2693 1053 2751 fuisse,
1092 2693 1213 2759 quod
1238 2694 1277 2741 si
1303 2692 1404 2756 quis
1435 2691 1504 2738 vir
1530 2690 1685 2738 infide-

304 2815 369 2856 (49)
390 2816 450 2849 Die
474 2821 501 2849 1.
523 2819 602 2858 Aug.
624 2821 712 2851 1759.

303 2866 370 2907 (50)
391 2870 438 2900 17.
459 2869 527 2900 Ian.
549 2871 636 2901 1797.
