1980 3260
274 264 362 296 cir.
382 265 426 296 11.
445 265 496 296 ni:
515 265 629 296 rect..
652 265 813 298 rorsssr.
830 265 971 297 consr.
988 265 1075 296 mr.
1095 266 1218 296 mrn.
1239 266 1320 297 ma.
1338 266 1427 296 iar.
1446 266 1473 295 1.
1556 253 1612 296 37

262 342 542 406 losephinam
559 343 614 389 de
633 343 909 390 matrimonio
927 341 1243 404 legislationem
1268 341 1493 406 adoptavit
1516 360 1614 389 san-

166 419 315 482 xitque
348 418 737 482 pseudo-synodus
761 418 1061 482 pistoriensis,
1083 416 1186 462 dum
1206 417 1250 462 in
1283 418 1472 475 decreto,
1496 418 1613 482 quod

164 494 268 557 fidei
295 493 568 549 inscribitur,
592 493 716 541 titulo
740 494 801 540 De
825 494 1093 539 matrimonio
1118 510 1161 538 n.
1189 493 1231 537 7.
1265 494 1492 540 constituit
1511 514 1533 538 «
1550 493 1614 539 Ad

168 586 416 633 supremam
455 568 627 615 civilem
668 579 924 632 potestatem
963 568 1189 614 dumtaxat
1231 568 1469 630 originarie
1515 586 1617 633 spe-

167 656 311 699 ctare,
350 644 588 690 contractui
628 644 892 691 matrimonii
928 643 1148 707 adponere
1180 660 1312 707 posse
1343 644 1616 691 conditiones

165 721 262 768 eius
305 719 502 781 generis,
545 736 660 782 quae
689 719 835 782 ipsum
867 718 1034 764 nullum
1073 719 1282 774 reddant,
1322 719 1616 784 dicunturque

166 794 475 859 impedimenta
497 793 749 840 dirimentia
771 812 779 839 :
805 793 1048 841 Ecclesiam
1072 806 1244 849 contra,
1275 795 1507 857 supposito
1542 812 1615 842 so-

165 870 254 916 lum
272 886 458 917 assensu
486 869 553 916 vel
581 869 857 916 conniventia
880 869 1152 933 principum,
1185 868 1502 932 impedimenta·
1533 871 1616 917 hu-

165 945 355 993 iusmodi
391 946 564 992 sancire
589 946 808 1009 potuisse:
847 945 917 992 ius
941 961 1071 1008 porro
1109 944 1300 991 civitatis
1330 945 1617 1008 originarium

162 1021 455 1068 constituendi
481 1021 792 1085 impedimenta
819 1020 1070 1067 diri-mentia
1087 1037 1186 1066 cum
1214 1021 1307 1068 iure
1324 1020 1613 1085 dispensandi

163 1097 457 1144 essentialiter
487 1114 730 1145 connexum
764 1114 863 1144 esse
885 1099 1032 1158 (13).»
1056 1097 1188 1143 Hisce
1205 1097 1435 1161 principiis
1459 1097 1617 1144 cohae-

164 1190 264 1219 rens
298 1173 534 1237 episcopus
576 1173 694 1219 Ricci
730 1172 975 1237 supplicem
1008 1172 1205 1218 libellum
1240 1173 1362 1219 dedit
1399 1173 1617 1237 Leopoldo

164 1248 320 1310 Magno
359 1249 559 1295 Etruriae
594 1248 735 1303 Daci,
780 1265 868 1312 quo
906 1265 1006 1294 eum
1048 1258 1202 1310 rogat,
1247 1258 1294 1294 ut
1337 1247 1392 1294 de
1435 1265 1616 1295 numero

166 1323 578 1386 impedimentorum
612 1323 914 1386 cognationem
938 1323 1208 1387 spiritualem
1233 1333 1275 1370 et
1297 1322 1516 1387 publicam
1543 1323 1618 1370 ho-

165 1409 376 1446 nestatem
402 1399 526 1447 tollat
547 1438 556 1456 ‚
596 1410 639 1447 et
662 1399 965 1462 cognationem
991 1417 1067 1446 seu
1101 1399 1359 1446 affinitatem
1384 1399 1447 1446 ad
1465 1417 1618 1446 secun-

163 1475 268 1522 dum
303 1475 488 1539 gradu-m
523 1486 727 1523 coarctet.

258 1552 356 1600 Hac
383 1553 536 1600 eadem
570 1563 712 1600 aetate
745 1563 834 1599 tum
859 1552 990 1618 paulo
1014 1563 1115 1599 ante
1147 1562 1238 1598 tum
1263 1552 1394 1616 paulo
1418 1562 1517 1617 post
1539 1569 1617 1599 au-

163 1630 367 1677 striacam
392 1629 710 1693 legislationem
729 1647 780 1677 ac
804 1629 961 1695 synodi
982 1629 1260 1694 pistoriensis
1280 1629 1615 1677 celebrationem
1636 1654 1637 1658 =

166 1707 497 1753 insurrexerunt
519 1707 651 1753 etiam
675 1723 728 1753 ex
754 1707 880 1753 ltalia
912 1724 999 1754 non
1032 1707 1159 1771 pauci
1185 1706 1240 1753 ad
1270 1706 1619 1770 impugnandam

164 1782 379 1830 ecclesiae
409 1793 664 1847 potestatem
700 1783 815 1829 circa
847 1782 1191 1830 matrimonium.
1231 1782 1351 1837 Quos
1386 1782 1498 1828 inter
1530 1799 1621 1830 non

164 1858 363 1905 infimum
398 1858 543 1905 locum
577 1868 693 1905 tenet
725 1858 918 1905 Aloisius
952 1858 1064 1905 Litta
1104 1858 1446 1905 mediolanensis
1488 1859 1613 1920 (14),

163 1932 264 1980 item
299 1933 449 1980 Petrus
486 1932 736 1979 Tamburini
774 1933 998 1997 professor
1030 1933 1261 1980 ticinensis
1298 1934 1420 1995 (15);
1454 1932 1616 1997 quibus

162 2008 351 2055 accessit
385 2008 575 2055 Thomas
609 2008 788 2055 Nestius
823 2008 1103 2072 pistoriensis
1139 2010 1233 2070 (16)
1256 2045 1271 2063 ‚.
1299 2007 1375 2071 qui
1411 2017 1463 2055 uti
1490 2013 1626 2072 prae-⁴

164 2084 393 2140 cedentes,
426 2084 548 2131 Pauli
568 2084 711 2148 Sarpii
731 2102 782 2131 ac
808 2084 988 2132 Launoii
1015 2084 1262 2131 incredibili
1286 2083 1477 2132 audacia
1492 2085 1614 2150 prin-

161 2160 278 2224 cipia
311 2170 469 2207 tuetur.
1430 2169 1434 2177 ‘

256 2236 513 2300 Supremum
548 2253 650 2284 vero
681 2237 824 2298 attigit
856 2237 1042 2300 gradum
1062 2236 1366 2301 antireligiosa·
1387 2237 1444 2284 de
1464 2239 1614 2285 matri—

162 2396 218 2427 ειη
238 2395 404 2435 irritandi3
432 2395 530 2436 idque
549 2404 588 2428 ex
614 2397 682 2428 tota
708 2395 898 2437 antiquitate
912 2420 921 2437 ,
947 2396 1101 2438 quamdiu
1123 2398 1259 2438 utraque
1279 2398 1419 2437 potestas
1437 2397 1522 2430 intra
1541 2406 1622 2430 suos

160 2447 278 2481 limites
286 2472 303 2488 ‚v
317 2449 450 2490 ipsaque
470 2449 575 2481 civilis
595 2450 750 2481 maiestas·
765 2449 873 2482 illaesa
894 2451 926 2483 et
945 2451 1067 2491 integra
1087 2451 1242 2491 perstitit,
1266 2452 1352 2483 clare
1373 2451 1491 2492 patere.
1504 2463 1521 2479 ιι

250 2501 338 2533 Alios
357 2502 466 2543 plures
484 2510 541 2542 per
566 2502 599 2533 id
625 2502 778 2543 temporis
798 2503 944 2535 auctores
962 2503 996 2535 id
1010 2504 1116 2544 ipsum
1129 2503 1328 2536 adstruentes
1354 2503 1395 2536 cf.
1412 2503 1497 2545 apud
1511 2504 1618 2536 erudi-

155 2554 315 2585 tissimum
337 2553 528 2594 Roskovimy
551 2563 604 2594 op.
625 2554 680 2586 eit.
698 2555 776 2586 tom.
796 2559 823 2587 ι.
843 2554 873 2596 §.
892 2559 982 2588 1142
1000 2564 1091 2597 seqq.

250 2606 316 2647 (13)
336 2606 401 2638 Atti
423 2615 441 2639 e
461 2608 587 2640 Deci-eti
609 2607 660 2639 del
681 2607 795 2639 sinodo
815 2606 848 2639 di
870 2608 988 2640 Pistoia
1008 2617 1060 2640 an.
1080 2611 1168 2641 1786.
1185 2608 1228 2641 cf.
1253 2610 1349 2641 etiam
1370 2610 1479 2641 Potter
1502 2611 1558 2642 Vie
1571 2610 1614 2642 de

162 2659 297 2700 Scipion
321 2658 364 2691 de
389 2660 497 2699 mcci,
520 2659 645 2701 evaque
667 2659 709 2691 de
733 2661 859 2692 Pistoie
881 2662 916 2692 et
938 2662 1058 2693 Prata.
1076 2662 1241 2694 Bruxelles
1265 2666 1353 2695 1825.

250 2711 315 2752 (14)
332 2713 369 2744 In
390 2721 443 2754 op.
460 2712 524 2745 Del
543 2713 666 2745 diruto
679 2712 716 2744 di
729 2712 886 2746 stabilire
901 2714 1134 2755 impedimenti
1152 2714 1330 2747 dirimerit&
1352 2714 1380 2746 il
1396 2715 1614 2747 matrimonio

163 2773 181 2796 e
203 2764 244 2797 d&
260 2764 468 2807 dispensare.
491 2767 764 2799 Cremona1784.

250 2817 316 2857 (15)
336 2817 507 2850 Praelect.
530 2820 580 2850 De
603 2819 742 2850 iustitia
769 2818 890 2851 christ.
911 2821 945 2852 et
964 2827 1113 2852 sacram.
1132 2819 1198 2851 voi.
1221 2820 1261 2851 ll.

251 2868 316 2909 (16)
334 2871 384 2901 De
411 2869 654 2903 dirimentibus
675 2870 923 2911 impedimentis
939 2871 1027 2905 liber
1039 2871 1239 2913 sinqularis.
1262 2872 1440 2905 Florentiae
1464 2875 1550 2905 1785.
