1980 3260
231 265 321 299 cu».
339 267 382 298 v.
400 266 452 298 nr:
471 265 588 298 rect.
603 265 695 298 ror.
714 265 757 298 m
775 263 1025 298 causum.
1039 263 1090 297 Ac
1107 263 1150 297 m
1170 264 1311 298 spons.
1326 265 1419 298 aar.
1437 265 1467 298 1.
1540 251 1631 297 185

170 343 311 392 stolus
345 344 537 392 ostendit
570 343 850 410 apertissime
883 342 1137 406 coniugium
1171 343 1217 389 in
1259 343 1356 407 lege
1390 342 1635 392 christiana

170 420 292 468 nullo
319 421 450 469 modo
478 419 671 486 pendere
703 436 730 467 a
753 419 991 467 Caesarum
1013 418 1185 482 legibus
1205 456 1215 475 ,
1254 436 1354 467 cum
1388 437 1441 467 ea
1475 430 1636 468 statue-

170 497 228 544 rit
259 514 374 562 quae
402 497 571 544 eisdem
596 495 946 544 adversabantur
961 533 971 553 ‚
997 494 1066 544 vel
1096 505 1212 543 certe
1235 495 1281 542 in
1305 495 1362 543 iis
1385 513 1473 543 non
1498 496 1637 544 conti-

166 572 398 621 nebantur.
437 572 665 620 Absonum
697 588 830 636 porro
863 572 974 619 foret
1012 571 1160 620 dicere
1196 589 1334 637 penes
1370 571 1522 620 civilia
1555 572 1634 620 tri-

167 648 351 697 bunalia
383 648 539 696 fideles
572 648 784 696 debuisse
809 664 968 696 causas
1001 648 1290 696 connubiales
1315 649 1499 712 agitare,
1522 665 1637 713 quae

168 743 248 791 pro
263 724 435 773 obiecto
451 723 665 771 haberent
681 723 776 771 sive
794 741 820 771 a
837 723 1016 772 Christo
1032 724 1126 772 sive
1144 723 1200 772 ab
1212 724 1424 789 Apostolo
1444 725 1630 773 sancita.

263 800 320 848 Et
345 799 456 847 haec
491 798 673 863 quidem
700 816 754 846 ex
788 799 930 846 sacris
968 799 1155 856 litteris;
1194 801 1316 864 quod
1348 818 1453 849 vero
1485 802 1639 849 attinet

166 877 225 926 ad
257 876 536 924 traditionem
554 913 564 933 ,
591 874 827 938 omnigena
850 886 1092 940 suppetunt
1115 886 1375 939 argumenta
1390 914 1400 934 ‚
1423 894 1539 942 quae
1561 895 1638 926 ve-

167 951 286 1000 ritati
320 951 391 1000 cui
426 951 780 1017 patrocinamur‚
821 951 1137 1015 suffragantur.

262 1027 326 1076 Ac
368 1027 512 1093 primo
545 1027 772 1091 negativa,
818 1027 897 1075 sed
932 1044 1115 1091 prorsus
1151 1027 1476 1085 ineluctabilia;
1518 1027 1641 1076 nulla

167 1103 389 1170 siquidem
422 1103 564 1152 tribus
597 1103 820 1168 prioribus
854 1102 1066 1151 ecclesiae
1100 1104 1263 1152 seculis
1303 1104 1462 1168 legitur
1503 1121 1640 1153 causa

166 1179 445 1229 connubialis
469 1179 813 1228 christianorum
837 1180 892 1227 ad
915 1180 1200 1243 magistratus
1226 1180 1430 1246 politicos
1459 1180 1634 1239 delata;

166 1256 255 1305 imo
287 1255 532 1305 absurdum
577 1266 645 1305 est
682 1255 752 1305 vel
796 1255 1013 1322 suspicari
1057 1256 1255 1322 aliquam
1294 1257 1351 1305 ad
1392 1275 1468 1306 eos
1519 1257 1641 1306 dela-

168 1342 258 1380 tam
295 1332 451 1379 fuisse.

263 1407 468 1456 Secundo
497 1425 603 1456 vero
632 1407 897 1457 documenta
922 1419 1074 1457 extant
1103 1409 1322 1474 positiva,
1367 1409 1487 1474 quod
1521 1409 1641 1457 eius-

167 1484 288 1533 modi
323 1501 487 1533 causae
521 1502 548 1532 a
583 1484 792 1532 tribunali
834 1484 1135 1534 ecclesiastico
1178 1485 1342 1533 suerint
1374 1485 1636 1550 diremptae.

167 1561 341 1609 Etenim
376 1562 689 1627 praetermisso
722 1561 1088 1627 pseudo-Abdia,
1126 1563 1204 1628 qui
1249 1562 1380 1610 refert
1418 1561 1641 1627 Philippis

169 1655 197 1686 a
228 1655 269 1686 B.
303 1637 479 1686 Andrea
512 1637 712 1703 apostolo
743 1639 902 1687 vetitas
926 1638 1067 1687 fuisse
1090 1638 1269 1705 nuptias
1309 1638 1497 1686 duorum
1532 1655 1637 1686 con-

170 1714 453 1763 sobrinorum
476 1714 613 1763 veluti
638 1715 830 1763 incestas
859 1717 945 1778 (7),
974 1715 1163 1780 legimus
1191 1715 1389 1762 indultas
1418 1732 1444 1762 a
1463 1714 1643 1763 Callisto

170 1808 313 1856 papa,
344 1808 474 1839 secus
506 1807 558 1838 ac
581 1790 744 1838 ferrent
771 1790 893 1855 leges
927 1808 1167 1848 romanae,
1197 1791 1375 1856 nuptias
1396 1791 1510 1838 inter
1532 1790 1646 1838 chri-

173 1867 344 1915 stianas
376 1867 593 1931 ingenuas
612 1866 828 1914 foeminas
846 1877 891 1915 et
918 1884 1093 1924 servos,
1122 1885 1288 1932 easque
1323 1878 1441 1915 ratas
1466 1866 1646 1915 omnino

171 1960 223 1991 ac
245 1942 390 1991 licitas
424 1943 692 1991 decrevisse.
734 1943 833 1999 Qua
856 1943 912 1991 de
942 1961 989 1991 re
1018 1943 1359 2008 antiquissimus
1383 1953 1535 1991 auctor
1562 1960 1635 2008 op.

169 2019 654 2086 Philosophumenorum
689 2019 847 2068 acerbe
881 2019 1112 2068 Callistum
1137 2020 1312 2068 incusat
1339 2021 1423 2083 (8),
1454 2018 1534 2067 sed
1560 2019 1644 2066 im-

259 2154 306 2196 (7)
324 2154 395 2187 Lib.
411 2155 469 2186 111.
486 2155 660 2188 Historiae
672 2154 880 2196 apostolicae
901 2155 1005 2186 n.X1.
1023 2154 1110 2195 apud
1123 2154 1304 2187 Fabricium
1329 2153 1443 2188 codex
1455 2154 1644 2196 Apocryph.

169 2207 262 2239 Novi
284 2207 371 2240 Test.
386 2208 466 2238 tom.
483 2207 524 2237 ΙΙ.
544 2214 616 2246 pag.
636 2208 696 2239 469
714 2214 782 2247 seq.
802 2206 892 2243 Quae
916 2205 957 2238 ad
979 2206 1067 2238 hunc
1081 2206 1269 2247 scriptorem
1294 2215 1371 2239 sane
1389 2206 1560 2247 antiquum
1576 2215 1646 2247 spe·

168 2259 276 2300 ctant,
303 2258 505 2300 reperiuntur
524 2257 612 2299 apud
638 2257 788 2290 eumdem
804 2257 988 2291 Fabricium
1012 2257 1047 2290 in
1071 2258 1202 2300 praevia
1227 2260 1433 2292 Testimonia
1456 2260 1490 2291 et
1509 2267 1644 2291 censur.

171 2310 214 2344 de
239 2311 302 2344 hoc
324 2319 424 2354 opere
447 2310 577 2343 Abdiae
606 2309 793 2351 adscripto.

258 2365 326 2396 Nos
354 2363 411 2395 vix
439 2362 604 2395 innuimus
630 2371 714 2403 quae
741 2362 809 2394 illic
830 2362 1008 2404 habentur,
1034 2372 1109 2396 cum
1134 2363 1257 2396 nuliius
1279 2363 1345 2397 sere
1374 2364 1577 2397 auctoritatis
1591 2364 1644 2396 sit.

167 2416 269 2449 Miror
296 2416 461 2458 quomodo
488 2415 530 2448 cl.
546 2415 746 2456 Muzzareili‚
772 2415 866 2448 ilium
881 2415 1022 2449 adducat
1045 2416 1105 2449 sub
1120 2417 1250 2451 nomine
1268 2417 1343 2450 Iulii
1366 2417 1500 2450 africani
1519 2419 1555 2449 in
1577 2425 1647 2449 cer·

170 2471 300 2502 tamine
324 2471 434 2511 apost.
450 2468 507 2501 lib.
527 2470 585 2501 111.

261 2523 307 2564 (8)
332 2524 402 2555 Hoc
415 2530 497 2564 opus
510 2523 658 2564 spectans
671 2521 712 2554 ad
725 2530 789 2555 sec.
809 2522 962 2555 ecclesiae
977 2524 1035 2555 111.
1054 2524 1214 2565 repertum
1230 2524 1264 2556 in
1291 2523 1433 2565 quodam
1455 2522 1648 2554 monasterio

170 2575 206 2607 in
224 2574 359 2607 Graecia
369 2583 388 2607 a
403 2573 553 2615 Mynoide
567 2575 678 2614 Mynes
693 2582 731 2606 ac
748 2575 909 2607 Lutetiam
923 2575 1066 2608 delatum
1078 2577 1127 2608 est
1139 2584 1191 2608 an.
1207 2578 1295 2608 1842.
1311 2575 1427 2607 oxonii
1440 2574 1524 2615 typis
1537 2574 1647 2614 vulga-

169 2628 240 2659 tum
254 2626 396 2667 primum
411 2626 460 2658 est
481 2634 534 2657 an.
554 2630 643 2658 1851.
660 2625 765 2658 Huius
780 2627 885 2667 operis
898 2626 1043 2668 inscripti
1055 2627 1371 2669 Philosophumena
1394 2626 1547 2667 quodque
1561 2626 1648 2658 exhi·

170 2679 226 2712 bct
238 2678 508 2720 haereseologiam
525 2679 622 2711 trium
637 2678 703 2711 sere
717 2678 894 2720 primorum
907 2680 1087 2713 seculorum
1101 2681 1242 2713 incertus
1255 2681 1304 2712 est
1315 2681 1438 2712 auctor.
1452 2679 1556 2711 Miller
1568 2678 1651 2711 illud

171 2732 286 2766 tribuit
311 2732 460 2774 Origeni;
484 2731 592 2764 lacobi
617 2732 651 2764 in
670 2732 843 2765 Germania
857 2741 910 2765 an.
932 2737 1020 2766 1852.
1038 2733 1193 2766 adscribit
1207 2733 1305 2766 alicui
1322 2732 1471 2774 scriptori
1494 2740 1646 2772 romano;

170 2786 299 2818 Bunsen
316 2785 351 2818 in
367 2794 421 2826 op.
441 2784 650 2827 Hippolytus
666 2784 738 2818 and
753 2784 808 2818 his
829 2793 892 2826 aye
915 2794 972 2818 seu
996 2786 1202 2828 Hippolytus
1225 2788 1367 2827 eiusque
1389 2786 1485 2817 aetas
1509 2785 1649 2825 quatuor

169 2837 293 2870 volum.
321 2837 417 2870 editis
444 2838 506 2871 sub
529 2838 626 2870 tinem
652 2837 797 2870 eiusdem
812 2838 889 2870 anni
916 2842 1005 2871 1852.
1035 2838 1203 2871 contendit
1222 2846 1335 2871 verum
1359 2838 1524 2870 auctorem
1549 2836 1647 2869 fuisse

174 2900 201 2923 s.
228 2891 439 2935 Hippolytum
465 2890 652 2933 episcopum
683 2892 904 2933 portuensem,
927 2892 1011 2925 hanc
1035 2892 1169 2926 eandem
1198 2891 1388 2925 sententiam
1415 2890 1581 2932 amplexus
1601 2891 1649 2923 est
