1980 3260
340 264 429 310 456
594 276 675 309 L113.
705 276 752 309 11.
781 276 895 308 secr.
924 275 1097 308 Auram.
1126 274 1179 307 nr:
1205 275 1371 308 rorasr.
1399 275 1540 310 mvm.

333 368 383 406 ut
415 356 601 405 honeste
635 355 823 403 societas
858 354 916 402 ad
950 371 1050 403 cum
1087 355 1219 403 finem
1254 372 1387 420 quem
1409 355 1529 402 Deus
1554 355 1807 414 constituit,

335 443 622 499 propagetur,
661 442 704 479 et
726 432 980 480 adoratores
1004 432 1098 480 veri
1121 431 1202 479 Dei
1227 432 1570 497 progignantur‚
1599 442 1731 498 atque
1753 432 1811 481 ad

334 509 610 557 honestatem
645 518 688 556 et
721 508 980 572 religionem
1015 509 1321 557 informentur.
1351 509 1401 555 In
1435 508 1536 573 ipso
1558 508 1710 574 itaque
1735 525 1812 557 na-

335 585 465 634 turali
501 595 618 633 statu
652 585 908 649 coniugium
933 597 1026 633 tum
1049 585 1106 633 ob
1130 585 1219 633 alia
1236 623 1247 643 ,
1275 595 1368 633 tum
1392 584 1561 632 ratione
1584 585 1688 633 finis
1712 601 1814 634 san-

333 672 403 710 cta
438 679 509 709 res
543 672 612 709 est
644 679 697 709 ac
730 661 960 726 religiosa,
999 661 1199 726 adeoque
1232 679 1412 718 sacrae,
1449 678 1539 709 non
1561 678 1666 710 vero
1690 660 1810 710 civili

333 737 583 785 auctoritati
599 737 803 785 obnoxia.
829 738 985 802 Itaque
997 736 1143 785 civilis
1157 747 1352 802 potestas
1368 737 1526 803 poterit
1541 736 1662 801 leges
1675 755 1815 803 quan.-

332 813 480 879 doque
494 813 684 862 condere
697 853 706 871 ‚
729 831 845 880 quae
857 813 1187 862 matrimonium
1200 813 1447 879 impediant
1458 813 1812 880 prohibeantque

332 890 379 937 in
403 890 630 939 nonnullis
656 909 802 939 rerum
825 890 1049 938 adiunctis
1082 890 1248 938 bonum
1281 889 1446 939 sociale
1479 890 1808 955 spectantibus;

333 976 378 1014 at
400 966 522 1031 leges
545 966 761 1025 condere,
789 985 906 1033 quae
928 967 1260 1015 matrimonium
1285 967 1331 1014 in
1356 984 1406 1015 se
1428 967 1662 1025 dirimant,
1696 985 1812 1033 quae

329 1043 558 1092 vinculum
593 1045 767 1110 ipsum,
806 1062 922 1109 quae
955 1044 1054 1092 iura
1086 1053 1129 1092 et
1162 1042 1310 1092 officia
1344 1043 1564 1107 attingant
1585 1061 1686 1104 cum
1710 1044 1813 1109 ipso

329 1120 509 1169 vinculo
533 1130 737 1169 conserta
752 1159 762 1178 ,
791 1120 878 1169 hoc
901 1120 1114 1167 nimirum
1139 1119 1316 1167 civilem
1340 1136 1517 1167 omnem
1549 1129 1812 1184 potestatem

329 1196 529 1254 excedit,
567 1198 667 1264 ipsa
700 1197 834 1245 etiam
870 1207 1068 1263 spectata
1100 1195 1370 1244 matrimonii
1396 1194 1547 1245 indole
1574 1195 1622 1244 in
1653 1196 1812 1244 ordine

329 1282 501 1322 tantum
535 1274 744 1322 naturali.

426 1348 513 1396 Sed
547 1360 597 1397 ut
632 1349 807 1414 plenius
841 1349 975 1397 etiam
1010 1348 1214 1397 doctrina
1236 1349 1350 1397 haec
1372 1348 1627 1407 evolvatur,
1653 1348 1812 1398 adver-

333 1426 468 1474 timus
503 1427 550 1473 in
584 1426 747 1492 triplici
782 1427 939 1475 ordine
972 1427 1090 1476 hanc
1122 1428 1479 1489 controversiam,
1502 1427 1560 1476 de
1590 1437 1810 1493 potestate

328 1503 547 1569 principis
582 1503 778 1552 infidelis
813 1504 859 1551 in
894 1504 1226 1554 matrimonium
1252 1505 1443 1570 spectari
1467 1521 1631 1570 posse:
1666 1504 1810 1570 primo

328 1579 375 1626 in
410 1579 566 1628 ordine
601 1579 958 1645 supernaturali,
1003 1580 1167 1629 deinde
1199 1580 1244 1627 in
1285 1581 1441 1629 ordine
1473 1598 1594 1629 mere
1615 1579 1810 1629 naturali

328 1655 406 1721 qui
441 1667 589 1705 tamen
623 1674 868 1722 numquam
903 1657 1065 1712 extitit,
1104 1657 1231 1706 tertio
1254 1657 1301 1704 in
1328 1657 1483 1706 ordine
1506 1675 1587 1706 seu
1610 1657 1658 1705 in
1691 1666 1812 1706 statu

327 1749 511 1787 naturae
543 1739 700 1805 lapsae
734 1750 868 1805 atque
908 1750 1143 1806 corruptae
1185 1739 1413 1788 societatis
1453 1756 1656 1805 paganae
1673 1778 1685 1797 ,
1730 1739 1809 1805 qui

330 1825 473 1864 status
509 1815 598 1864 dici
633 1816 766 1864 debet
798 1827 973 1881 praeter
1004 1827 1049 1865 et
1081 1827 1234 1866 contra
1269 1816 1531 1865 rationalem
1556 1834 1610 1865 ac
1631 1815 1811 1880 religio-

329 1908 427 1939 sam
461 1892 659 1940 hominis
694 1903 916 1941 naturam.
1683 1946 1687 1950 ,

422 1968 473 2014 In
507 1968 663 2017 ordine
698 1969 1027 2034 supernaturali
1070 1980 1120 2017 ut
1157 1987 1210 2017 ex
1252 1969 1520 2018 revelatione
1562 1968 1802 2025 novimus,

326 2044 670 2093 matrimonium
695 2046 752 2094 ab
796 2046 925 2095 initio
971 2046 1186 2094 divinitus
1236 2046 1525 2094 constitutum
1566 2044 1677 2102 suit,
1717 2061 1808 2111 quo

326 2122 678 2185 supernaturalis
726 2122 959 2170 hominum
1011 2122 1201 2171 societas
1253 2130 1573 2188 propagaretur
1623 2121 1680 2169 ad
1725 2120 1807 2176 Dei

324 2194 491 2242 cultum
527 2206 571 2243 et
601 2197 787 2260 gloriam
803 2237 813 2255 ‚
851 2208 986 2264 atque
1019 2197 1076 2245 ad
1111 2197 1497 2262 supernaturalem
1514 2249 1516 2251 ‚
1532 2196 1668 2245 finem
1702 2195 1809 2245 edu-

324 2281 512 2319 caretur.
554 2272 605 2319 ln
639 2272 898 2323 huiusmodi
945 2273 1274 2340 supernaturali
1314 2273 1473 2322 ordine
1518 2272 1807 2322 sacerdotalis

325 2347 458 2396 etiam
493 2349 733 2397 auctoritas
771 2350 987 2399 divinitus
1023 2350 1263 2399 constituta
1295 2360 1379 2407 est,
1411 2360 1549 2415 atque
1580 2350 1810 2399 matrimo-

324 2425 449 2473 nium
473 2425 531 2473 ad
554 2443 651 2474 eam
678 2427 996 2476 sacerdotalem
1031 2428 1338 2476 auctoritatem
1366 2444 1544 2492 semper
1571 2427 1800 2491 pertinuit.

322 2500 501 2549 Scilicet
533 2501 660 2567 prius
695 2501 991 2566 patriarchale
1028 2503 1325 2552 sacerdotium
1358 2502 1686 2550 matrimonium
1722 2501 1804 2549 Dei

322 2577 504 2626 nomine
534 2577 821 2642 gubernavit,
861 2579 1091 2644 rexitque;
1132 2579 1352 2628 successit
1377 2578 1540 2627 deinde
1565 2576 1707 2642 legale
1729 2594 1804 2625 sa-

321 2653 564 2702 cerdotium
583 2692 593 2711 ‚
625 2654 804 2702 demum
839 2653 1044 2702 ecclesia.
1069 2655 1324 2703 Absurdum
1350 2671 1481 2720 porro
1496 2663 1566 2701 est
1587 2670 1803 2719 quaerere

321 2747 379 2778 an
406 2729 738 2779 matrimonium
761 2729 808 2777 in
832 2729 918 2779 hoc
942 2731 1269 2795 supernaturali
1298 2730 1459 2779 'ordine
1489 2729 1707 2795 principis
1730 2729 1803 2778 in-

320 2806 468 2854 fidelis
500 2807 706 2873 potestati
743 2807 977 2857 subdatur.

415 2883 471 2931 At
503 2884 611 2949 quid
654 2884 891 2933 dicendum
933 2884 989 2932 de
1025 2884 1180 2932 ordine
1226 2882 1461 2932 naturali?
1493 2883 1576 2931 Hic
1616 2883 1800 2949 quidem
