1980 3260
393 259 450 302 84
705 269 783 299 Lm.
813 269 857 299 11.
887 268 998 299 secr.
1029 269 1056 298 1.
1089 267 1138 297 ns
1165 266 1329 296 rorasr.
1361 265 1523 297 sectus.

392 359 508 402 staS,
537 361 623 409 qua
658 343 805 399 solus,
833 345 895 390 uti
930 342 1140 390 ecclesiae
1167 352 1297 404 caput
1331 351 1373 387 et
1405 358 1643 404 supremus
1679 343 1847 391 hierar-

390 424 495 476 cha,
531 438 636 467 rom.
667 420 859 484 pontifex
890 420 1037 483 pollet.

482 496 709 542 Efficimus
734 512 888 559 porro,
920 494 1037 558 quod
1063 494 1402 558 proposuimus,
1432 510 1519 540 non
1544 494 1673 541 modo
1706 511 1759 541 ex
1781 495 1847 543 fa-

389 572 468 617 ctis
502 582 632 634 atque
671 588 695 616 a
730 570 959 633 posteriori
983 608 992 626 ,
1021 570 1099 616 sed
1135 570 1265 616 etiam
1300 586 1353 615 ex
1387 569 1450 615 rei
1491 578 1647 615 natura
1668 606 1679 626 ‚
1717 579 1849 634 atque

389 664 413 691 a
437 644 588 709 priori.
628 644 671 689 Si
697 645 813 690 enim
851 645 986 691 semel
1020 644 1265 691 constiterit
1300 644 1370 690 ius
1404 643 1523 690 istud
1557 643 1846 708 dispensandi

388 721 599 783 primatus
625 719 870 765 auctoritati
896 719 1124 766 inhaerere
1146 757 1155 774 ,
1185 736 1273 783 qua
1297 735 1405 765 rom.
1439 717 1670 782 pontifices
1699 718 1849 767 divino

389 795 481 841 iure
514 793 706 857 gaudent
740 794 785 839 in
819 794 1006 841 ecclesia
1036 794 1267 850 universa,
1306 793 1479 840 etiamsi
1516 793 1572 840 ob
1606 794 1849 858 peculiaria

388 887 530 916 rerum
554 869 761 916 adiuncta
778 880 853 916 aut
875 870 1092 932 vigentem
1117 869 1398 933 disciplinam
1417 868 1586 915 nullum
1610 868 1745 916 huius
1768 886 1849 934 po-

388 946 558 992 testatis
593 946 847 992 exercitium
883 946 1173 1009 reperiremus
1190 983 1199 1000 ,
1238 962 1325 991 non
1350 945 1513 992 idcirco
1537 944 1721 991 dubium
1748 962 1849 993 esse

388 1022 544 1085 poterit
561 1031 706 1068 utrum
731 1020 961 1083 pontifices
986 1020 1030 1066 id
1057 1030 1280 1083 praestare
1304 1019 1547 1083 potuerint,
1575 1019 1614 1066 si
1638 1020 1814 1068 occasio
1831 1058 1841 1076 ,

388 1108 461 1144 aut
496 1097 735 1144 necessitas
771 1097 813 1142 id
845 1096 1041 1152 tulisset,
1079 1107 1122 1143 et
1156 1096 1250 1142 iure
1284 1094 1586 1158 praestiterint
1607 1111 1716 1142 ⁴cum
1749 1113 1847 1144 eam

389 1183 645 1236 potestatem
675 1189 875 1219 exercere
909 1169 1591 1236 opportunum*existimaverint.
1616 1169 1760 1225 Quam
1782 1186 1850 1218 ac-

386 1248 615 1295 commoda
647 1248 705 1295 sit
736 1248 845 1294 haec
879 1246 1203 1294 animadversio
1235 1263 1287 1293 ex
1313 1244 1515 1292 dicendis
1548 1244 1729 1308 planum
1754 1245 1843 1295 fiet.

482 1325 632 1387 Itaque
666 1333 713 1369 ut
747 1323 833 1369 iam
872 1322 928 1369 ab
961 1321 1230 1384 argumentis
1261 1321 1305 1366 in
1340 1320 1440 1384 ipsa
1470 1337 1516 1367 re
1544 1319 1693 1367 insitis
1724 1337 1850 1368 exor-

388 1398 587 1453 diamur,
626 1414 677 1444 ea
721 1396 953 1460 multiplici
989 1413 1039 1442 ex
1075 1396 1220 1460 capite
1252 1395 1340 1459 peti
1381 1405 1581 1459 possunt.
1620 1395 1848 1460 Siquidem

385 1473 655 1538 exploratum
690 1472 953 1536 principium
985 1472 1029 1517 in
1063 1472 1218 1536 primis
1253 1482 1346 1527 est,
1385 1481 1518 1536 atque
1549 1470 1607 1517 ab
1641 1471 1847 1519 omnibus

387 1559 607 1613 receptum
631 1586 641 1605 ,
669 1547 822 1595 eadem
847 1558 1061 1611 potestate
1099 1547 1185 1610 legi
1227 1546 1357 1594 alicui
1393 1547 1621 1610 derogari,
1659 1564 1748 1611 qua
1780 1557 1849 1595 est

386 1625 580 1681 sancita;
618 1642 717 1671 cum
755 1624 939 1688 proinde
969 1624 1025 1671 ab
1058 1623 1269 1680 ecclesia,
1309 1634 1352 1670 et
1378 1623 1557 1688 quidem
1592 1623 1849 1671 auctoritate

385 1701 590 1765 propria,
635 1718 842 1765 suprema
878 1710 1010 1765 atque
1051 1700 1373 1764 independente
1412 1699 1649 1747 constituta
1687 1699 1851 1746 fuerint

386 1775 694 1840 impedimenta
718 1776 1056 1824 christianorum
1089 1776 1295 1838 coniugia
1326 1775 1599 1832 dirimentia,
1627 1775 1712 1823 hoc
1746 1775 1846 1840 ipso

385 1861 552 1898 constat
574 1851 772 1898 eamdem
796 1850 1027 1898 ecclesiam
1051 1868 1183 1915 posse
1205 1850 1294 1897 illis
1318 1849 1529 1914 derogare
1546 1888 1556 1908 ,
1583 1867 1663 1898 seu
1693 1867 1746 1897 ea
1779 1867 1848 1898 re-

385 1943 558 1992 movere
591 1944 641 1974 ac
670 1927 877 1974 relaxare.
909 1926 1018 1973 Cum
1044 1944 1148 1975 vero
1178 1944 1385 1991 suprema
1410 1926 1622 1974 ecclesiae
1651 1936 1846 1991 potestas

390 2003 432 2047 in
460 2019 629 2049 summo
654 2003 859 2066 pontifice
884 2003 1096 2059 resideat;
1126 2003 1212 2050 iam
1241 2013 1359 2068 patet
1380 2019 1513 2067 posse
1538 2019 1647 2050 rom.
1671 2002 1848 2067 pontifi-

388 2095 509 2135 cem,
545 2079 910 2142 quemadmodum
948 2079 1262 2144 impedimenta
1289 2079 1554 2127 constituere
1575 2115 1585 2135 ,
1621 2078 1681 2126 ita
1711 2088 1756 2126 et
1777 2095 1846 2126 re-

388 2170 561 2200 movere
583 2191 592 2209 ,
644 2171 722 2200 seu
757 2155 801 2200 in
838 2155 893 2201 iis
927 2155 1201 2220 dispensare.
1839 2159 1843 2162 ’

483 2230 730 2285 Praeterea,
752 2230 954 2277 catholici
973 2249 1124 2279 omnes
1148 2248 1236 2279 uno
1253 2249 1328 2279 ore
1352 2231 1541 2279 fatentur
1557 2230 1780 2282 Christum
1798 2230 1844 2276 in

387 2304 430 2349 b.
462 2305 586 2350 Petro
610 2304 905 2368 apostolorum
930 2307 1128 2371 principe
1150 2307 1392 2356 contulisse
1415 2324 1532 2356 rom.·
1557 2306 1862 2371 pontificibus

386 2381 481 2426 eius
512 2380 838 2427 successoribus
863 2383 1088 2444 potestatis
1114 2383 1431 2448 plenitudinem
1454 2383 1500 2430 in
1523 2382 1738 2430 ecclesiae
1764 2382 1844 2431 bo-

386 2473 516 2511 num,
553 2465 684 2519 atque
706 2455 951 2503 utilitatem.
982 2457 1193 2512 Quocirca
1228 2459 1265 2507 si
1302 2458 1543 2507 necessitas
1578 2468 1652 2505 aut
1674 2458 1843 2506 utilitas

387 2529 605 2592 postulet,
637 2540 685 2576 ut
718 2530 764 2575 in
798 2530 947 2595 aliquo
976 2533 1229 2596 particulari
1253 2551 1360 2581 casu
1383 2550 1491 2581 rom.
1524 2533 1718 2598 pontifex
1748 2532 1844 2580 dis-

387 2615 541 2667 penset
575 2605 619 2651 in
665 2605 813 2670 aliquo
858 2606 1171 2670 impedimento
1211 2610 1421 2657 canonico
1443 2647 1453 2666 ,
1492 2609 1661 2656 nullum
1700 2618 1845 2673 potest

389 2680 575 2728 subesse
609 2681 791 2729 dubium
815 2720 825 2737 ,
865 2682 974 2746 quin
1007 2683 1104 2747 ipse
1138 2685 1222 2733 hoc
1255 2695 1480 2750 praestare
1517 2685 1673 2732 valeat.

487 2758 629 2805 Tertio
662 2775 788 2805 nemo
823 2758 997 2806 inficias
1030 2760 1136 2818 ibit,
1166 2762 1482 2810 catholicorum
1504 2778 1688 2819 causas,
1726 2778 1840 2826 quas

383 2833 573 2880 maiores
596 2844 774 2892 vocant,
804 2846 1046 2884 reservatas
1070 2854 1169 2885 esse
1203 2838 1247 2884 in
1276 2837 1462 2886 ecclesia
1493 2855 1672 2886 romano
1697 2838 1841 2902 ponti-
