1980 3260
342 214 432 260 404
594 227 676 258 ιω.
703 226 749 257 11.
779 225 892 257 sacr.
921 223 1093 257 Atrium.
1122 222 1175 253 nn
1209 221 1374 253 rornsr.
1409 220 1551 253 cmm.

434 303 624 368 Legibus
669 301 902 367 expensis,
952 299 1194 348 adversarii
1241 298 1420 346 Nestius
1456 308 1500 345 et
1532 299 1690 364 Nuytz-
1707 299 1812 348 lau-

339 381 502 429 noiana
533 377 781 425 eruditione
809 384 1061 423 constanter
1093 374 1214 431 freti,
1249 373 1306 421 ad
1341 374 1457 421 facta
1480 390 1530 420 se
1554 372 1809 431 conserunt3

339 467 471 521 atque
504 472 556 502 ex
589 453 689 500 rudi
720 452 798 499 illa
826 452 1138 516 indigestaque
1167 449 1283 498 mole
1309 450 1395 497 tria
1429 449 1681 513 selegerunt
1703 467 1816 514 qua-

339 542 523 588 tuorve,
561 547 678 595 quae
710 528 840 576 nobis
874 537 1160 593 opponerent.
1199 527 1342 591 Nuytz
1379 525 1530 590 itaque
1565 525 1819 573 affirmasse

338 608 596 662 contentus,
633 604 753 670 quod
793 604 1082 668 imperatores
1118 602 1290 651 romani
1336 619 1555 668 regesque
1598 601 1721 665 gothi
1760 601 1818 649 de

340 683 455 730 facto
483 681 844 746 dispensaverint
865 680 923 727 ab
946 679 1280 744 impedimentis
1303 677 1615 726 dirimentibus
1629 716 1640 735 ‚
1671 677 1817 743 quod-

340 776 429 825 que
463 758 652 807 ecclesia
684 756 978 806 matrimoniis
1003 757 1064 804 ita
1088 756 1145 804 ab
1168 755 1500 820 impedimentis
1531 754 1713 820 politica
1735 770 1815 819 po-

339 845 498 884 testate
531 833 687 882 solutis
727 834 987 900 impertierit
1024 832 1378 881 benedictionem
1401 870 1411 889 ,
1456 841 1589 897 atque
1623 848 1676 879 eo
1710 830 1812 896 ipso

341 911 387 957 in
414 908 692 976 principibus
715 909 787 957 ius
816 908 1044 957 relaxandi
1070 908 1386 974 impedimenta
1409 907 1601 972 practice
1623 923 1816 970 agnove-

344 986 402 1033 rit
422 987 574 1049 (102),
596 985 783 1033 ulterius
807 1002 896 1033 non
919 984 1214 1051 progreditur.
1232 983 1313 1031 Ast
1334 983 1515 1031 Nestius
1537 981 1821 1047 pistoriensis

346 1063 476 1110 cuius
509 1061 754 1110 doctrinam
788 1061 1018 1126 adoptavit
1050 1061 1192 1126 Nuytz
1210 1098 1220 1118 ‚
1261 1060 1389 1108 factis
1429 1058 1648 1107 theoriam
1689 1075 1821 1107 suam

345 1138 621 1188 communire
654 1137 829 1202 sategit.

440 1213 857 1280 Locupletissimum
884 1230 1087 1278 quoque,
1114 1213 1260 1278 inquit
1282 1211 1485 1270 Nestius,
1516 1211 1647 1260 nobis
1677 1228 1821 1260 exem-

343 1290 466 1357 plum
513 1289 770 1354 suppeditat
803 1289 1078 1337 Flodoardus
1117 1289 1266 1351 (103),
1311 1306 1401 1355 quo
1434 1299 1529 1337 tum
1563 1288 1819 1336 dirimentia

344 1366 675 1415 matrimonium
710 1365 1030 1431 impedimenta
1063 1366 1323 1424 sanciendi,
1352 1376 1446 1414 tum
1479 1365 1636 1414 eadem
1670 1365 1822 1413 remit-

343 1442 468 1493 tendi
505 1452 700 1507 potestas
734 1441 1012 1508 principibus
1048 1443 1243 1491 romanis
1265 1481 1276 1500 ‚
1316 1443 1432 1508 ipsis
1466 1441 1706 1490 fatentibus
1728 1441 1823 1507 epi·-

348 1519 497 1585 scopis
538 1519 768 1567 asseritur.
796 1519 1041 1567 Balduinus
1075 1537 1269 1586 namque
1295 1519 1453 1569 Comes
1482 1519 1634 1567 Iudith
1673 1517 1819 1567 Caroli

345 1596 471 1645 Calvi
504 1595 642 1643 filiam
677 1606 854 1661 praeter
887 1607 1117 1662 paternum
1151 1596 1296 1663 ipsius
1337 1596 1482 1645 Caroli
1516 1611 1786 1645 consensum
1808 1633 1819 1652 ‚

349 1672 447 1720 sine
471 1689 560 1738 quo
592 1672 783 1720 filiorum
813 1672 1005 1720 familias
1034 1672 1317 1721 matrimonia
1350 1689 1488 1738 penes
1523 1671 1666 1736 gallos
1699 1671 1824 1719 irrita

350 1748 703 1797 decernebantur
719 1786 730 1807 ,
761 1766 943 1797 uxorem
966 1749 1107 1796 duxit.
1137 1749 1192 1797 At
1214 1748 1369 1798 civiles
1401 1748 1573 1796 iudices
1592 1786 1604 1806 ‚
1630 1748 1731 1814 ipso
1753 1763 1825 1796 ro-

350 1835 481 1888 gante
505 1823 662 1873 Carolo
678 1862 688 1881 ‚
717 1824 1049 1873 matrimonium
1073 1824 1184 1872 illud
1209 1824 1560 1889 pronunciamnt
1590 1823 1819 1871 infectum.

348 1900 560 1965 Episcopi
594 1918 698 1949 vero
735 1901 1048 1967 spiritualibus
1094 1901 1276 1949 inflictis
1319 1900 1476 1967 poenis
1521 1899 1827 1964 improbarunt

351 1987 485 2042 atque
525 1977 805 2025 damnarunt.
845 1978 910 2025 Ex
941 1996 1031 2043 quo
1065 1978 1229 2026 factum
1268 1989 1336 2026 est
1358 2015 1370 2035 ,
1405 1987 1455 2024 ut
1486 1975 1732 2026 Balduinus
1767 1974 1826 2022 ad

350 2052 605 2117 pontificem
623 2053 853 2101 Nicolaum
872 2054 907 2099 Ι.
923 2053 1192 2119 confugerit,
1216 2053 1293 2118 qui
1317 2051 1577 2100 huiusmodi
1604 2051 1826 2099 insciente

351 2139 479 2195 patre
501 2129 598 2176 initi
628 2131 822 2194 coniugii
854 2130 1032 2179 veniam
1067 2131 1207 2178 daret.
1236 2130 1358 2178 Votis
1376 2168 1386 2187 ‚
1412 2140 1463 2177 ut
1485 2146 1679 2194 aequum
1702 2137 1821 2185 erat,

353 2205 514 2253 restitit
554 2207 751 2269 pontifex
768 2246 778 2265 ,
828 2225 1015 2273 eamque
1048 2218 1214 2255 tantam
1250 2207 1497 2255 detestatus
1533 2205 1823 2253 temeritatem

348 2281 541 2329 dimisit.
565 2282 758 2329 Tandem
788 2284 957 2332 iteratis
985 2284 1193 2349 precibus
1216 2283 1361 2332 victus
1376 2321 1386 2340 ‚
1408 2282 1526 2335 datis
1545 2281 1602 2329 ad
1621 2281 1826 2329 Carolum

355 2356 541 2413 litteris,
580 2367 703 2420 rogat
732 2368 781 2404 ut
813 2359 984 2407 irritum
1017 2359 1222 2407 Balduini
1256 2369 1391 2424 atque
1424 2357 1574 2405 Iudith
1608 2356 1829 2405 matrimo-

357 2432 482 2480 nium
506 2442 648 2479 ratum
672 2432 927 2498 iustumque
945 2435 1184 2482 decernere
1201 2434 1358 2492 vellet,
1386 2433 1588 2499 apprime
1615 2449 1822 2489 noscens,

359 2507 478 2574 quod
503 2507 601 2573 ipse
626 2507 730 2555 talis
757 2509 967 2555 connubii
1001 2511 1187 2573 gratiam
1220 2519 1374 2576 posset
1400 2509 1561 2556 facere.
1584 2506 1828 2554 Humanis-

361 2584 489 2636 simis
523 2583 745 2649 pontificis
775 2584 983 2649 precibus
1012 2587 1166 2634 annuit
1189 2587 1395 2644 Carolus,
1424 2585 1700 2650 remissaque
1721 2583 1827 2634 diri-

455 2771 542 2813 (102)
563 2774 600 2805 ln
623 2773 678 2805 cit.
696 2781 808 2814 opusc.
825 2774 941 2814 Nuyez
962 2775 998 2805 αὶ
1015 2776 1092 2807 suot
1112 2774 1357 2816 conclamatae,
1373 2782 1445 2815 cap.
1462 2775 1501 2806 V.
1520 2782 1593 2816 pag.
1611 2775 1668 2806 164
1683 2781 1775 2815 seqq.

459 2826 544 2866 (103)
564 2826 635 2859 Lib.
653 2828 710 2859 111.
728 2828 820 2859 Hist.
836 2826 1003 2859 rhemens.
