1980 3260
297 245 537 280 malvam
557 245 766 278 aucupor
801 243 1505 277 11151».1Ν111Ρ.1ΛΑΤΒ.1)111.ΑΒΤ.111.
1578 230 1664 276 151

189 344 373 374 summo
403 325 610 390 pontifice
643 323 903 388 implorata,
930 322 1058 375 toties
1090 321 1147 368 ab
1181 322 1282 386 ipso
1315 321 1373 368 de
1404 332 1506 370 voto
1540 323 1673 371 etiam

199 420 354 450 sacrae
386 399 693 466 inquisitionis
729 398 814 446 fuit
846 398 1084 461 denegata,
1113 397 1215 445 licet
1248 415 1274 444 a
1306 399 1476 462 maqnis
1504 400 1670 463 princi-

193 479 324 542 pibus
358 478 522 543 petita,
557 486 599 524 et
632 475 790 540 copula
825 475 939 522 inter
971 474 1130 522 affines
1165 474 1542 523 intercessisset.»
1559 475 1674 532 Qua-

200 566 380 620 propter
406 554 463 602 ad
493 552 769 618 propositum
803 551 1015 598 dubium:
1049 550 1154 597 «An
1172 561 1215 598 et
1231 551 1454 615 quomodo
1484 551 1543 599 sit
1573 569 1674 599 con—

200 631 435 680 sulendum
455 628 740 677 sanctissimo
758 645 838 692 pro
855 626 1192 692 dispensatione
1204 644 1341 692 super
1359 626 1677 692 impedimento

200 706 330 772 primi
363 704 529 768 gradus
563 703 795 751 affinitatis
830 703 975 750 lineae
1008 713 1153 750 rectae
1177 703 1222 749 in
1247 719 1355 751 casu
1375 714 1458 751 etc.
1482 704 1677 769 Respon—

204 783 290 830 dit:
320 780 533 843 Neqative
555 780 705 841 (126).

295 854 469 910 Quibus
504 854 639 902 adiici
674 863 818 919 potest
851 870 1084 902 commune
1117 855 1486 918 gravissimorum
1527 865 1677 905 aucto-

201 949 295 980 rum
330 931 660 988 testimonium,
699 949 779 996 qui
814 930 860 977 in
895 948 948 979 eo
982 942 1283 979 convenerunt
1316 949 1493 988 omnes,
1531 943 1580 980 ut
1613 934 1674 980 af-

198 1008 375 1056 firment
420 1007 706 1056 relaxationis
746 1007 803 1055 ab
837 1007 1086 1072 apostolica
1126 1008 1233 1056 sede
1275 1008 1418 1056 factae
1453 1008 1499 1055 in
1534 1009 1677 1073 primo

197 1084 432 1132 affinitatis
457 1084 598 1147 gradu
622 1083 768 1132 lineae
795 1093 939 1131 rectae
964 1101 1017 1132 ex
1038 1083 1237 1148 legitimo
1266 1084 1473 1148 coniugio
1507 1084 1678 1132 nullum

201 1178 387 1225 prorsus
423 1161 614 1209 existere
647 1159 896 1224 exemplum
922 1161 1071 1223 (127).

298 1238 535 1286 Contendit
557 1237 739 1302 qui-dem
756 1237 950 1285 Basseus
970 1237 1192 1285 interdum
1212 1255 1238 1285 a
1257 1255 1366 1286 rom.
1391 1238 1679 1303 pontificibus

197 1315 418 1362 eiusmodi
455 1314 749 1362 relaxationes
784 1313 910 1362 datas
946 1313 1087 1362 fuisse
1122 1316 1275 1377 (128);
1314 1332 1468 1363 verum
1504 1326 1551 1363 ut
1585 1316 1682 1363 ani—

192 1391 435 1439 madvertit
452 1391 684 1454 Rigantius
700 1428 710 1448 ‚
733 1390 809 1437 ille
833 1390 879 1437 id
901 1391 1094 1455 affirmat
1126 1391 1201 1438 sed
1234 1408 1318 1438 non
1345 1392 1506 1456 probat
1526 1394 1675 1455 (129).

197 1466 411 1532 Adeoque
435 1466 701 1524 dicendum,
730 1466 852 1514 hunc
879 1476 1103 1515 auctorem
1138 1465 1373 1531 deceptum
1409 1467 1549 1515 fuisse
1582 1485 1681 1533 per-

199 1544 432 1592 miscendo
449 1543 636 1591 forsitan
649 1543 1016 1609 impedimentum
1031 1543 1298 1608 proveniens
1309 1561 1363 1591 ex
1374 1544 1682 1592 coniunctione

196 1621 440 1670 fornicaria
462 1637 563 1668 cum
591 1619 842 1684 coniugali;
870 1630 946 1668 aut
969 1621 1102 1668 etiam
1130 1620 1263 1668 fidem
1289 1619 1577 1683 adiungendo
1604 1620 1682 1668 ali-

201 1698 273 1745 cui
301 1697 517 1762 rescripto
544 1696 828 1762 apocrypho,
857 1706 988 1761 prout
1014 1695 1258 1744 identidem
1293 1696 1535 1759 contigisse
1570 1697 1683 1745 refe-

201 1783 304 1822 runt
319 1772 540 1821 Bai-onius
554 1772 1042 1834 .(130),Thomassinus
1067 1773 1197 1834 (131)
1219 1789 1273 1819 ac
1293 1771 1505 1820 Zacharia
1528 1774 1678 1835 (132),

200 1851 280 1916 qui
309 1861 562 1915 postremus
585 1850 789 1906 «Tanta,
822 1848 995 1913 inquit,
1029 1848 1076 1894 in
1105 1848 1521 1913 dispensationibus
1551 1849 1683 1897 dene-

201 1928 363 1994 gandis
398 1946 510 1977 rom.
542 1928 805 1993 pontificum
848 1926 1097 1974 constantia
1118 1963 1128 1983 ,
1179 1926 1387 1974 effectum
1423 1942 1511 1973 non
1545 1926 1683 1974 semel

299 2071 387 2114 (126)
407 2074 446 2104 In
472 2072 631 2105 leodiensi
652 2072 808 2104 matrim.
825 2075 875 2103 28.
890 2070 966 2102 Maii
993 2073 1080 2103 1796.
1098 2069 1139 2101 ad
1152 2069 1183 2111 §.
1201 2069 1333 2103 Obstat.
1348 2070 1385 2101 In
1404 2068 1579 2102 Thesauro
1594 2077 1683 2103 reso·

205 2117 383 2158 Rationum
398 2126 488 2157 tomo
499 2127 595 2157 LXV.
608 2133 680 2166 pag.
698 2127 843 2157 117-119.

302 2176 390 2218 (127)
410 2176 606 2208 cuiusmodi
629 2176 706 2208 sunt
729 2175 860 2217 sylvius
883 2174 918 2207 in
941 2175 1064 2217 suppl.
1081 2184 1110 2208 s.
1130 2175 1276 2209 Thomae
1291 2183 1325 2216 q.
1337 2178 1388 2208 55.
1406 2176 1468 2207 art.
1484 2178 1515 2207 6.
1531 2174 1637 2208 conci.
1654 2180 1684 2208 3.

203 2230 331 2264 Pichlcr
353 2232 418 2263 Ius
442 2231 600 2262 canonic.
624 2229 683 2261 lib.
705 2231 762 2262 lv.
787 2229 838 2261 tit.
863 2231 911 2261 14.
929 2237 962 2261 n.
979 2231 1031 2261 27.
1046 2228 1314 2270 schmalgrueber
1330 2230 1395 2261 Ius
1411 2236 1536 2261 canon,
1554 2227 1613 2260 lib.
1628 2229 1683 2261 1v.

203 2283 254 2316 tit.
271 2285 326 2316 VI.
340 2282 370 2324 §.
387 2288 416 2314 2.
432 2291 466 2313 n.
481 2286 549 2315 103.
564 2283 703 2314 Leuren.
718 2284 781 2314 lus
795 2290 918 2315 canon.
937 2284 985 2314 De
999 2291 1160 2324 consanq.
1179 2283 1213 2315 et
1229 2280 1362 2323 affluit.
1377 2290 1411 2323 q.
1431 2285 1500 2315 131.
1517 2290 1550 2314 n.
1569 2286 1598 2314 2.
1616 2281 1686 2314 Rei·

203 2333 318 2368 festuel
335 2338 400 2368 Ius
415 2343 541 2367 canon.
551 2334 597 2366 lib
617 2336 673 2367 lv.
682 2337 732 2367 De
743 2343 906 2376 consany.
921 2337 955 2368 et
966 2334 1100 2376 affinit.
1113 2343 1147 2367 n.
1159 2338 1210 2368 49.
1224 2334 1346 2376 aliique
1359 2335 1488 2376 allegati
1503 2343 1522 2366 a
1537 2334 1686 2375 Rigantio

206 2388 248 2420 ad
270 2397 336 2431 reg.
359 2389 472 2422 XLIX.
496 2387 636 2421 cancel.
651 2388 732 2420 tom.
750 2390 806 2420 IV.
823 2397 895 2430 pag.
916 2390 964 2421 14.
982 2397 1014 2420 n.
1033 2393 1082 2422 29.
1098 2387 1245 2420 Cari-iere
1259 2390 1311 2420 De
1323 2389 1623 2421 matrim.tom.ll.
1637 2388 1688 2419 De

205 2442 380 2483 impedim.
396 2441 426 2483 §.
445 2443 516 2474 847.
533 2441 623 2473 Bassi
638 2441 704 2473 Del
714 2441 838 2474 dir-icco
853 2443 1018 2474 canonico
1034 2441 1091 2474 lib.
1107 2443 1165 2473 111.
1183 2442 1268 2483 part.
1285 2443 1311 2473 1.
1326 2441 1387 2473 lez.
1404 2445 1455 2473 25.
1469 2449 1502 2472 n.
1519 2444 1566 2472 11.
1581 2441 1687 2472 Moser

206 2495 257 2526 De
273 2494 399 2536 imped.
416 2503 488 2536 cap.
504 2499 535 2527 9.
551 2494 582 2535 §.
603 2499 652 2527 13.

299 2548 386 2588 (128)
407 2549 455 2579 1ο.
478 2548 616 2580 Basseus
636 2547 669 2579 in
686 2547 853 2582 Floribus
877 2547 982 2581 theol.
1004 2546 1093 2580 verb.
1110 2548 1267 2580 macrim.
1285 2548 1335 2579 Dc
1359 2545 1534 2588 impedim.
1550 2543 1684 2585 affluit.

206 2609 239 2632 n.
258 2603 309 2634 72.
327 2600 415 2642 apud
428 2600 614 2641 Rigantium
628 2601 692 2633 loc.
708 2601 763 2634 cit.

301 2654 389 2695 (129)
410 2655 558 2687 Loc.cit.
573 2663 607 2686 n.
624 2658 676 2687 27.

302 2706 390 2748 (130)
407 2706 459 2739 Ad
475 2715 528 2739 an.
544 2710 617 2741 472.
635 2716 668 2739 n.
688 2712 737 2741 10.

301 2759 388 2801 (131)
409 2762 460 2793 De
479 2760 619 2801 benefic.
631 2762 710 2794 tom.
727 2762 768 2793 11.
786 2761 844 2793 lib.
862 2762 921 2793 111.
935 2770 1006 2803 cap.
1020 2767 1071 2795 25.
1086 2770 1118 2794 n.
1133 2766 1163 2794 9.

301 2813 388 2855 (132)
409 2816 446 2846 ln
469 2822 523 2855 op.
541 2814 622 2847 alias
636 2814 691 2847 cit.
712 2816 763 2847 De
786 2815 932 2856 episcop.
951 2816 988 2847 in
1006 2814 1196 2857 dispensat.
1213 2821 1318 2855 super
1338 2813 1494 2845 matrim.
1510 2810 1686 2854 impedivi.

206 2875 278 2908 cap.
296 2868 322 2899 1.
337 2867 399 2899 art.
418 2871 446 2899 1.
460 2865 490 2907 §.
508 2871 537 2900 2.
