1980 3260
232 248 322 280 cir.
341 249 386 281 11.
406 249 457 281 nn
476 249 615 283 roras.
635 250 770 283 rame.
788 251 870 283 rin.
889 250 972 283 cm.
991 251 1117 285 unu.
1133 250 1294 283 cnmsr.
1311 250 1405 282 Am.
1427 250 1485 282 1v.
1540 234 1625 280 431

155 324 282 374 illam
306 328 582 393 exequendi,
619 329 874 394 temporalis
891 340 961 378 est
978 328 1188 393 obligatio
1214 329 1499 377 damnorum:
1522 339 1632 376 tem-

160 402 313 467 porale
355 403 506 468 itaque
539 404 671 452 etiam
705 422 756 452 ac
790 404 920 454 civile
953 405 1012 453 sit
1046 404 1261 452 iudicium
1304 421 1489 453 necesse
1530 415 1599 453 est
1620 441 1631 462 ,

157 495 247 544 quo
279 479 337 526 de
370 479 497 527 hisce
531 480 668 528 rebus
706 480 1070 545 pronunciatur.»

255 554 481 602 Hactenus
515 556 660 620 Nuytz
687 557 837 618 (151);
861 554 1041 620 singula
1075 572 1193 603 nunc
1223 554 1413 604 breviter
1445 571 1637 620 perpen-

157 630 307 679 denda
340 641 461 678 sunt.

237 706 455 755 ‘Assertio
488 708 586 756 eius
621 708 766 773 prima
790 719 882 766 est,
911 709 1031 774 quod
1057 709 1258 774 inspecta
1281 726 1517 756 causarum
1542 724 1637 756 ma-

159 782 480 831 trimonialium
520 794 678 832 natura
704 823 715 842 ‚
763 785 883 836 illico
926 795 1180 850 appareat,
1228 801 1303 832 eas
1348 791 1508 833 natura
1552 801 1636 832 sua

158 869 364 925 spectare
380 859 437 907 ad
455 859 599 908 sorum
623 861 776 918 civile,
806 878 906 909 cum
919 870 1086 925 :agatur
1109 861 1166 909 de
1191 871 1416 910 contractu
1450 860 1637 925 eiusque

160 935 409 988 effectibus.
437 936 519 983 Ast
540 936 761 985 eiusmodi
786 938 973 986 assertio
996 948 1064 986 est
1086 938 1205 1003 falsa
1219 956 1234 994 ,·
1261 955 1364 985 nam
1402 937 1548 1000 agitur
1581 936 1638 983 de

161 1022 439 1061 sacramento
481 1030 582 1061 eum
625 1031 714 1079 quo
752 1022 1008 1065 contractus
1047 1014 1262 1062 naturalis
1306 1012 1605 1061 identificatur
1624 1050 1634 1068 ‚

162 1099 264 1138 oum
287 1088 620 1137 matrimonium
638 1090 942 1139 christianum
977 1089 1091 1137 nihil
1125 1090 1245 1138 aliud
1281 1090 1340 1137 sit
1372 1106 1507 1155 quam
1541 1105 1642 1136 con-

162 1175 330 1216 tractus
364 1165 581 1214 naturalis
609 1165 666 1215 a‘d
697 1165 960 1230 dignitatem
996 1165 1263 1214 sacramenti
1298 1175 1493 1214 evectus.
1531 1164 1641 1212 Cum

163 1241 300 1306 igitur
317 1252 474 1305 agatur
495 1242 552 1289 de
576 1250 852 1291 sacramento
868 1281 878 1300 ‚
906 1260 1069 1291 causae
1104 1240 1449 1290 matrimoniales
1483 1250 1643 1289 natura

163 1318 327 1366 sua-ad
351 1318 464 1366 illud
487 1319 629 1367 sorum
653 1319 875 1368 exclusive
898 1319 1119 1385 pertinent
1140 1319 1212 1367 cui
1235 1319 1440 1367 Christus
1459 1317 1638 1365 deman-

163 1394 288 1444 davit
324 1406 700 1444 sacramentorum
739 1414 921 1444 suorum
960 1396 1365 1461 dispensationem,
1394 1411 1554 1460 nempe
1584 1393 1640 1442 ad

164 1471 577 1538 ecclesiam*(152:)3
607 1473 759 1538 Neque
782 1473 1064 1538 aequiparari
1088 1476 1233 1536 potest
1255 1474 1519 1519 contractus
1535 1475 1642 1518 con-

165 1546 332 1611 iugalis·
371 1547 664 1596 institutionis
705 1547 886 1595 divinae
908 1586 919 1605 ‚
957 1565 1010 1595 ac
1043 1547 1222 1596 omnino
1257 1546 1504 1612 spiritualis
1538 1563 1640 1594 cum

166 1622 466 1671 contractibus
501 1623 666 1688 quibus
695 1624 856 1672 emitur
886 1624 991 1680 hos,
1031 1634 1107 1672 aut
1139 1623 1235 1672 ovis
1253 1662 1263 1681 ,
1298 1631 1379 1670 'aut
1409 1622 1584 1670 asinus.

215 1698 428 1747 mAlteva
453 1699 642 1747 assertio
661 1737 672 1756 ,
724 1700 843 1765 quod
886 1699 1254 1765 impedimentum
1299 1699 1513 1747 dirimens
1555 1715 1643 1747 non

168 1773 314 1840 possit
338 1775 568 1822 ·constitui
615 1775 704 1823 nisi
739 1793 766 1823 a
799 1787 957 1823 natura
978 1814 988 1831 ‚
1038 1776 1264 1839 recognita
1296 1792 1323 1822 a
1356 1774 1489 1823 civili
1512 1773 1610 1838 leg-e
1630 1812 1641 1830 ‚

168 1862 246 1899 aut
273 1850 330 1899 ab
360 1851 461 1916 ipsa
483 1851 580 1915 lege
603 1851 723 1900 civili
743 1890 752 1909 ,
782 1856 897 1917 quae
919 1852 1012 1900 sola
1035 1852 1178 1918 possi-t
1203 1851 1438 1900 eiusmodi*
1458 1850 1647 1916 impedi.—

169 1933 320 1976 menta
349 1928 644 1986 constituere,
679 1939 747 1976 est
775 1929 987 1976 haeretica
1020 1939 1172 1994 utpote
1207 1927 1549 1976 contradictoria
1571 1943 1647 1975 ca-

170 2004 363 2053 nonibus
388 2004 467 2051 111.
489 2014 534 2052 et
557 2005 626 2052 lv.
649 2005 826 2053 concilii
852 2005 1109 2062 tridentini,
1137 2015 1270 2070 atque
1295 2014 1344 2052 ut
1372 2003 1474 2052 talis
1497 2012 1647 2051 notata

156 2091 224 2130 ret·
244 2081 456 2129 damnata
478 2090 547 2130 est
571 2081 618 2128 in
642 2081 896 2146 dogmatica
929 2081 1242 2129 constitutione
1274 2081 1495 2129 Auctorem
1516 2079 1642 2146 fidei,

158 2269 160 2272 v
186 2267 188 2272 y
217 2255 221 2262 ,
267 2228 354 2271 (ι51)
376 2226 1014 2270 Op.cit.1lprofessoreNuitsaisuon
1032 2227 1278 2269 comitiatum,
1284 2236 1363 2270 cap
1369 2228 1442 2260 vll.
1458 2231 1485 2260 1.
1499 2235 1564 2260 an.
1574 2231 1645 2261 218.

171 2275 219 2314 ad
228 2286 300 2315 229.
317 2274 358 2324 At
375 2280 456 2327 hene
472 2280 604 2321 vapulat
622 2288 643 2326 a
656 2280 699 2312 cl.
719 2281 871 2321 Mar-gotti
887 2281 920 2313 in
942 2290 996 2322 op.
1008 2283 1168 2334 Processo
1190 2280 1228 2325 di
1251 2282 1490 2337 Nepomuceno
1514 2280 1642 2321 Nuytz.

171 2325 293 2366 forino
316 2323 406 2365 1852.

202 2400 206 2407 ·-
268 2386 355 2430 (152)
376 2386 448 2418 Hoc
464 2386 534 2427 ipse
552 2384 636 2418 vidit
654 2385 829 2427 Calvinus,
842 2386 899 2427 qui
914 2388 1102 2429 propterea,
1116 2386 1164 2419 uti
1184 2386 1280 2419 initio
1301 2387 1397 2420 huius
1418 2384 1552 2419 secundi
1573 2383 1648 2416 libri

172 2439 420 2479 adnotavimus,
444 2439 574 2479 scripsit
590 2440 709 2471 Instit.
727 2439 784 2472 lib.
794 2441 928 2481 lV.cap.
944 2444 990 2472 19.
1007 2439 1037 2481 §.
1048 2442 1098 2472 37.
1111 2439 1199 2472 «Ubi
1214 2439 1247 2472 id
1261 2440 1360 2472 semel
1375 2437 1648 2478 obtinuere(pon·

172 2489 288 2533 tificii)
309 2490 531 2533 coniugalium
550 2499 721 2524 causarum
737 2491 954 2533 cognitionem
968 2492 1008 2525 ad
1023 2494 1257 2533 setraxerunt,
1273 2492 1392 2534 quippe
1406 2500 1456 2523 res
1471 2487 1650 2531 spiritualis

172 2546 249 2586 emt
253 2543 409 2586 profanis
430 2543 593 2576 iudicibus
607 2552 673 2576 non
686 2542 920 2577 attrectanda.»
936 2543 974 2578 ld
994 2544 1102 2586 ipsum
1122 2544 1207 2578 vidit
1226 2541 1371 2578 Mirabau
1393 2542 1528 2576 celebria
1548 2542 1649 2575 incre-

162 2597 301 2645 dulus,
311 2596 419 2646 quiin
434 2605 492 2629 sua
507 2596 711 2629 Monarchie
729 2599 955 2644 prussienne,
977 2599 1148 2642 tom.V11
1166 2607 1238 2639 pag
1254 2602 1303 2630 83.
1316 2606 1355 2629 ex
1371 2595 1557 2627 definitione
1574 2602 1649 2626 eon-

172 2644 243 2683 'ciiii
254 2636 424 2683 tridentini
435 2649 622 2682 concludit.
641 2650 704 2682 «Si
720 2659 835 2683 verum
849 2652 899 2684 est
913 2638 1156 2684 matrimonium
1175 2660 1244 2684 esse
1258 2652 1514 2689 sacramentum,
1534 2656 1651 2680 causae

163 2695 289 2736 -omnea
308 2702 566 2736 matrimoniales
592 2703 688 2736 unice
709 2705 857 2744 spectant
878 2704 925 2737 ad
949 2705 1205 2738 iurisdietionem
1229 2703 1490 2736 ecclesiasticam.
1507 2701 1651 2734 Ecclesia

175 2758 243 2797 eat,
258 2756 353 2789 cuius
368 2756 549 2789 hierarchia
566 2757 686 2797 pariter
705 2756 786 2789 iuris
801 2757 905 2789 divini
920 2759 985 2798 est,
1007 2767 1092 2799 quae
1112 2757 1206 2789 debet
1223 2757 1364 2789 statuere
1386 2755 1542 2787 rationem
1567 2754 1649 2787 iudi·

177 2809 272 2842 candi
293 2817 409 2842 causas
424 2817 511 2842 suas.
530 2809 620 2842 Velle
642 2809 767 2850 fingere
781 2809 910 2843 diversa
931 2810 1003 2843 iura
1023 2810 1221 2843 hierarchiae
1241 2808 1454 2850 christianae,
1477 2809 1527 2842 est
1550 2816 1650 2841 ausus

178 2861 340 2894 maximus
360 2861 528 2903 potestatis
548 2861 697 2903 publicae
717 2862 872 2895 adversus
892 2864 1083 2905 potoetatem
1105 2861 1318 2902 religiosam.»
