1980 3260
333 222 424 268 340
637 232 717 265 m.
747 231 792 264 11.
822 230 935 263 sacr.
965 231 995 262 1.
1030 228 1083 260 nn
1108 228 1273 260 rornsr.
1303 227 1468 264 nectas.

327 312 632 379 praebuerint,
670 321 748 358 aut
780 309 846 357 sic
879 307 1242 356 contrahentibus
1276 306 1492 355 ecclesiae
1525 321 1800 360 sacramenta

329 384 757 441 administraverint,
784 383 1060 449 suspendant
1082 382 1140 431 ab
1163 381 1371 431 exercitio
1393 382 1594 430 omnium
1622 394 1667 432 et
1689 402 1803 451 qua·

330 478 618 527 rumcumque
651 460 959 509 facultatum.»

422 538 514 586 Sub
547 537 701 586 eodem
736 537 946 602 pontifice
971 537 1047 583 23.
1078 535 1180 583 Iulii
1206 537 1347 583 1760.
1377 535 1627 601 eodemque
1648 552 1805 601 appro-

327 615 434 661 bant
457 631 484 661 a
506 630 599 661 sac.
628 629 835 676 congreg.
864 611 921 659 de
943 610 1231 677 propaganda
1255 610 1345 658 fide
1369 610 1661 675 obiurgantur
1681 611 1806 668 «Qui

327 690 425 737 ausi
461 689 626 737 fuerint
663 689 812 737 dicere
853 688 1162 753 disparitatem
1202 687 1348 736 cultus
1383 686 1555 735 nullum
1596 687 1808 737 inducere

328 765 695 831 impedimentum
740 765 1009 814 matrimonii
1056 765 1103 811 in
1145 764 1219 812 his
1252 763 1539 827 regionibus;
1585 764 1810 830 iussitque

329 843 570 890 transmitti
605 841 782 890 decreta
813 859 852 889 s.
876 841 1011 889 officii
1037 841 1226 889 antehac
1248 841 1390 898 edita,
1419 840 1534 889 inter
1555 857 1672 907 quae
1695 840 1808 889 illud

332 917 632 968 18.Novemb.
661 919 803 966 1745.
822 918 869 965 in
895 936 985 984 quo
1009 917 1198 966 dicitur:
1215 937 1237 963 »
1260 917 1458 965 Graviter
1481 917 1807 984 reprehenden-

330 994 413 1043 dos
439 1011 540 1043 esse
564 994 857 1052 christianos,
885 994 963 1059 qui
981 1004 1103 1041 extra
1125 992 1263 1041 ullam
1281 993 1663 1058 dispensationem
1689 993 1808 1042 filios

330 1088 437 1120 suos
470 1071 691 1120 collocant
723 1071 769 1118 in
802 1070 1084 1118 matrimonio
1118 1087 1220 1118 cum
1248 1069 1515 1133 gentilibus;
1543 1070 1658 1117 nihil
1681 1071 1810 1120 omit-

330 1147 513 1195 tendum
547 1165 668 1205 esse,
707 1157 757 1195 ut
789 1147 1049 1211 gravitatem
1083 1146 1283 1194 criminis
1326 1146 1600 1211 percipiant;
1627 1147 1809 1214 imposi-

329 1235 397 1272 tas
431 1241 512 1289 pro
545 1224 631 1272 hoc
663 1223 848 1272 crimine
881 1222 1173 1289 poenitentias
1206 1222 1368 1270 debere
1401 1239 1503 1271 esse
1535 1240 1719 1287 graves,
1764 1234 1809 1272 et

329 1316 419 1348 non
452 1299 595 1357 leves,
624 1316 706 1346 nec
728 1316 881 1346 eorum
905 1297 1202 1363 poenitentiae
1234 1308 1313 1346 aut
1349 1298 1687 1364 resipiscentiae
1718 1309 1810 1348 sta-

329 1376 407 1422 tim
446 1392 548 1423 esse
588 1374 837 1430 fidendum,
883 1374 943 1421 ita
982 1384 1031 1421 ut
1070 1373 1127 1420 ad
1168 1385 1448 1422 sacramenta
1489 1374 1804 1433 admittantur;

328 1469 429 1500 esse
457 1463 603 1500 tamen
630 1451 928 1500 admittendos
962 1461 1198 1516 postquam
1231 1451 1495 1516 praemissis
1521 1453 1807 1517 praemitten-

328 1529 418 1587 dis,
439 1539 558 1577 certa
574 1529 862 1595 apparuerint
878 1528 1178 1594 poenitentiae
1195 1545 1248 1576 ac
1266 1529 1601 1594 resipiscentiae
1621 1530 1803 1594 signa.»

426 1605 549 1653 Idem
572 1605 768 1671 pontifex
791 1605 996 1653 Clemens
1018 1605 1138 1651 XIII.
1169 1606 1246 1651 12.
1270 1606 1447 1653 Ianuar.
1472 1608 1616 1653 1769.
1638 1607 1685 1653 in
1703 1623 1807 1655 con-

329 1681 583 1745 gregatione
617 1699 655 1729 s.
695 1681 829 1729 officii
846 1719 856 1737 ,
894 1680 1055 1728 relecto
1089 1680 1244 1728 eodem
1267 1681 1445 1729 decreto
1474 1683 1553 1728 18.
1591 1682 1804 1731 Novemb.

333 1759 471 1804 1745.
495 1757 690 1805 addidit:
709 1777 731 1802 α
755 1756 883 1813 Quod
901 1757 1214 1805 missionarius
1233 1756 1492 1821 adimpletis
1503 1768 1656 1806 exacte
1671 1759 1812 1806 omni-

328 1833 415 1881 bus
433 1871 443 1890 ,
481 1850 596 1898 quae
628 1834 674 1880 in
708 1833 863 1881 eodem
896 1833 1072 1881 decreto
1106 1833 1470 1898 praescribuntur
1486 1871 1496 1890 ,
1531 1835 1810 1899 poenitentes

331 1911 387 1957 ad
415 1921 692 1959 sacramenta
719 1911 953 1959 admittere
979 1928 1068 1959 non
1096 1911 1297 1968 differat,
1326 1912 1588 1975 praesertim
1618 1912 1657 1960 si
1684 1930 1811 1977 prae—

330 1986 476 2034 videat
486 1986 744 2036 dilationem
757 1988 950 2036 futuram
969 1988 1240 2046 diuturnam,
1259 2005 1359 2036 cum
1378 1988 1576 2053 periculo
1591 1989 1809 2054 pereundi

333 2061 502 2126 absque
531 2065 872 2112 sacramentis.»

430 2137 552 2193 Quae
581 2140 762 2203 quidem
801 2140 962 2188 afferre
997 2141 1235 2197 constitui,
1274 2152 1366 2189 tum
1399 2152 1447 2189 ut
1482 2152 1697 2206 appareat
1737 2159 1810 2190 ec-

333 2213 514 2261 clesiam
536 2251 547 2270 ,
596 2232 675 2262 seu
715 2216 1004 2281 apostolicam
1044 2217 1197 2265 sedem
1227 2255 1236 2274 ‚
1282 2234 1383 2264 cum
1425 2235 1539 2283 opus
1579 2218 1712 2267 fuerit
1753 2219 1810 2267 ad

334 2307 566 2338 commune
588 2291 820 2340 christiani
844 2294 1038 2342 nominis
1066 2294 1230 2342 bonum
1255 2305 1299 2342 et
1321 2294 1555 2343 utilitatem
1582 2294 1704 2344 haud
1732 2295 1811 2343 de-

334 2377 519 2415 trectare
551 2367 928 2432 dispensationem
958 2371 1089 2418 etiam
1119 2371 1176 2418 ab
1200 2371 1284 2419 hoc
1309 2370 1626 2436 impedimento
1660 2371 1810 2437 dispa-

335 2442 478 2491 ritatis
514 2443 659 2491 cultus
693 2444 940 2508 impertiri;
979 2458 1072 2494 tum
1105 2458 1153 2495 ut
1187 2447 1433 2496 innotescat
1465 2465 1555 2512 qua
1588 2448 1809 2512 sapientia

335 2537 388 2568 ac
415 2520 649 2586 prudentia
682 2520 836 2568 eadem
865 2523 996 2570 sedes
1025 2524 1269 2588 apostolica
1302 2525 1348 2571 in
1382 2534 1444 2572 tot
1475 2524 1807 2572 occurrentibus

336 2614 481 2644 rerum
518 2597 740 2645 adiunctis
768 2614 818 2645 se
850 2610 1000 2661 gerat,
1039 2600 1239 2666 sciatque
1271 2601 1549 2649 severitatem
1581 2617 1682 2647 cum
1719 2599 1808 2647 cle-

337 2673 503 2720 mentia
537 2690 590 2721 ac
622 2673 892 2737 benignitate
922 2685 1182 2740 temperare.

431 2750 701 2816 Appendicis
736 2751 877 2818 instar
909 2751 1071 2800 addere
1104 2753 1204 2802 heic
1227 2754 1362 2810 iuvat,
1392 2752 1511 2818 quod
1540 2770 1640 2800 cum
1671 2770 1807 2818 quae-

338 2826 479 2878 stione
514 2827 570 2875 de
598 2827 889 2876 matrimoniis
920 2827 1165 2876 infidelium
1199 2847 1333 2894 quam
1369 2829 1632 2894 hoc-capite
1667 2830 1807 2892 agita-
