1980 3260
292 240 383 272 cn.
396 240 454 272 v1.
472 240 522 271 ni:
537 239 662 271 una.
681 239 860 271 mnam.
877 239 962 271 mr.
977 239 1025 271 ss
1044 239 1123 270 vm.
1134 239 1218 271 cun
1237 238 1359 271 cA'ru.
1376 240 1469 272 Aur.
1485 240 1530 272 11.
1606 223 1696 269 243

323 317 454 373 Quod
489 317 666 364 demum
708 316 899 381 septimo
932 316 1029 365 loco
1063 317 1247 382 petitum
1285 328 1354 366 est
1391 328 1698 382 argumentum

223 410 279 441 ex
302 393 481 442 diversa
509 392 730 441 sentiendi
756 392 1006 457 agendique
1030 392 1225 450 ratione,
1253 411 1369 458 quae
1398 394 1515 441 circa
1544 393 1701 441 haere-

226 470 411 518 ticorum
445 469 676 532 coniugia,
713 478 790 515 aut
823 468 1029 532 coniugia
1062 469 1198 516 mixta
1231 486 1312 533 pro
1344 469 1482 517 variis
1512 470 1701 533 epochis

225 545 416 593 obtinuit
448 546 495 591 in
531 544 682 592 Galliis
718 544 886 590 iamdiu
908 543 1183 591 eliminatum
1206 555 1276 592 est
1298 563 1351 592 ex
1374 545 1702 611 multiplicibus

228 639 343 670 rom.
379 620 639 686 pontificum
662 657 672 675 ‚
706 636 1025 684 sacrarumque
1059 621 1449 684 congregationum
1474 622 1702 686 rescriptis

228 713 282 744 ac
315 694 687 749 resolutionibus,
717 694 883 758 quibus
917 695 1041 742 nullo
1073 696 1272 744 cuiusvis
1306 697 1530 762 epochae,
1558 714 1610 745 ac
1634 697 1704 743 di-

226 772 345 820 versi
380 781 523 818 status
556 769 902 817 acatholicorum
927 771 1190 818 discrimine
1218 772 1358 828 sacto,
1391 773 1566 820 illorum
1599 790 1706 821 con-

230 847 354 911 iugia
388 846 513 893 nulla
544 862 596 893 ac
629 844 753 892 irrita
789 846 1081 909 pronunciata
1116 857 1236 894 sunt.
1261 847 1356 894 Hoc
1379 864 1431 894 ex
1456 847 1605 896 allatis
1630 866 1706 896 su-

229 923 383 988 perius
418 921 697 970 documentis
730 921 957 970 evidenter
989 922 1265 970 innotescit„

325 998 503 1046 Falsum
536 997 704 1062 pariter
739 1014 792 1044 ex
822 997 983 1044 iisdem
1017 997 1297 1046 documentis
1329 999 1699 1063 deprehenditur,

227 1075 348 1141 quod
385 1092 411 1123 a
445 1073 674 1121 nonnullis
714 1073 890 1120 incaute
929 1073 1171 1131 adiicitur,
1211 1074 1448 1123 ecclesiam
1483 1093 1571 1123 non
1610 1077 1708 1123 adi-

229 1169 333 1216 gere
365 1150 611 1198 haereticos
647 1149 704 1197 ad
742 1149 1007 1197 catholicam
1041 1149 1175 1197 fidem
1217 1168 1459 1199 conversos
1494 1152 1551 1199 ad
1585 1170 1707 1202 reno-

228 1228 426 1276 vandum
450 1243 719 1274 consensum
743 1241 891 1272 coram
916 1225 1111 1290 parocho
1131 1226 1188 1273 ad
1215 1243 1416 1274 normam
1443 1228 1710 1276 tridentinae

230 1303 360 1367 legis.
400 1304 512 1350 Nam
547 1312 712 1349 certum
747 1311 814 1348 est
848 1301 1083 1348 ecclesiam
1122 1302 1342 1350 eiusmodi
1378 1305 1707 1352 renovationem

228 1379 404 1443 exigere
432 1378 607 1444 quoties
632 1378 731 1425 sine
755 1376 952 1442 periculo
978 1377 1071 1425 fieri
1103 1388 1272 1442 potest,
1301 1390 1379 1426 aut
1402 1380 1704 1437 dissimulare,

231 1455 272 1503 si
306 1455 552 1521 periculum
588 1454 753 1510 instet,
793 1470 960 1518 eosque
994 1453 1244 1519 relinquere
1279 1455 1325 1501 in
1361 1455 1478 1503 bona
1516 1456 1632 1513 fide,
1659 1466 1709 1503 ut

231 1532 384 1589 aiunt,
423 1542 501 1579 aut
532 1531 579 1577 in
614 1530 763 1578 radice
799 1547 957 1578 sanare
985 1532 1102 1592 (66).

330 1608 386 1655 Et
408 1607 521 1655 haec
550 1606 732 1672 quidem
763 1607 911 1671 quoad
947 1606 1236 1655 fundamenta
1268 1608 1430 1673 prioris
1466 1609 1711 1656 sententiae

234 1683 400 1749 quibus
444 1683 665 1730 eiusmodi
711 1683 1091 1731 matrimoniorum
1130 1683 1255 1731 valor
1287 1695 1609 1749 propugnatur.
1647 1686 1711 1732 Ex

238 1759 474 1808 collatione
497 1758 955 1816 animadversionum,
980 1777 1098 1824 quae
1120 1759 1177 1806 ab
1202 1760 1336 1808 huius
1361 1761 1605 1808 sententiae
1629 1762 1713 1807 im-

235 1835 557 1901 pugnatoribus
593 1835 704 1882 fiunt
726 1835 783 1882 ad
806 1835 895 1883 vim
924 1836 1220 1883 enervandam
1250 1848 1606 1900 argumentorum
1633 1855 1712 1903 pro

234 1912 462 1960 validitate
502 1911 808 1975 coniugiorum
828 1950 838 1968 ,
878 1929 995 1976 quae
1029 1912 1087 1959 ab
1124 1911 1358 1960 haereticis
1394 1913 1714 1961 contrahuntur

237 1989 282 2036 in
306 1989 420 2037 locis
443 1988 520 2036 ubi
551 1989 777 2037 decretum
807 1988 1093 2036 tridentinum
1124 1989 1450 2054 promulgatum
1473 2000 1563 2046 est,
1591 1990 1713 2054 quis-

235 2083 324 2130 que
365 2065 573 2129 intelligit
605 2083 657 2113 ea
692 2064 858 2113 nullius
899 2065 1075 2130 penitus
1118 2065 1290 2113 roboris
1335 2083 1436 2114 esse
1456 2104 1466 2122 ,
1507 2083 1559 2113 ac
1595 2066 1713 2114 serio

335 2274 402 2314 (66)
423 2273 540 2314 Reipsa
554 2272 650 2304 etiam
668 2274 707 2304 D.
722 2272 871 2304 Bouvier.
890 2273 1008 2305 lust-ec.
1026 2272 1171 2314 theoloq.
1187 2273 1237 2305 De
1250 2273 1355 2304 matr.
1372 2272 1432 2305 art.
1453 2274 1510 2304 lv.
1526 2272 1557 2314 §.
1575 2277 1604 2305 2.
1622 2273 1716 2305 refert

240 2339 255 2353 «
286 2326 318 2357 in
343 2324 508 2357 nonnullis
533 2324 723 2364 germanicis
747 2323 972 2365 dioecesibus,
1001 2334 1052 2357 ex.
1073 2334 1119 2365 gr.
1144 2324 1176 2356 in
1207 2324 1409 2365 frisingensi,
1442 2325 1580 2357 testante
1610 2325 1716 2356 Collet

239 2380 320 2411 tom.
330 2379 415 2411 XIV.
428 2378 671 2410 matrimonium
687 2378 921 2410 haereticorum
932 2377 972 2410 ad
986 2376 1082 2410 iidem
1095 2377 1288 2411 catholicam
1305 2378 1509 2410 redeuntium
1525 2379 1713 2410 iterantur.»

240 2433 288 2464 lta
305 2431 457 2472 quidem;
477 2431 527 2463 ast
539 2439 602 2462 non
623 2430 729 2462 solum
746 2431 778 2461 in
794 2432 986 2462 Germaniae
997 2429 1216 2471 dioecesibus,
1231 2430 1288 2463 sed
1308 2430 1428 2471 ubique
1444 2431 1607 2469 locorum,
1623 2429 1715 2461 ‹lum-

237 2484 336 2517 modo
355 2493 463 2516 rerum
477 2483 630 2516 adiuncta
650 2484 829 2524 patiantur,
846 2485 1019 2516 renovatur
1037 2483 1194 2515 eiusmodi
1215 2492 1391 2516 consensus
1411 2483 1451 2515 ab
1469 2483 1507 2515 iis
1529 2483 1585 2522 qui
1606 2482 1714 2514 catho-

240 2538 336 2570 licam
349 2537 548 2577 religionem,
560 2536 708 2569 abiurata
722 2536 857 2576 haeresi,
871 2536 1229 2578 momentaneamque
1242 2546 1347 2569 rerum
1360 2537 1512 2568 adiuncta
1524 2535 1555 2567 id
1568 2536 1713 2575 poscant,

240 2591 334 2622 venia
349 2590 538 2622 conceditur
554 2590 636 2630 parti
655 2590 695 2621 ad
713 2598 821 2621 veram
837 2589 933 2621 tidem
949 2597 1123 2622 conversae
1135 2598 1235 2622 novas
1250 2590 1381 2621 ineundi
1398 2590 1538 2629 nuptias,
1550 2590 1586 2619 ut
1601 2588 1715 2620 ceteris

240 2643 387 2684 omissis,
414 2643 541 2674 constat
558 2651 595 2674 ex
619 2642 705 2674 decr.
723 2651 787 2674 sae.
804 2650 951 2682 congreg.
969 2642 1096 2674 concilii
1122 2642 1155 2674 in
1178 2651 1276 2674 causa
1301 2640 1531 2675 wormatiensi
1552 2648 1604 2671 an.
1622 2643 1711 2672 1731.

243 2700 292 2728 13.
308 2695 400 2727 Febr.
415 2696 447 2726 in
468 2703 533 2735 qua
552 2703 617 2727 non
638 2695 744 2726 solum
770 2694 951 2726 reseruntur
968 2694 1097 2727 decreta
1113 2694 1235 2726 iamdiu
1252 2695 1285 2725 in
1302 2693 1438 2726 eundem
1455 2700 1582 2724 sensum
1598 2691 1714 2724 emissa

241 2748 283 2780 ‹le
303 2748 472 2781 nullitate
489 2748 711 2788 coniugiorum
731 2748 772 2779 ‹lc
788 2747 908 2788 quibus
929 2749 978 2780 est
996 2757 1122 2788 sermo,
1142 2747 1225 2780 inter
1254 2747 1450 2783 haereticos,
1479 2753 1590 2776 verum
1616 2745 1714 2776 etiam

241 2800 397 2833 tribuitur
415 2801 551 2834 facultas
574 2800 661 2833 aliud
688 2800 819 2833 ineundi
844 2801 1043 2842 coniugium.
1072 2801 1122 2833 Cl'.
1147 2801 1179 2832 in
1206 2800 1378 2832 Thesauro
1402 2797 1543 2829 resolui.
1569 2798 1649 2829 tom.
1673 2799 1711 2826 V.

244 2862 315 2894 pag.
337 2858 391 2887 157
408 2863 499 2895 seqq.
1623 2904 1649 2931 Α*
