1980 3260
351 230 440 275 160
666 239 747 271 Lm.
777 238 823 270 11.
853 238 967 270 ποτ.
997 238 1026 269 1.
1053 237 1108 269 nn
1134 237 1302 269 Pornsr.
1331 238 1495 273 nectas.

347 338 448 369 vere
472 317 652 383 quidem
683 317 932 373 consensit,
955 315 1035 363 sed
1060 314 1255 363 invalide
1278 314 1335 362 ob
1359 316 1503 365 latens
1528 319 1823 383 impedimen-

349 406 464 450 tum,
508 403 599 439 tum
632 392 778 440 locum
811 403 928 440 certe
961 391 1097 438 habet
1137 391 1356 439 ecclesiae
1390 394 1647 442 auctoritas.
1690 398 1823 445 «Non

347 486 456 517 sane
487 467 680 532 agendo,
709 477 757 515 ut
785 468 942 515 iterum
974 467 1173 532 loquitur
1206 467 1473 515 Benedictus
1509 469 1620 526 XIV,
1659 482 1709 518 ut
1729 490 1826 521 ma-

347 545 603 593 trimonium
639 544 817 591 nulliter
852 554 1158 601 contractum,
1198 562 1287 592 non
1322 544 1386 591 ita
1425 555 1698 594 contractum
1731 548 1826 597 fue-

347 620 430 677 rit,
469 620 546 667 sed
578 620 762 667 effectus
796 619 898 667 illos
928 619 1149 678 tollendo,
1178 620 1255 685 qui
1287 620 1344 668 ob
1377 620 1638 669 huiusmodi
1672 623 1827 670 matri—

347 695 484 742 monii
518 695 765 742 nullitatem
799 705 902 742 ante
937 695 1156 742 indultam
1189 695 1571 760 dispensationem
1605 714 1658 744 ac
1693 698 1826 746 etiam

349 771 394 816 in
430 770 530 835 ipso
563 771 854 818 contrahendi
888 771 1157 818 matrimonii
1193 782 1294 818 actu
1329 771 1535 835 producti
1575 772 1771 821 fuerunt.
1798 793 1822 818 »

348 845 523 901 Quibus
555 846 703 894 verbis
738 846 871 893 etiam
895 846 1054 894 modus
1084 845 1307 893 indicatur
1329 864 1419 912 quo
1454 847 1554 912 ipsa
1589 848 1638 896 fit
1673 849 1826 896 matri-

347 922 484 969 monii
514 922 559 968 in
585 922 734 970 radice
763 923 951 971 sanatio.

443 998 506 1046 Ac
539 999 699 1046 modus
734 999 915 1064 quidem
951 1018 1040 1065 quo
1081 1018 1152 1047 res
1189 1000 1300 1048 haec
1332 1001 1509 1065 concipi
1549 1001 1682 1049 debet
1714 1018 1826 1049 non-

348 1076 462 1122 nihil
497 1076 631 1124 hahet
659 1076 962 1125 difficultatis:
996 1078 1132 1125 immo
1165 1094 1270 1126 vero
1299 1077 1411 1125 haec
1440 1077 1681 1126 difficultas
1714 1080 1827 1126 ratio

348 1151 430 1199 suit
459 1153 693 1218 potissima
710 1171 789 1201 cur
815 1154 998 1219 quidam
1032 1154 1148 1201 hanc
1171 1164 1433 1219 potestatem
1457 1154 1728 1202 matrimonii
1753 1172 1828 1202 sa-

349 1228 487 1275 nandi
512 1232 558 1276 in
582 1230 732 1277 radice
754 1229 824 1278 vel
848 1230 1109 1293 denegarint
1130 1230 1200 1278 vel
1225 1230 1370 1278 solum
1393 1230 1575 1277 nomine
1596 1239 1726 1278 tenus
1750 1229 1828 1277 ad-

348 1305 584 1363 miserint,
631 1306 738 1371 quia
773 1306 982 1352 nimirum
1016 1305 1203 1369 intelligi
1238 1305 1361 1353 nullo
1395 1305 1528 1353 modo
1561 1322 1697 1370 posse
1719 1322 1825 1353 cen-

347 1380 507 1428 sebant
528 1420 538 1438 ,
567 1382 789 1446 quomodo
830 1382 1063 1446 posteriori
1098 1392 1198 1430 actu
1231 1383 1276 1429 id
1311 1382 1511 1430 validum
1547 1382 1644 1429 fieri
1680 1383 1827 1446 possit

347 1456 468 1521 quod
502 1456 748 1504 invalidum
783 1457 840 1504 ab
869 1457 997 1505 initio
1022 1458 1130 1515 suit,
1168 1458 1304 1523 idque
1328 1467 1429 1523 post
1451 1458 1600 1523 plures
1623 1457 1827 1523 quando-

349 1550 436 1598 que
469 1551 639 1591 annos,
679 1533 768 1581 imo
809 1534 942 1582 etiam
977 1534 1248 1599 quandoque
1284 1545 1522 1600 postquam
1555 1533 1625 1582 vel
1664 1533 1828 1581 alteru-—

347 1619 437 1666 ter,
474 1609 545 1657 vel
579 1620 765 1675 uterque
807 1611 1046 1674 coniugum
1079 1611 1171 1658 vita
1210 1610 1387 1659 functus
1430 1610 1604 1657 fuisset.
1652 1609 1688 1655 li
1722 1625 1828 1656 vero

349 1686 427 1750 qui
453 1724 463 1743 ,
502 1696 551 1733 ut
586 1687 682 1734 fieri
716 1686 872 1745 debet,
912 1686 1029 1734 hanc
1052 1697 1313 1752 potestatem
1348 1686 1563 1734 ecclesiae
1597 1703 1676 1733 seu
1710 1702 1821 1733 rom.

349 1763 547 1827 pontifici
571 1764 826 1822 vindicant,
855 1764 1021 1829 duplici
1051 1765 1183 1812 modo
1218 1782 1310 1811 rem
1344 1763 1614 1829 explanant,
1654 1779 1707 1810 ac
1737 1779 1829 1810 ma-

350 1840 604 1888 trimonium
641 1841 790 1889 sanari
824 1841 979 1888 dicunt
1005 1841 1076 1889 vel
1094 1841 1151 1889 ob
1175 1839 1416 1906 quamdam
1438 1841 1651 1905 fictionem
1685 1840 1822 1895 iuri-5⁸,

351 1932 439 1979 qua
471 1915 697 1979 legislator
731 1934 780 1964 se
817 1916 953 1965 veluti
989 1917 1122 1965 refert
1154 1917 1211 1964 ad
1249 1916 1359 1963 illud
1393 1916 1567 1964 instans
1610 1932 1700 1980 quo
1732 1933 1828 1963 ma-

351 1990 601 2038 trimonium
637 1993 796 2041 initum
831 2003 900 2041 est
931 2010 1011 2041 seu
1051 1993 1198 2059 potius
1232 1993 1401 2048 initur,
1445 2009 1497 2040 ac
1530 1991 1828 2056 impedimen-

352 2076 444 2114 tum
478 2067 616 2125 tollit;
650 2081 726 2117 aut
760 2071 859 2118 sine
881 2070 992 2117 iuris
1018 2069 1220 2127 fictione,
1249 2069 1397 2135 potius
1431 2086 1485 2116 ex
1513 2078 1660 2115 mente
1689 2067 1826 2132 legis-

352 2142 504 2190 latoris
533 2143 638 2191 dum
661 2145 802 2209 legem
827 2146 1051 2204 condidit,
1089 2156 1222 2211 atque
1249 2163 1303 2193 ex
1335 2153 1496 2192 natura
1518 2143 1664 2210 ipsius
1687 2143 1820 2209 legis,

350 2229 486 2284 atque
519 2220 630 2267 adeo
660 2239 711 2268 ex
744 2223 842 2287 ipso
876 2224 988 2271 iure.

448 2295 596 2342 Prima
628 2296 778 2361 itaque
807 2300 917 2346 ratio
940 2299 1077 2348 huius
1102 2300 1166 2347 rei
1189 2297 1480 2365 explicandae
1515 2308 1583 2346 est
1605 2297 1725 2346 fictio
1755 2298 1826 2346 iu-

350 2372 413 2419 ris
437 2374 521 2435 (6).
544 2373 767 2421 Romanus
792 2376 985 2439 pontifex
1020 2395 1069 2424 se
1092 2377 1223 2425 refert
1246 2375 1574 2442 quodammodo
1597 2375 1654 2423 ad
1679 2385 1826 2423 actum

351 2447 604 2496 celebrandi
632 2449 825 2513 coniugii
845 2488 854 2507 ,
876 2451 1332 2518 impedimentumque
1349 2450 1487 2509 tollit,
1517 2462 1651 2517 atque
1684 2451 1746 2499 ita
1762 2450 1827 2498 le-

351 2525 556 2589 gitimum
589 2525 816 2586 redditur,
856 2527 975 2591 quod
998 2528 1041 2575 vi
1067 2528 1179 2593 legis
1204 2528 1486 2593 illegitimum
1510 2527 1696 2584 fuisset;
1725 2526 1827 2575 sub-

441 2642 487 2684 (6)
509 2643 560 2675 Cf.
581 2644 767 2685 Rigantium
782 2646 969 2678 comment.
987 2648 1022 2679 tn
1038 2657 1110 2689 req.
1130 2651 1168 2681 L.
1187 2648 1340 2682 cancell.
1364 2656 1398 2680 n.
1418 2651 1488 2680 106.
1505 2647 1554 2679 lta
1573 2645 1750 2678 arbitratur
1771 2653 1827 2677 an·

354 2695 484 2727 notator
495 2696 622 2728 Fevreti
636 2697 670 2729 in
683 2705 737 2738 op.
753 2697 900 2739 inscript.
916 2699 966 2731 De
981 2699 1093 2733 l’abus
1108 2701 1166 2733 liv.
1181 2703 1222 2734 V.
1239 2702 1292 2734 ch.
1307 2705 1338 2734 8.
1348 2709 1383 2732 n.
1397 2704 1428 2733 6.
1441 2700 1509 2732 not.
1527 2702 1558 2732 7.
1569 2699 1638 2732 not.
1650 2699 1696 2731 N.
1705 2698 1785 2730 tom.
1797 2699 1826 2731 1.

351 2756 425 2789 pag.
443 2751 516 2781 476.
535 2747 586 2781 ed.
607 2752 696 2781 1736.
717 2749 774 2790 qui
798 2750 877 2783 haec
899 2751 998 2784 habet
1021 2752 1062 2785 de
1079 2753 1211 2786 fictione
1235 2753 1332 2786 iuris:
1357 2751 1473 2784 «fictio
1496 2751 1530 2783 iu
1547 2759 1625 2784 casu
1643 2750 1719 2784 ficto
1737 2750 1826 2783 idem

351 2803 503 2842 operatur
523 2810 563 2834 ac
583 2802 705 2835 veritas
723 2802 756 2834 in
780 2811 874 2835 vero:
901 2804 989 2837 fictio
1009 2806 1096 2838 enim
1123 2808 1172 2840 est
1189 2806 1269 2847 legis
1292 2806 1448 2839 adversus
1463 2805 1632 2838 veritatem
1649 2804 1682 2837 in
1701 2812 1738 2837 re
1755 2812 1829 2845 pos·

350 2854 437 2887 sibili
454 2863 492 2887 ex
510 2855 594 2887 iusta
617 2864 714 2888 causa
744 2856 922 2898 dispositio
936 2870 950 2884 »
