1980 3260
322 212 411 247 cst.
428 215 489 247 111.
509 214 559 246 DE
578 213 692 247 Ech.
708 214 797 245 ΡΟΤ.
812 212 916 246 ῡ181).
932 213 1018 246 mr.
1036 212 1079 245 ΙΝ
1098 212 1222 245 MATR.
1245 214 1328 246 Dm.
1348 213 1439 245 ΛΒΤ.
1462 213 1522 246 m.
1596 199 1684 246 129

228 303 371 356 potest
391 292 635 358 quemlibet
651 292 909 357 episcopum
935 308 1216 356 promovere,
1240 293 1348 357 quin
1367 293 1499 340 etiam
1521 292 1685 341 ostien-

224 368 293 420 sis
326 370 562 434 episcopus
596 378 823 416 consecrat
848 385 1025 433 papam.
1048 367 1163 430 Ergo
1192 368 1459 433 episcopalis
1488 369 1684 431 dignitas

230 443 276 490 in
309 445 514 493 omnibus
549 454 617 493 est
652 442 875 508 aequalis,
906 454 948 491 et
981 443 1047 491 sic
1072 460 1188 491 unus
1223 444 1463 509 episcopus
1497 461 1582 493 non
1616 444 1689 492 de-

228 519 301 568 het
332 521 409 567 alii
442 521 642 569 subesse.
669 540 691 566 n

324 597 456 660 Resp.
482 616 505 642 «
521 595 763 644 Dicendum
780 633 790 652 ‚
819 595 936 660 quod
962 605 1156 660 potestas
1186 596 1428 644 sacerdotis
1462 596 1690 644 exceditur

229 690 256 720 a
289 681 505 737 potestate
537 667 761 735 episcopi,
801 671 930 735 quasi
966 688 993 718 a
1026 681 1242 735 potestate
1270 671 1450 720 alterius
1480 672 1680 735 generis:

226 748 305 798 sed
323 739 526 811 'potestas
561 745 757 809 episcopi
793 746 1019 793 exceditur
1047 764 1075 793 a
1100 756 1313 810 potestate
1347 748 1492 812 Papae
1507 786 1517 804 ‚
1551 747 1681 812 quasi

227 835 262 876 as
287 831 502 887 potestate
539 820 740 867 eiusdem
775 821 964 883 generis.
997 822 1052 868 Et
1077 821 1176 868 ideo
1210 839 1383 868 omnem
1411 833 1555 869 actum
1590 823 1687 870 hie-

226 897 472 945 rarchicum
489 934 499 953 ‚
528 913 659 960 quem
694 906 839 960 potest
866 896 1009 943 facere
1038 897 1157 961 Papa
1191 896 1236 951 in
1265 897 1587 945 ministratione
1611 916 1683 946 sa-

225 982 545 1021 cramentorum
565 1010 575 1029 ‚
603 982 746 1037 potest
773 971 917 1018 facere
933 972 1198 1036 episcopus,
1227 989 1314 1019 non
1339 983 1485 1020 autem
1509 990 1686 1020 omnem

225 1059 369 1097 actum
389 1086 399 1105 ‚
434 1066 566 1114 quem
597 1057 743 1112 potest
775 1047 917 1094 facere
961 1048 1198 1112 episcopus
1241 1058 1383 1112 potest
1422 1048 1566 1096 facere
1615 1066 1687 1096 sa-

224 1124 379 1173 cerdos
414 1125 460 1170 in
497 1134 865 1172 sacramentorum
900 1122 1148 1171 collatione.
1176 1124 1231 1170 Et
1259 1124 1358 1171 ideo
1392 1135 1605 1189 quantum
1628 1124 1684 1171 ad

221 1218 301 1258 ea,
329 1218 445 1265 quae
484 1210 588 1248 sunt
619 1199 885 1264 episcopalis
919 1199 1089 1247 ordinis
1109 1237 1119 1256 ‚
1159 1217 1311 1248 omnes
1350 1200 1549 1265 episcopi
1583 1211 1687 1247 sunt

220 1277 459 1341 aequales:
494 1286 537 1324 et
560 1286 736 1340 propter
768 1275 853 1323 hoc
887 1275 1074 1340 quilibet
1102 1275 1338 1341 episcopus
1368 1286 1512 1341 potest
1544 1276 1678 1324 alium

219 1370 498 1401 consecrare.
510 1373 532 1398 »

319 1429 384 1476 Ex
400 1429 564 1494 quibus
584 1439 704 1494 patet
727 1429 826 1477 ideo
850 1429 1098 1477 affirmasse
1117 1447 1154 1477 s.
1171 1427 1400 1477 Doctorem
1424 1428 1680 1494 episcopum

219 1505 432 1552 excedere
461 1515 718 1570 potestatem
748 1505 992 1553 sacerdotis
1026 1505 1071 1552 in
1095 1506 1228 1552 altero
1255 1523 1429 1569 qenere,
1465 1516 1683 1570 quatenus

225 1581 383 1635 fruitur
404 1591 619 1645 potestate
646 1581 816 1629 ordinis
842 1581 935 1629 sive
958 1581 1249 1628 ordinationis
1268 1619 1277 1638 ‚
1304 1599 1419 1645 quae
1437 1598 1524 1628 non
1542 1591 1687 1646 potest

222 1658 455 1708 convenire
484 1657 724 1714 sacerdoti,
753 1658 831 1722 qui
856 1675 909 1705 ea
938 1658 1173 1705 destitutus
1202 1668 1284 1704 est.
1314 1657 1421 1704 Cum
1451 1674 1554 1705 vero
1576 1657 1687 1704 haec

222 1732 392 1780 ordinis
412 1743 606 1797 potestas
622 1734 871 1781 communis
890 1734 948 1781 sit
965 1733 1190 1797 episcopis
1213 1733 1420 1781 omnihus
1444 1750 1544 1780 cum
1570 1750 1679 1780 rom.

223 1809 431 1873 pontifice
448 1846 458 1865 ,
485 1826 618 1873 quem
641 1809 771 1855 etiam
797 1809 1034 1874 episcopus
1054 1819 1199 1873 potest
1216 1825 1496 1864 consecrare,
1524 1807 1686 1854 exinde

224 1884 372 1938 intulit
404 1902 513 1932 rom.
552 1885 804 1949 pontificem
839 1894 1098 1949 potestatem
1131 1884 1343 1932 excedere
1377 1884 1688 1948 episcoporum

223 1959 267 2006 in
301 1960 442 2007 eodem
474 1978 638 2024 qenere.
668 1960 853 2008 Excellit
876 1971 1018 2008 autem
1038 1961 1083 2007 in
1102 1970 1316 2025 potestate
1339 1959 1567 2023 regiminis
1590 1959 1687 2023 epi-

223 2036 370 2101 scopis
402 2037 610 2084 omnibus
635 2075 645 2094 ,
683 2036 846 2101 quibus
885 2046 1062 2100 praeest
1102 2046 1325 2101 tamquam
1366 2045 1525 2099 caput,
1559 2045 1602 2082 et
1635 2051 1688 2081 ex

223 2126 312 2176 quo
346 2112 467 2159 iuxta
499 2113 758 2176 Angelicum
800 2123 1125 2178 praeceptorem
1178 2112 1323 2160 omnis
1365 2129 1515 2160 eorum
1560 2112 1688 2159 iuris-

224 2188 358 2238 dictio
383 2189 598 2252 provenit.
627 2189 699 2236 Sic
722 2189 841 2236 enim
875 2189 920 2235 in
954 2189 1109 2236 eodem
1143 2187 1328 2236 articulo
1351 2188 1396 2234 in
1422 2205 1540 2252 resp.
1556 2187 1613 2234 ad
1639 2189 1682 2233 1.

226 2265 407 2314 scribit:
434 2278 459 2318 (ς’
473 2263 687 2319 Quamvis
710 2265 917 2312 omnibus
941 2264 1166 2329 episcopis
1190 2264 1295 2311 data
1319 2264 1377 2311 sit
1397 2263 1690 2311 communiter

226 2350 420 2404 potestas
448 2339 617 2403 ligandi
643 2351 775 2405 atque
802 2341 1025 2398 solvendi,
1052 2351 1198 2388 tamen
1221 2351 1270 2387 ut
1294 2341 1339 2386 in
1366 2340 1450 2387 hac
1474 2349 1689 2404 potestate

225 2416 335 2463 ordo
357 2416 521 2481 aliquis
545 2417 794 2480 signaretur
810 2455 820 2475 ,
843 2418 984 2482 primo
1008 2417 1090 2465 soli
1111 2418 1238 2464 Petro
1261 2417 1364 2464 data
1382 2427 1470 2472 est,
1491 2426 1540 2463 ut
1558 2425 1690 2462 osten-

225 2493 355 2539 datur
387 2492 506 2556 ‘quod
544 2494 599 2540 ab
640 2511 684 2541 eo
705 2495 771 2539 'in
810 2494 920 2540 alios
965 2495 1051 2540 ista
1083 2503 1273 2557 potestas
1323 2493 1471 2540 debeat
1518 2492 1687 2538 descen-

224 2567 326 2615 dere·
358 2571 475 2631 (89).
503 2589 524 2613 »
555 2570 708 2634 Itaque
738 2586 919 2634 prorsus
953 2569 1034 2617 abs
1070 2587 1115 2617 re
1149 2570 1387 2616 auctoritas
1424 2586 1461 2615 s.
1495 2567 1689 2614 Thomae

224 2643 324 2692 heic
353 2645 551 2693 affertur.

316 2815 382 2856 (89)
401 2816 451 2848 cs.
471 2817 583 2850 Gen-dil
607 2827 661 2859 op.
679 2820 710 2850 et
733 2819 795 2851 loc.
810 2820 866 2852 cit.

331 2903 362 2937 ΙΙ
1584 2907 1606 2937 9
