1980 3260
289 238 379 269 mr.
399 238 460 268 ιιι.
480 237 531 268 nn
545 235 660 268 neci..
677 234 843 266 rornsr.
862 233 965 265 msr.
979 232 1021 264 m
1034 231 1122 265 mr.
1139 232 1264 263 uun.
1280 231 1364 263 mn.
1382 232 1475 263 Aur.
1491 232 1538 263 11.
1570 216 1659 262 105

292 317 346 363 Ut
369 316 631 364 accedamus
657 314 714 361 ad
738 313 913 361 tertium
947 311 1067 377 quod
1097 311 1409 376 proposuimus
1433 328 1664 374 argumen—

197 404 288 441 tum
319 411 374 440 em
407 393 659 440 auctoritate
693 391 1005 454 depromptum
1028 387 1359 452 exponendum,
1390 387 1518 435 nobis
1543 404 1666 452 prae—

195 480 263 517 sto
298 480 403 516 sunt
434 468 697 517 celebriores
721 466 913 529 theologi
936 476 980 512 et
1008 464 1118 512 iuris
1148 463 1350 512 canonici
1374 464 1661 528 interpretes,

197 546 331 594 immo
359 546 477 610 quod
501 555 635 609 caput
664 554 760 600 est,
798 558 1069 591 summorum
1101 541 1357 606 pontificum
1389 540 1667 588 authenticae

195 621 534 670 declarationes.

290 698 432 761 Atque
466 705 514 742 ut
542 694 754 758 a'primis
788 693 965 739 initium
1001 693 1243 748 ducamus,
1282 709 1338 739 ne
1369 691 1493 739 nimii
1525 692 1668 739 simus

197 773 244 819 in
276 772 451 819 illorum
485 768 751 816 testimoniis
785 767 1024 815 afferendis
1064 767 1300 815 nonnullos
1341 767 1580 830 seligemus
1615 785 1667 815 ex

198 848 256 894 iis
289 847 443 901 etiam,
470 845 547 910 qui
581 843 730 890 minus
765 843 911 890 favere
935 842 1190 906 pontificiae
1223 842 1367 889 solent
1400 844 1663 891 auctoritati.

197 922 415 987 Incipiam
440 921 577 984 igitur
599 938 625 967 a
648 919 704 967 cl.
735 918 1052 975 Thomassino‚
1073 918 1154 983 qui·
1174 917 1379 981 generale
1402 918 1487 965 hoc
1509 918 1669 967 lemma

198 998 477 1063 praestituit:
525 1017 548 1041 «
567 996 867 1061 Principatum
902 994 1172 1042 auctoritatis
1207 994 1251 1040 in
1290 993 1499 1042 omnibus
1532 994 1671 1042 eccle-

196 1075 389 1122 siasticis
420 1073 570 1120 causis
596 1089 696 1120 esse
731 1089 869 1136 penes
899 1070 1187 1136 apostolicam
1211 1071 1390 1127 sedem;
1426 1070 1573 1118 sedin
1597 1089 1671 1118 ae—

197 1150 498 1197 dificationem
526 1148 675 1195 datam
707 1146 771 1194 illi
795 1146 1009 1194 divinitus
1033 1163 1133 1194 esse
1166 1146 1281 1194 hanc
1316 1151 1516 1194 summae
1551 1157 1672 1211 pote-

201 1226 330 1273 statis
370 1224 734 1290 praerogativam.
763 1261 772 1269 .
801 1262 809 1269 .
839 1261 847 1269 .
872 1223 992 1270 Haec
1031 1223 1279 1271 certissima
1314 1223 1425 1270 ratio
1460 1223 1516 1270 ad
1552 1222 1671 1271 solos

199 1301 378 1350 tandem
414 1300 645 1366 pontifices
679 1300 899 1347 Romanos
937 1299 1157 1347 revocavit
1199 1299 1489 1363 gravissimas
1537 1317 1672 1364 quas—

197 1394 391 1442 cumque
426 1375 808 1442 dispensationes,
844 1375 950 1422 hinc
984 1375 1223 1423 auctoritas
1258 1393 1394 1440 supra
1432 1375 1544 1423 alios
1579 1375 1673 1439 epi-

198 1471 359 1518 scopos
394 1452 766 1500 excellentissima
789 1462 831 1499 et
853 1451 909 1498 ab
933 1451 1033 1515 ipso
1067 1452 1270 1499 instituta
1303 1451 1479 1499 Christo
1508 1453 1624 1514 (43).
1646 1470 1667 1496 »

198 1529 263 1575 Ex
296 1527 461 1593 quibus
496 1538 616 1592 patet
645 1527 746 1575 ideo
768 1527 826 1575 ad
862 1527 1006 1575 solum
1044 1545 1153 1575 rom.
1191 1527 1469 1592 pontificem,
1503 1527 1674 1592 episco-

199 1604 270 1670 pis
305 1604 522 1662 exclusis,
559 1614 759 1669 spectare
788 1604 1171 1670 dispensationes,
1198 1604 1319 1669 quod
1354 1621 1577 1652 summum
1610 1603 1675 1650 di-

204 1681 370 1728 vinitus
405 1681 704 1745 principatum
736 1681 946 1728 obtineat.

294 1757 463 1805 Natalis
495 1757 771 1805 Alexander:
820 1754 842 1803 «'
861 1757 987 1805 Circa
1016 1757 1333 1822 impedimenta
1372 1757 1669 1814 matrimonii,

203 1831 380 1888 scribit,
415 1832 512 1879 iure
544 1832 777 1879 dumtaxat
808 1832 1111 1881 ecclesiastico
1145 1833 1411 1889 constituta,
1450 1849 1673 1880 summum

203 1908 453 1972 pontificem
477 1908 743 1974 dispensare
764 1926 898 1973 posse
931 1920 1099 1957 certum
1133 1920 1226 1966 est,
1253 1927 1429 1974 eumque
1451 1910 1589 1957 solum
1611 1926 1675 1956 re-

200 1983 435 2047 gulariter,
476 1996 529 2032 ut
561 1985 829 2049 loquuntur,
875 2003 1013 2049 quum
1058 1985 1315 2042 huiusmodi
1359 1985 1675 2050 impedimenta

201 2060 290 2107 sint
321 2060 390 2108 vel
414 2079 440 2107 a
463 2060 662 2108 conciliis
694 2061 997 2124 generalibus,
1024 2061 1094 2109 vel
1118 2079 1145 2109 a
1168 2062 1356 2111 summis
1387 2062 1674 2127 pontificibus

201 2135 431 2193 instituta,
470 2137 516 2183 in
545 2155 734 2201 quorum
768 2137 944 2185 decreta
978 2148 1235 2202 potestatem
1269 2156 1356 2186 non
1386 2139 1551 2187 habent
1581 2140 1675 2204 epi—

201 2213 352 2277 scopi,
387 2231 524 2278 quum
560 2231 712 2261 eorum
747 2214 989 2262 auctoritas
1019 2226 1063 2262 et
1098 2215 1344 2264 iurisdictio
1377 2216 1436 2264 sit
1464 2216 1676 2264 concilio—

205 2306 298 2334 rum
335 2288 607 2351 generalium
643 2298 686 2335 et
724 2306 832 2335 rom.
873 2290 1097 2353 pontificis
1134 2291 1391 2339 auctoritate
1425 2303 1467 2339 et
1502 2292 1676 2339 iurisdi—

204 2363 347 2411 ctione
380 2365 561 2412 inferior
594 2364 773 2429 illisque
808 2365 1009 2413 subiecta
1031 2367 1146 2429 (44).
1168 2386 1190 2412 »

292 2481 356 2521 (43)
379 2482 577 2514 Ecclesiast.
589 2482 725 2523 discipl.
738 2484 819 2524 part.
831 2485 870 2515 11.
882 2484 938 2516 lib.
954 2485 1010 2517 m.
1019 2494 1090 2527 cap.
1101 2488 1215 2519 xxlv.
1229 2487 1286 2528 qui
1299 2489 1461 2528 praeterea
1476 2497 1546 2528 cap.
1558 2489 1672 2520 XXVI.

202 2541 234 2564 n.
260 2538 278 2565 3
293 2535 325 2565 et
350 2536 380 2565 4.
399 2533 538 2566 affirmat
569 2534 655 2575 quod
676 2535 709 2566 in
724 2535 920 2575 gravissimis
933 2537 1116 2578 quibusque
1128 2539 1234 2571 causis
1246 2539 1286 2571 ad
1304 2549 1384 2572 rom.
1402 2540 1585 2580 pontificem
1601 2549 1675 2572 con-

204 2587 350 2626 fugerent
369 2586 494 2628 fideles,
517 2588 658 2629 episcopi
681 2590 714 2619 et
734 2596 822 2628 reges
845 2597 882 2621 ea
895 2590 1043 2622 suasione
1065 2591 1176 2630 ducti,
1201 2593 1288 2633 quod
1313 2593 1512 2625 constantius
1538 2601 1677 2625 canones

202 2638 248 2670 ab
263 2647 302 2670 eo
315 2642 539 2672 servarentur:
557 2649 659 2681 quum
674 2649 752 2672 vero
768 2641 991 2675 obtinerentur
1007 2652 1026 2676 a
1046 2653 1126 2676 rom.
1150 2645 1301 2686 pontifice
1324 2645 1591 2687 dispensationes,
1610 2646 1675 2677 exi-

201 2691 411 2723 stimarentur
425 2694 590 2733 tamquam
610 2692 765 2724 beneficia
782 2701 801 2725 a
814 2694 1017 2736 principibus
1030 2697 1249 2737 apostolorum
1265 2699 1395 2730 coliata.
1412 2698 1463 2730 cr.
1480 2707 1676 2737 anonymum

203 2745 368 2775 auctorem
388 2745 535 2785 opusculi
551 2745 604 2776 cui
619 2745 670 2776 tit.
691 2744 856 2784 Defensio
866 2747 1068 2787 pontificiae
1083 2752 1309 2783 auctoritatis
1330 2753 1367 2783 in
1383 2753 1598 2783 matrimonii
1618 2753 1679 2783 rm-

196 2795 398 2835 pedemonte
409 2797 623 2830 dirimentia.
640 2797 821 2839 Hierapoli,
838 2802 925 2832 1786.
944 2810 1011 2841 par.
1032 2803 1071 2834 11.
1089 2802 1118 2843 §.
1138 2805 1191 2835 lx.

292 2850 360 2889 (44)
385 2850 496 2882 Thaol.
513 2850 627 2891 doqm.
644 2849 686 2883 de
699 2853 852 2885 matrim.
872 2862 902 2885 c.
919 2855 981 2886 art.
1002 2856 1059 2887 lv.
