1980 3260
270 224 362 257 mr.
380 224 438 256 iv.
458 220 509 255 m:
523 222 639 255 nect.
660 222 799 254 rores.
818 220 967 254 SANAN.
982 219 1108 253 uun.
1130 219 1173 253 m
1185 218 1381 252 mnam.
1400 218 1462 252 m.
1534 205 1557 249 1
1567 203 1625 250 ’Π

150 302 275 367 gium
299 297 597 349 christianum
616 339 626 358 ‚
650 299 820 349 romani
849 298 1079 364 pontifices
1114 297 1369 363 illegitimos
1395 296 1511 344 filios
1533 296 1629 344 ubi-

154 395 242 444 que
274 388 489 425 terrarum
524 395 612 425 non
655 377 820 424 directe
838 413 848 433 ,
887 375 966 423 sed
999 374 1202 421 indirecte
1235 391 1424 438 capaces
1458 373 1631 422 efficere

154 465 346 519 possunt
368 453 703 502 successionum
718 490 728 510 ‚
750 462 794 500 et
813 468 1196 517 quorumcumque
1220 450 1383 497 iurium
1417 460 1633 514 tempora-

154 529 262 577 lium
279 569 289 587 ,
312 530 554 578 dummodo
578 539 724 577 tamen
742 527 861 575 adsit
884 544 1044 590 magna
1062 536 1105 574 et
1129 526 1445 590 urgentissima
1467 542 1627 583 causa,

155 623 208 653 ac
238 606 478 653 dummodo
507 605 654 669 proles
684 614 892 668 suscepta
921 620 1009 650 non
1049 602 1181 650 fuerit
1212 620 1265 650 ex
1299 602 1459 666 copula
1490 601 1633 648 mani-

152 681 263 729 feste
281 680 540 736 fornicaria;
563 680 667 726 item
686 679 926 726 dummodo
947 678 1277 726 matrimonium
1296 696 1350 725 ex
1376 695 1465 743 quo
1483 678 1631 743 proles

152 756 384 820 illegitima
406 764 474 801 est
508 754 740 818 progenita
767 771 856 801 non
880 754 1011 801 fuerit
1039 754 1210 801 nullum
1237 764 1416 818 propter
1439 753 1632 818 impedi-

151 841 347 878 mentum
382 829 495 893 iuris
532 827 746 875 naturalis
771 828 840 875 vel
865 827 1004 876 divini
1034 830 1152 890 (39).

249 907 557 952 Verumtamen
582 921 671 952 non
694 903 876 951 defuere
911 905 988 968 qui
1012 904 1277 951 contrariam
1313 904 1538 952 mordicus
1568 922 1634 952 se—

152 992 378 1031 ctarentur
411 981 676 1029 sententiam
694 1018 704 1037 ,
743 980 1112 1044 traducerentque
1145 997 1427 1028 communem
1458 991 1634 1028 senten-

153 1058 266 1106 tiam
296 1057 433 1106 veluti
454 1057 786 1121 aggressionem
806 1073 1086 1103 romanorum
1121 1057 1379 1121 pontificum
1405 1057 1450 1102 in
1467 1066 1633 1121 tempo*

154 1134 270 1181 ralia
302 1133 554 1199 principum
585 1133 700 1180 iura.
729 1132 786 1178 Hi
811 1132 857 1178 in
882 1131 1037 1178 Galliis
1064 1132 1349 1196 potissimum
1371 1132 1628 1196 viguerunt,

151 1211 227 1276 qui
263 1210 490 1257 clausulas
515 1227 631 1275 quae
666 1209 784 1256 circa
819 1208 958 1273 prolis
992 1208 1357 1272 legitimationem
1391 1208 1437 1254 in
1471 1208 1633 1255 litteris

153 1285 494 1352 apostolicarum
523 1285 909 1349 dispensationum
942 1284 989 1330 in
1023 1284 1352 1349 impedimentis
1388 1283 1633 1331 dirimenti-

154 1362 241 1410 bus
265 1362 399 1409 adiici
427 1361 596 1418 solent,
624 1372 850 1425 tamquam
884 1361 1087 1407 abusivas
1123 1378 1174 1408 ac
1207 1362 1359 1407 irritas
1393 1377 1495 1407 esse
1529 1377 1635 1407 con—

151 1438 361 1495 tendunt,
385 1448 428 1485 et
451 1455 478 1485 a
501 1454 684 1485 romana
716 1437 840 1484 curia
858 1436 1136 1494 adinventas,
1159 1447 1231 1493 ut,
1254 1436 1631 1502 quemadmodum

156 1516 428 1582 loquuntur,
467 1515 669 1562 fimbriae
701 1515 958 1580 pontificiae
992 1514 1316 1562 iurisdictionis
1356 1514 1402 1561 in
1437 1513 1639 1561 saecula-

156 1593 271 1640 rium
311 1592 563 1657 principum
586 1591 800 1639 dominiis
834 1591 1142 1638 dilatarentur.
1182 1590 1316 1638 Aiunt
1339 1590 1459 1638 enim
1492 1590 1636 1653 legiti-

153 1669 393 1716 mationem
428 1668 567 1733 prolis
604 1668 753 1733 quoad
788 1668 941 1717 civiles
976 1668 1158 1715 effectus
1194 1668 1300 1731 regii
1340 1667 1484 1715 solum
1520 1667 1633 1714 iuris

159 1762 284 1802 esse,
325 1761 407 1792 nec
440 1744 715 1809 pontificiam
749 1754 1011 1809 potestatem
1045 1744 1232 1792 ulterius
1264 1744 1466 1809 protendi
1503 1760 1638 1808 quam

158 1832 208 1869 ut
231 1820 490 1884 illegitimos
514 1820 734 1883 legitimos
758 1820 921 1867 efficiat
945 1830 1150 1884 respectu
1173 1821 1409 1867 effectuum
1434 1820 1638 1885 spiritua-

160 1897 269 1944 lium
302 1906 347 1944 et
379 1896 808 1952 ecclesiasticorum,
838 1913 998 1960 nempe
1022 1896 1299 1960 suscipiendi
1324 1896 1528 1951 ordines,
1558 1894 1637 1942 ob-

155 1973 420 2038 tinendique
437 1972 657 2020 beneficia
675 1982 719 2019 et
737 1972 824 2019 alia
843 1973 1079 2019 eiusmodi.
1099 1973 1304 2019 Subdunt
1320 1973 1504 2036 insuper
1519 1970 1639 2018 clau-

159 2049 282 2098 sulas
307 2049 532 2114 praefatas
557 2049 738 2097 omnino
763 2048 942 2096 inutiles
967 2066 1089 2106 esse,
1112 2066 1163 2095 ac
1181 2049 1238 2096 de
1263 2065 1423 2112 genere
1441 2048 1634 2103 illarum,

157 2143 274 2191 quae
307 2127 521 2172 vitiantur
555 2137 598 2173 et
637 2143 721 2172 non
766 2126 953 2180 vitiant,
993 2125 1099 2172 dum
1134 2124 1393 2188 legitimatio
1437 2123 1638 2189 provenit

158 2218 211 2248 ex
239 2212 400 2249 natura
424 2201 487 2247 rei
511 2211 691 2265 propter
713 2202 970 2265 subsequens
996 2200 1325 2248 matrimonium
1349 2217 1449 2265 cap.
1478 2200 1517 2246 T
1514 2209 1635 2247 anta.

165 2276 253 2334 Qui
278 2279 366 2343 filii
392 2278 480 2324 sint
511 2277 696 2341 leqitimi
733 2278 850 2340 (40).

258 2354 353 2400 lam
378 2369 483 2400 vero
513 2352 753 2408 iniustam,
792 2352 928 2400 immo
950 2364 994 2401 et
1026 2353 1351 2401 calumniosam
1382 2352 1429 2399 in
1462 2362 1641 2416 aposto—

163 2429 295 2477 licam
329 2429 481 2476 sedem
521 2445 622 2476 esse
657 2428 773 2475 hanc
810 2429 1136 2478 accusationem
1171 2430 1333 2477 exinde
1357 2438 1500 2494 patet,
1522 2427 1641 2493 quod

159 2504 242 2552 illa
274 2482 485 2551 indirecta
513 2504 845 2552 ecclesiasticae
868 2505 1113 2553 sanationis
1138 2505 1335 2554 efficacia
1369 2504 1515 2570 quoad
1540 2503 1643 2550 hae-

163 2579 417 2637 reditatem,
442 2581 796 2638 successionem,
818 2579 994 2646 aliaque
1017 2580 1275 2629 huiusmodi
1301 2581 1346 2627 in
1370 2579 1500 2628 terris
1525 2594 1641 2644 quae

255 2742 322 2836 {lig}
343 2741 396 2828 litii
412 2742 592 2829 ‹iitilttiglltifiri
613 2797 726 2837 Ari-et,
742 2796 830 2838 quod
845 2796 965 2838 passim
978 2796 1012 2829 in
1038 2796 1218 2830 Galliarum
1239 2792 1455 2827 tribunalibus
1476 2791 1643 2824 dicebatur

164 2845 313 2879 Barbier
325 2856 378 2882 an.
402 2851 489 2882 1664.
506 2848 548 2882 cs.
569 2849 754 2890 Rigantium
779 2849 811 2881 in
835 2850 910 2890 Reg.
932 2849 987 2881 lv.
1007 2848 1159 2882 cancell.
1176 2856 1209 2880 n.
1232 2851 1290 2879 112
1306 2854 1396 2886 seqq.

250 2917 284 2951 ΙΙ
1539 2917 1581 2949 12
