1980 3260
12 1042 21 1167 Τ-Ἦι-’,ῄ
13 1022 14 1034 β
14 979 19 984 .

277 247 367 279 ω.
385 248 445 280 ιιι.
464 249 516 279 DE
528 247 643 280 neci..
660 248 823 281 rorzsr.
840 248 944 281 msr.
961 247 1004 279 m
1017 248 1103 279 mr.
1121 248 1245 279 turn.
1262 249 1346 280 mn.
1361 249 1454 280 Aur.
1471 249 1516 281 ιι.
1548 234 1636 278 1οῘ

184 324 368 372 tistitum
394 326 490 374 iura
509 326 654 392 quoad
673 327 756 374 has
777 343 937 374 causas
955 325 1040 373 sibi
1057 325 1281 373 vindicare
1300 337 1637 382 consueverunt,

182 412 231 448 ut
254 412 372 466 patet
395 419 447 449 ex
474 401 679 450 facultate
701 420 728 449 a
753 403 815 450 lo.
845 401 957 448 VIII.
987 401 1139 449 Troiae
1164 402 1207 447 in
1231 402 1391 467 Apulia
1425 403 1482 449 ad
1506 420 1641 467 syno-

181 476 287 523 dum
310 479 487 525 vocatis
500 478 724 542 episcopis
748 494 959 525 concessa
986 478 1102 539 (34).
1133 478 1176 522 2.
1211 477 1434 523 Interdum
1465 494 1642 541 quoque

182 552 227 597 in
262 552 674 617 impedimentorum
708 552 856 599 causis
901 552 958 598 ab
989 551 1208 617 episcopis
1246 551 1544 599 diiudicandis
1581 570 1644 599 re-

181 628 308 690 gulas
350 628 589 675 servandas
626 638 898 682 statuerunt,
938 638 1068 691 prout
1102 627 1321 692 praestitit
1352 628 1555 674 Urbanus
1580 628 1636 674 II.

181 721 256 751 an.
290 705 431 749 1093.
454 702 690 750 inconcilio
714 703 880 766 pariter
904 703 1056 750 Troiae
1080 703 1125 749 in
1159 703 1319 767 Apulia
1342 714 1492 752 coacto
1519 705 1635 766 (35).

183 780 227 825 3.
257 777 479 825 Interdum
511 778 795 825 conciliorum
820 777 913 825 sive
938 778 1274 842 provincialium
1290 816 1299 834 ,
1328 779 1423 826 sive
1447 780 1645 826 nationa-

180 852 288 899 lium
322 852 367 899 in
390 852 608 900 eiusmodi
641 852 789 900 causis
813 852 979 900 iudicia
1002 852 1301 908 resciderunt,
1330 864 1459 917 prout
1480 854 1641 901 factum

179 929 373 977 vidimus
408 947 434 976 a
457 928 636 977 Nicolao
671 930 706 975 1.
747 929 893 994 quoad
917 929 1001 976 tria
1023 928 1210 977 concilia
1239 928 1607 992 aquisgranensia
1629 968 1638 983 ,

179 1015 376 1053 metense
407 1015 632 1070 praeterea
673 1015 717 1053 et
750 1015 947 1053 trecense
982 1005 1027 1051 in
1069 1022 1204 1052 causa
1245 1005 1422 1052 divortii
1451 1005 1643 1053 Lotharii

180 1081 296 1144 regis
320 1091 364 1129 et
387 1080 716 1144 Theutbergae,
745 1098 826 1128 nec
849 1097 937 1128 non
960 1098 987 1127 a
1019 1081 1226 1143 Gregorio
1254 1081 1302 1127 V.
1325 1081 1402 1145 qui
1428 1080 1474 1126 in
1498 1080 1645 1128 conci-

179 1156 239 1205 lio
265 1174 374 1205 rom.
408 1159 465 1204 11.
499 1175 572 1205 an.
608 1159 715 1204 998.
758 1156 1117 1204 Ermambaldum
1148 1167 1431 1205 turonensem
1473 1155 1649 1204 archie-

180 1232 409 1299 piscopum
427 1271 437 1291 ,
466 1244 510 1281 et
542 1233 775 1299 episcopos
811 1234 888 1298 qui
917 1233 1092 1281 Roberti
1125 1233 1359 1296 galliarum
1390 1232 1504 1295 regis
1543 1249 1647 1280 cum

178 1308 338 1356 Bertha
377 1309 656 1358 matrimonio
704 1310 942 1357 adsensum
987 1309 1281 1374 praebuerant
1303 1347 1312 1365 ,
1363 1308 1645 1356 anathemate

180 1383 391 1448 perculit;
420 1396 548 1450 prout
580 1403 606 1433 a
634 1402 673 1432 s.
705 1385 847 1433 Leone
871 1386 944 1431 IX.
965 1423 974 1441 ‚
1004 1384 1165 1432 deinde
1187 1402 1290 1432 vero
1314 1384 1360 1430 in
1385 1402 1520 1431 causa
1548 1384 1646 1430 Phi-

179 1458 288 1524 lippi
308 1459 494 1522 Augusti
518 1478 545 1507 a
568 1460 815 1508 Caelestino
833 1461 910 1507 111.
942 1471 986 1507 et
1017 1460 1073 1507 ab
1100 1460 1355 1508 Innocentio
1380 1460 1457 1505 III.
1480 1459 1645 1506 sactum

178 1534 319 1584 fuisse
341 1536 547 1600 superius
576 1536 785 1584 diximus.
814 1537 878 1583 Ex
912 1537 984 1584 his
1008 1536 1201 1601 aliisque
1226 1553 1314 1584 non
1339 1536 1494 1600 paucis
1529 1552 1646 1600 quae

178 1611 224 1658 in
258 1612 452 1659 medium
477 1612 608 1660 facile
630 1614 777 1661 afferri
801 1624 1004 1679 possent,
1032 1624 1303 1677 compertum
1340 1613 1388 1659 fit
1410 1612 1654 1676 episcopos-

178 1686 310 1734 etiam
345 1686 392 1733 in
427 1688 628 1736 conciliis
661 1700 947 1753 congregatos
989 1689 1135 1754 quoad
1179 1688 1279 1753 ipsa
1311 1687 1518 1750 coniugia
1555 1687 1643 1733 iam

180 1762 289 1809 inita
321 1779 422 1810 cum
455 1763 771 1828 impedimento
800 1783 1041 1830 numquam
1077 1764 1368 1811 relaxationes
1401 1763 1645 1810 indulsisse

179 1837 518 1903 absque'debita
536 1856 646 1887 rom.
664 1839 949 1904 pontificibus
968 1839 1242 1887 subiectione
1259 1856 1310 1886 ac
1327 1838 1639 1903 dependentia.

275 1914 500 1971 Ceterum,
524 1915 596 1963 his
620 1915 844 1972 dimissis,
868 1926 916 1963 ut
933 1915 990 1963 ad
1010 1916 1423 1980 impedimentorum
1441 1914 1656 1962 devenia-v

180 2006 278 2037 mus
297 1990 588 2038 relaxationes
606 1992 831 2055 praevias,
856 1992 911 2039 de
931 1992 1093 2056 quibus
1112 1991 1460 2056 praecipuus-est
1477 2007 1638 2046 sermo»,

181 2064 346 2117 nullam
376 2066 422 2111 in
446 2066 525 2114 his
544 2077 804 2131 potestatem
839 2068 987 2114 inesse
1018 2067 1242 2132 episcopis
1276 2084 1337 2113 ex
1362 2066 1496 2114 totius
1531 2065 1645 2112 anti-

177 2142 362 2206 quitatis
395 2143 689 2190 consensione
711 2153 754 2190 et
777 2143 901 2208 praxi
937 2143 1055 2191 haud
1080 2143 1270 2191 difficile·
1290 2152 1363 2190 est'
1390 2140 1638 2189 ostendere.

179 2217 287 2263 Nam
312 2218 432 2282 quod
462 2218 618 2265 attinet
645 2218 702 2265 ad
724 2219 821 2264 XII.
851 2219 999 2283 priora
1026 2218 1248 2266 ecclesiae
1270 2217 1442 2275 secula,
1472 2217 1642 2264 nullum

178 2302 246 2340 est
262 2292 447 2340 dubium
467 2303 725 2358 potestatem
749 2293 866 2341 hanc
889 2294 1121 2359 episcopos
1146 2311 1241 2341 non:
1257 2293 1526 2350 exercuisse,
1543 2310 1642 2340 cum

181 2367 329 2415 nullae
350 2369 537 2416 omnino·
554 2370 779 2417 eiusmodi.
799 2370 1088 2418 relaxationes
1122 2370 1490 2426 concederentur;
1525 2378 1570 2416 at
1592 2385 1645 2416 eo

180 2454 375 2509 tempore
399 2455 491 2493 tota
510 2446 712 2510 ipsorum.
730 2457 922 2510 potestas
952 2447 1081 2494 unice
1104 2447 1392 2503 versabatur,
1420 2456 1469 2492 ut
1497 2455 1644 2492 osten-

179 2521 329 2568 dimus
348 2560 357 2578 ,
397 2524 598 2571 romanis>
623 2523 908 2588 pontificibus
942 2523 1262 2580 annuentibus,
1298 2524 1415 2571 circa
1437 2522 1645 2585 coniugia

181 2596 269 2644 iam
296 2608 542 2656 contracta,
580 2609 623 2646 et
647 2599 731 2647 hoc
754 2599 885 2646 etiam
909 2617 1008 2648 raro
1037 2600 1291 2647 admodum.
1320 2599 1356 2644 A
1375 2598 1537 2646 seculis
1565 2616 1644 2645 au-

182 2683 267 2721 tem
301 2675 396 2721 XII.
431 2685 474 2723 et
506 2677 623 2722 XIII.
653 2676 709 2723 ob
737 2676 929 2724 rationes
949 2695 1062 2742 quas
1087 2676 1409 2731 indicavimus,
1439 2692 1552 2723 nova
1575 2673 1643 2721 di-

270 2795 335 2836 (34)
354 2798 446 2839 Apud
472 2799 658 2831 zachariam
687 2799 719 2831 in
744 2799 870 2832 dissert.
899 2800 954 2832 cit.
970 2808 1041 2841 cap.
1058 2801 1100 2832 11.
1117 2799 1148 2840 §.
1165 2804 1194 2832 2.
1210 2808 1242 2831 n.
1265 2804 1290 2831 1.

270 2849 338 2890 (35)
358 2851 394 2882 ln
417 2851 545 2885 collect.
569 2852 710 2885 maxima
736 2852 852 2885 concil.
879 2854 992 2886 veneta
1014 2854 1094 2885 tom.
1111 2854 1181 2885 XX.
1197 2852 1260 2884 col.
1281 2854 1349 2884 7⁹0.
1367 2860 1438 2893 cap.
1457 2853 1482 2882 Ι.
