1980 3260
260 239 351 273 CAP.
366 239 426 272 vl.
438 239 491 272 DE
509 239 635 273 MATR.
647 238 826 272 nanum.
838 237 922 270 m'r.
936 237 983 270 SE
1000 235 1081 270 val.
1098 235 1183 269 clm
1200 234 1322 268 nnn.
1340 234 1433 267 ΛΒΤ.
1449 233 1508 266 lv.
1570 217 1661 264 265

290 320 337 366 1.
383 319 434 366 In
475 318 692 367 vicariatu
738 315 1006 365 Sutchuensi
1034 353 1045 374 ‚
1093 314 1251 363 saltem
1295 330 1441 379 usque
1485 311 1542 361 ad
1584 329 1664 361 an-

193 411 300 442 num
330 395 472 442 1803.
498 395 650 457 (123).

291 471 335 518 2.
376 472 426 517 ln
450 487 538 518 non
567 469 724 535 paucis
755 467 932 534 imperii
959 466 1154 516 sinensis
1181 464 1425 530 provinciis
1447 465 1596 528 (124).

292 548 336 595 3.
376 549 427 594 In
467 548 725 612 regionibus
761 547 1052 596 orientalibus
1095 544 1339 610 generatim
1373 543 1458 592 sub
1497 543 1667 592 ditione

192 622 361 670 turcica
384 632 428 670 et
448 623 624 688 persica
646 623 897 672 constitutis
914 623 971 670 de
988 621 1154 688 quibus
1171 620 1295 669 nulla
1316 619 1528 686 specialis
1553 619 1667 668 facta

193 707 263 747 est
283 697 449 746 mentio
471 699 622 760 (125).

291 848 406 897 Loca
443 865 549 896 vero
582 848 630 895 in
676 848 842 914 quibus
888 849 1075 896 dubium
1104 858 1174 896 est
1203 857 1352 895 utrum
1387 847 1504 895 facta
1538 846 1670 895 fuerit

193 924 369 974 concilii
405 924 633 973 tridentini
657 925 821 974 decreti
845 925 1111 991 publicatio,
1138 924 1251 972 haec
1272 923 1395 971 mihi·
1410 933 1515 972 nota
1537 932 1663 972 sunt:

290 1004 336 1049 1.
376 1002 426 1048 In
461 1002 591 1067 Syria
612 1003 762 1065 (126).

291 1079 336 1125 2.
377 1078 428 1124 In
454 1077 603 1125 insula
631 1077 764 1143 Cypri
799 1078 949 1141 (127).

295 1155 340 1202 3.
378 1153 470 1201 Sub
493 1153 645 1219 aliquo
667 1163 872 1219 respectu
895 1154 942 1201 in
964 1170 1043 1202 ora
1064 1152 1508 1216 malabarica.(128).
1531 1195 1536 1199 .

292 1337 370 1383 111.
409 1336 778 1385 Arnch.-Pauca
801 1336 913 1384 mihi
939 1346 1182 1402 suppetunt
1214 1336 1346 1384 istius
1370 1335 1563 1399 regionis
1589 1334 1670 1384 do-

195 1423 426 1470 cumenta3
466 1413 741 1479 publicatum
774 1413 950 1461 videtur
983 1413 1277 1461 tridentinum
1313 1412 1572 1474 decretum.

292 1537 379 1579 (12³)
400 1537 438 1570 Id
453 1537 590 1570 habetur
605 1539 639 1570 in
653 1537 778 1579 synodo
793 1538 981 1571 sutchuensi
999 1538 1060 1571 hoc
1075 1547 1128 1571 an.
1142 1537 1400 1572 1803.celebrata
1412 1537 1446 1570 in
1459 1545 1525 1578 qua
1534 1538 1671 1578 cap.1X.

194 1588 226 1631 §.
238 1591 280 1622 V.
297 1590 448 1631 legitur.«
460 1590 617 1628 Quamvis
639 1590 847 1623 matrimonia
870 1590 1070 1623 clandestina
1083 1599 1139 1623 seu
1153 1590 1223 1623 sine
1238 1589 1417 1631 praesentia
1431 1588 1608 1621 sacerdotis
1621 1597 1670 1622 ce-

195 1642 338 1684 lebrata,
359 1642 466 1675 valida
485 1643 552 1676 sint
573 1644 614 1675 iis
629 1643 663 1675 in
678 1643 775 1684 locis,
789 1643 846 1675 ubi
863 1643 1027 1676 decretum
1043 1652 1135 1676 conc.
1144 1642 1221 1675 trid.
1235 1641 1373 1675 nonfuit
1387 1641 1601 1683 publicatum,
1618 1641 1675 1674 aut

192 1695 308 1728 saltem
326 1704 392 1728 non
407 1695 470 1728 ruit
486 1695 695 1728 observatum
708 1696 877 1737 tamquam
891 1696 943 1729 lex
956 1696 1103 1738 concilii,
1117 1696 1224 1738 prout
1244 1695 1287 1728 de
1308 1694 1371 1728 hoc
1391 1696 1569 1728 vicariatu
1592 1703 1670 1728 con·

195 1749 269 1782 stat
285 1750 372 1781 etc.»

294 1802 383 1844 (124)
404 1802 498 1835 Patet
511 1811 552 1835 ex
566 1803 714 1844 superius
732 1802 853 1836 relatis.

292 1854 380 1895 (125)
401 1857 427 1887 A
441 1863 591 1896 congreg.
608 1864 636 1887 s.
652 1855 709 1887 oss.
730 1857 820 1888 1843.
840 1859 888 1888 12.
899 1854 977 1887 Maii
993 1855 1026 1887 et
1038 1863 1058 1887 a
1071 1862 1220 1896 congreg.
1233 1853 1274 1887 de
1287 1862 1420 1896 propag.
1432 1853 1496 1887 fide
1513 1856 1603 1887 1783.
1617 1852 1671 1886 de-

197 1907 302 1941 cisum
317 1908 366 1940 est
379 1908 487 1941 valere
501 1908 746 1940 matrimonium
759 1917 816 1949 per
831 1916 1024 1940 consensum
1037 1907 1150 1940 datum
1169 1915 1280 1939 coram
1295 1907 1484 1948 magistratu
1499 1906 1635 1939 turcico.
1671 1929 1673 1933 Α

293 1960 383 2002 (126)
404 1963 451 1993 Ex
463 1961 552 1994 Actis
565 1970 715 2002 congreg.
732 1961 774 1994 de
789 1969 920 2003 propag.
936 1961 1000 1994 fide
1015 1962 1141 1993 eruitur
1155 1960 1197 1992 ad
1212 1960 1502 2002 interpellationem
1516 1960 1581 2005 vic.
1596 1968 1672 2001 apo·

196 2014 323 2056 stolici‚
345 2015 444 2056 atque
461 2023 502 2047 ex
527 2014 624 2047 huius
651 2015 876 2055 responsione,
904 2014 1010 2047 videri
1035 2014 1069 2046 in
1098 2013 1191 2055 Syria
1218 2022 1284 2046 non
1311 2014 1410 2047 fuisse
1442 2013 1640 2055 publicatum
1660 2037 1671 2054 ‚

197 2068 277 2109 quia
291 2067 424 2100 illarum
436 2068 629 2100 missionum
651 2068 805 2109 praefecti
821 2067 1026 2100 affirmabant
1042 2076 1107 2100 non
1121 2067 1220 2101 fuisse
1232 2067 1471 2109 promulgatum
1484 2066 1545 2099 sub
1555 2065 1675 2099 debitis

197 2119 312 2153 formis
322 2143 332 2161 ,
349 2119 429 2152 dum
446 2119 501 2152 alii
518 2119 757 2152 contendebant
771 2119 872 2152 fuisse
884 2119 994 2152 debito
1007 2119 1106 2152 modo
1121 2119 1376 2161 promulgatum,
1395 2127 1435 2152 eo
1446 2118 1537 2160 quod
1550 2118 1672 2152 fuerint

198 2173 344 2214 regiones
358 2172 433 2205 illae
447 2171 510 2204 sub
525 2172 650 2205 ditione
662 2173 778 2205 veneta
793 2173 867 2214 post
884 2173 1133 2206 celebrationem
1153 2172 1284 2205 concilii
1295 2171 1475 2205 tridentini.

295 2225 384 2266 (127)
405 2224 525 2257 Eadem
552 2225 637 2257 ratio
657 2225 746 2257 valet
767 2234 827 2266 pro
849 2225 956 2258 insula
979 2226 1096 2267 cypri,
1112 2234 1152 2258 ac
1164 2225 1206 2258 de
1220 2225 1428 2258 missionibus
1447 2225 1577 2267 Syriae3
1595 2234 1673 2258 nam

199 2278 263 2311 vic.
279 2278 477 2320 apostolicus
493 2277 608 2318 Aleppi
620 2286 673 2310 an.
693 2280 783 2310 1764.
797 2277 1004 2311 existimabat
1022 2278 1057 2311 in
1072 2279 1134 2311 bac
1151 2278 1259 2312 insula
1275 2278 1376 2312 fuisse
1398 2278 1600 2320 publicatum
1618 2278 1674 2311 de-

200 2331 325 2364 cretum
338 2330 415 2364 trid.
428 2339 467 2363 ac
481 2330 679 2363 innitebatur
700 2330 777 2363 huic
800 2331 943 2373 motivo,
963 2331 1051 2373 quod
1068 2340 1184 2373 nempe
1203 2332 1310 2365 veneti
1329 2340 1395 2364 non
1414 2332 1534 2364 fuerint
1556 2331 1675 2364 exinde

201 2383 329 2424 expulsi
341 2382 404 2415 nisi
421 2391 474 2415 an.
492 2385 582 2416 1570.
599 2382 633 2415 id
647 2383 697 2416 est
708 2391 765 2416 sex
777 2391 831 2416 an.
847 2392 885 2417 ex
900 2393 966 2426 quo
981 2383 1208 2418 confirmatum
1222 2384 1328 2418 suerat
1339 2384 1514 2417 concilium
1527 2383 1673 2416 tridenti·

198 2443 290 2468 num.
308 2437 371 2468 Res
390 2436 440 2468 est
452 2434 586 2468 incerta.

297 2488 384 2530 (128)
404 2490 443 2520 In
457 2497 606 2530 congreg.
618 2489 660 2521 de
673 2498 805 2532 propag.
823 2490 888 2524 fide
901 2499 954 2524 an.
966 2493 1056 2525 1764.
1072 2493 1103 2525 4.
1119 2491 1208 2533 Sept.
1220 2492 1357 2525 relatum
1372 2491 1502 2524 estnon
1514 2491 1674 2523 constare

197 2540 420 2582 sufficienter
440 2542 681 2583 promulgatum
702 2552 794 2576 conc.
811 2544 1022 2577 tridentinum
1044 2545 1079 2577 in
1101 2545 1297 2586 Malabaria,
1322 2546 1400 2586 quia
1421 2545 1497 2577 licet
1516 2543 1615 2576 ruerit
1633 2542 1675 2576 ab

197 2595 289 2628 arch.
303 2596 418 2628 Goano
429 2595 632 2636 acceptatum
658 2596 824 2630 decretum
839 2597 874 2629 in
887 2597 1029 2639 quadam
1044 2597 1168 2639 synodo
1178 2622 1189 2638 ,
1208 2600 1317 2631 tamen
1331 2606 1396 2630 non
1410 2597 1516 2629 suerat
1528 2595 1672 2637 publica·

200 2648 271 2680 tum
286 2648 397 2689 lingua
409 2648 534 2689 syriaca
547 2650 605 2681 aut
619 2649 833 2692 malabarica3
849 2651 1045 2692 quapropter
1060 2651 1273 2684 revocabatur
1289 2651 1454 2684 decretum
1477 2658 1505 2681 s.
1521 2657 1672 2690 congreg.

200 2701 331 2734 concilii
354 2710 408 2734 an.
429 2705 518 2735 1673.
532 2714 548 2731 «
560 2702 624 2736 Ubi
640 2702 807 2736 decretum
821 2703 966 2738 eiusdem
976 2703 1228 2737 concilii....non
1243 2705 1292 2737 est
1313 2703 1513 2745 publicatum
1531 2702 1565 2734 in
1581 2710 1673 2743 paro·

202 2754 293 2795 chia,
319 2754 428 2787 valere
455 2754 663 2788 matrimonia
689 2757 854 2790 contracta
878 2757 1001 2799 absque
1025 2757 1251 2791 observatione
1278 2757 1400 2790 formae
1424 2763 1444 2788 a
1470 2763 1563 2788 conc.
1583 2763 1673 2797 prae·

204 2807 374 2849 scriptae.»

299 2860 442 2902 Analoga
463 2861 617 2896 resolutio
629 2862 706 2897 data
718 2864 770 2897 est
781 2872 802 2897 a
815 2872 962 2907 congreg.
979 2873 1006 2898 s.
1021 2864 1080 2898 off.
1092 2869 1123 2899 6.
1136 2864 1237 2907 April.
1257 2867 1344 2898 1669.
1357 2862 1418 2896 sub
1432 2862 1597 2896 Clemente
1613 2862 1669 2894 lx.
