1980 3260
309 239 399 284 294
619 249 699 281 nui.
731 249 776 280 11.
805 248 917 280 secr.
947 248 976 278 1.
1004 247 1056 278 nr:
1081 245 1246 277 rorasr.
1277 245 1466 286 nuans„

306 331 361 376 At
393 326 543 374 mirari
587 325 787 382 desinet,
827 324 865 371 si
907 322 1226 385 animadvertat
1266 321 1552 386 quaestiones
1586 324 1642 371 de
1675 343 1770 385 ma..

307 402 508 451 trimonio
543 399 787 447 infidelium
824 417 923 447 cum
957 399 1216 445 tractatione
1248 397 1304 443 de
1337 396 1619 445 matrimonio
1651 400 1771 447 chri—

306 479 450 526 stiano
493 475 781 523 intrinsecum
816 493 868 523 ac
901 474 1189 538 multiplicem
1234 490 1394 520 nexum
1435 472 1634 529 habere,
1679 484 1771 535 tum

307 553 441 600 relate
460 552 515 599 ad
534 562 738 599 naturam
763 550 1054 607 sacramenti,
1083 567 1218 615 quam
1241 549 1491 598 infidelium
1515 549 1773 612 coniugium

306 629 490 675 induere
521 637 664 692 potest
698 638 799 691 post
831 627 1068 690 coniugum
1103 626 1466 683 conversionem,
1508 636 1603 673 tum
1638 625 1775 674 relate

305 704 360 751 ad
395 703 608 751 ecclesiae
642 712 901 767 potestatem
913 719 927 759 ·,
956 719 1071 767 quae
1099 701 1219 765 leges
1254 701 1382 758 tulit,
1412 711 1504 749 tum
1528 701 1646 749 circa
1669 717 1776 748 con-

305 780 425 843 iugia
460 779 656 826 fidelium
682 797 782 826 cum
807 778 1088 834 infidelibus,
1121 789 1214 825 tum
1244 777 1436 842 denique
1467 778 1588 825 circa
1607 777 1774 825 coniu-
1842 819 1848 824 .

305 855 405 918 gia,
439 872 554 920 quae
582 856 628 902 in
663 843 924 902 infidelitate
954 854 1064 901 inita
1091 864 1191 919 post
1214 853 1487 918 baptismum
1514 853 1584 901 vel
1611 853 1774 901 confir-

305 942 507 989 mantur,
542 926 610 979 vel
646 931 965 979 dissolvuntur.

402 1008 547 1056 Primo
588 1009 737 1073 itaque
778 1008 1082 1073 quaestionem
1126 1006 1394 1070 agitabimus
1437 1004 1729 1068 theologicam
1758 1044 1769 1063 ,

305 1101 419 1148 quae
450 1085 670 1149 tripartita
697 1101 798 1132 esse
824 1094 993 1149 potest:
1025 1082 1251 1147 quaeritur
1279 1082 1422 1147 primo
1446 1099 1503 1129 an
1533 1099 1586 1129 ea
1612 1082 1671 1129 sit
1694 1099 1774 1129 na-

304 1170 402 1207 tura
433 1161 627 1224 coniugii
663 1161 710 1207 in
745 1160 1007 1207 infidelitate
1042 1159 1169 1216 initi,
1201 1169 1250 1205 ut
1283 1158 1393 1205 solvi
1430 1157 1598 1223 possit:
1636 1173 1774 1222 quae-

305 1236 417 1282 ritur
450 1237 645 1284 secundo
668 1254 725 1283 an
749 1246 793 1283 et
815 1235 1036 1301 quomodo
1071 1234 1399 1282 matrimonium
1432 1234 1480 1280 in
1514 1232 1774 1282 infidelitate

304 1321 574 1359 contractum
623 1313 835 1359 rationem
885 1311 1041 1357 induat
1085 1309 1350 1357 sacramenti
1397 1320 1498 1375 post
1539 1309 1774 1374 utriusque

304 1386 506 1449 coniugis
540 1386 833 1451 baptismum:
869 1385 1099 1450 quaeritur
1127 1384 1254 1433 tertio
1287 1402 1395 1433 num
1427 1384 1540 1433 ratio
1567 1383 1686 1432 adsit
1707 1401 1776 1432 sa-

304 1462 515 1508 cramenti
547 1479 601 1509 ex
632 1473 757 1527 parte
790 1461 935 1510 fidelis
950 1500 960 1519 ,
1000 1462 1055 1510 si.
1074 1462 1185 1509 forte
1216 1461 1425 1509 alteruter
1458 1471 1628 1509 tantum
1668 1477 1774 1509 con-

303 1546 522 1594 vertatur,
564 1537 634 1586 vel
669 1539 708 1586 si
753 1554 806 1585 ex
841 1537 1058 1586 ecclesiae
1103 1537 1438 1603 dispensatione
1480 1536 1627 1585 fidelis
1671 1554 1772 1585 cum

303 1612 472 1659 infideli
506 1613 834 1662 matrimonium
875 1615 1010 1661 ineat.
1049 1614 1219 1661 Exinde
1252 1614 1328 1661 fiet
1363 1612 1575 1662 transitus
1610 1611 1667 1662 ad
1701 1629 1774 1661 ec-

302 1687 464 1735 clesiae
491 1688 829 1752 legislationem.

398 1764 463 1811 De
487 1765 629 1829 prima
654 1767 912 1830 quaestione
935 1783 1079 1832 pauca
1101 1766 1292 1814 dicenda
1315 1775 1558 1831 supersunt
1576 1775 1678 1831 post
1699 1781 1767 1823 ea,

303 1855 417 1902 quae
441 1840 486 1887 in
511 1840 883 1904 praelectionibus
908 1842 1072 1890 nostris
1090 1842 1401 1890 constituimus
1424 1843 1509 1905 (1).
1532 1841 1630 1888 Illic
1653 1841 1772 1890 enim

303 1915 576 1964 ostendimus
612 1927 702 1964 tum
739 1935 791 1965 ex
826 1935 916 1966 sac.
954 1918 1112 1966 litteris
1136 1956 1147 1975 ,
1189 1929 1281 1966 tum
1315 1934 1369 1965 ex
1406 1934 1543 1965 sensu
1575 1916 1771 1965 traditio-

303 1988 417 2045 nali‚
451 2001 541 2037 tum
574 1991 767 2057 denique
802 2010 853 2040 ex
888 1993 1106 2041 sententia
1136 2005 1179 2042 et
1212 1993 1469 2041 auctoritate
1494 2010 1605 2041 rom.
1629 1992 1771 2058 ponti-

304 2063 436 2110 ficum
459 2103 469 2121 ,
509 2069 814 2134 constantique
848 2069 1063 2118 ecclesiae
1097 2070 1332 2118 universae
1365 2070 1526 2134 agendi
1559 2069 1727 2117 ratione
1753 2107 1764 2126 ,

302 2139 473 2188 nullum
505 2159 635 2207 posse
670 2161 906 2210 superesse
940 2146 1125 2193 dubium
1153 2147 1272 2195 circa
1304 2145 1523 2194 eiusmodi
1547 2145 1770 2209 coniugio—

306 2233 419 2272 rum,
447 2216 641 2280 legitima
660 2220 976 2270 interveniente
993 2222 1250 2270 auctoritate
1266 2260 1276 2280 ,
1298 2222 1344 2268 in
1363 2221 1632 2287 quibusdam
1655 2221 1770 2270 casi-

301 2291 384 2339 bus
404 2292 805 2343 dissolubilitatem.
818 2298 1084 2346 Disiecimus
1102 2299 1286 2364 insuper
1302 2298 1587 2346 difficultates
1604 2297 1770 2363 quibus

302 2368 502 2415 nonnulli
538 2370 632 2417 sive
665 2373 964 2437 antiquiores,
994 2375 1089 2423 sive
1113 2375 1378 2423 recentiores
1413 2385 1614 2422 auctores
1650 2374 1769 2422 hanc

301 2445 515 2494 ecclesiae
542 2446 788 2495 doctrinam
824 2461 866 2497 et
899 2453 1069 2515 praxim
1106 2453 1365 2518 impugnare
1387 2451 1534 2499 adnisi
1562 2461 1681 2499 sunt.
1705 2452 1769 2497 Ne

302 2521 434 2584 igitur
456 2533 603 2571 actum
637 2541 767 2587 agere
805 2526 1060 2586 videamur,
1099 2528 1212 2577 haec
1245 2527 1394 2577 omnia
1426 2526 1526 2574 heic
1561 2526 1766 2574 innuisse

301 2598 521 2656 sufficiat,
560 2600 818 2664 praesertim
855 2619 991 2666 quum
1029 2604 1233 2652 nonnihil
1267 2622 1321 2652 ex
1354 2602 1564 2650 incidenti
1594 2601 1679 2649 hac
1709 2601 1765 2649 de

301 2691 348 2721 re
375 2674 619 2722 dixerimus
644 2676 690 2722 in
714 2677 910 2724 sectione
937 2677 1075 2726 altera
1109 2679 1211 2727 libri
1246 2679 1432 2745 prioris,
1462 2677 1568 2724 dum
1591 2677 1648 2729 de
1670 2695 1764 2725 ma-

300 2751 505 2799 trimonio
531 2751 650 2800 civili
685 2752 990 2818 loqueremur,
1030 2765 1072 2802 et
1105 2755 1194 2804 alia
1228 2754 1418 2804 dicenda
1453 2754 1542 2804 sint
1564 2753 1610 2802 in
1635 2753 1762 2804 tertio

393 2851 438 2892 (ι)
460 2852 566 2885 Tract.
585 2854 634 2885 De
654 2853 808 2886 matrim.
825 2862 895 2894 cap.
912 2855 1114 2895 11.prop.11.
