1980 3260
365 225 455 271 418
619 237 699 269 un.
729 237 775 268 11.
805 236 918 269 sacr.
946 237 1119 268 ALTERA.
1149 237 1201 267 nr:
1227 235 1394 268 rornsr.
1421 235 1564 268 elvini.

361 317 427 364 Ex
459 315 671 364 chronico
703 331 807 362 vero
840 313 1100 361 virdunensi
1136 314 1341 362 novimus
1375 330 1464 378 quo
1489 313 1832 379 propinquitatis

361 392 504 457 gradu
538 391 776 439 coniuncta
809 390 941 438 fuerit
963 390 1173 438 Bertrada
1195 408 1297 438 cum
1322 390 1514 439 Falcone
1537 400 1580 438 et
1602 408 1704 439 cum
1739 393 1840 445 Phi-

361 469 484 535 lippo
519 485 637 531 rege.
662 468 713 513 In
746 484 799 514 eo
833 468 952 514 enim
987 467 1207 530 legimus:
1236 468 1360 515 «Rex
1393 467 1591 531 legitimo
1635 467 1842 520 abdicati)

363 544 672 592 matrimonio.
698 581 706 590 .
729 579 740 589 .
763 543 951 590 ,Comiti
993 561 1076 591 suo
1109 543 1419 607 Andegavensi
1463 561 1646 595 uxorem
1693 544 1842 592 subri-

365 620 486 687 puit,
520 619 649 666 militi
684 635 766 666 suo
800 618 872 666 cui
907 618 1042 666 fidem
1077 619 1367 684 promiserat,
1405 629 1449 667 et
1481 619 1630 667 carnis
1654 636 1843 668 consan-

363 697 580 762 guinitate
614 695 888 761 propinquo:
929 695 1041 743 adeo
1074 705 1125 742 ut
1156 713 1211 743 ex
1243 713 1335 743 una
1363 696 1558 760 partein
1582 697 1705 744 tertio
1727 696 1842 747 etin

364 773 454 822 alia
476 774 523 820 in
541 783 694 838 quarto
719 773 1066 838 propinquitatis
1094 773 1314 836 sanguine
1345 783 1624 822 necterentur
1657 775 1841 837 (12-7).»

364 851 459 899 Hac
492 850 550 898 de
584 868 723 899 causa
759 850 805 897 in
840 850 1050 898 chronico
1072 849 1384 914 Andegavensi
1420 849 1658 915 Philippus
1691 850 1846 900 tradu-

363 927 480 976 citur
512 928 579 975 uti
613 927 898 975 incestuosus
932 937 976 975 et
1008 926 1182 975 adulter
1208 928 1358 990 (128).

462 1003 624 1051 Paucis
659 1021 731 1051 me
764 1003 998 1068 expediam
1033 1003 1089 1050 ab
1123 1020 1175 1051 eo
1198 1002 1319 1068 quod
1343 1002 1541 1050 secundo
1564 1001 1662 1051 loeo
1685 1019 1843 1068 propo-

365 1079 465 1137 sui,
503 1097 666 1145 nempe
698 1097 726 1128 a
759 1079 968 1142 coniugio
1003 1078 1201 1144 Philippi
1237 1079 1356 1143 regis
1390 1079 1671 1139 cumsBerta.
1699 1078 1850 1144 Siqui-

365 1154 468 1204 dem
514 1156 581 1204 sic
624 1173 695 1203 res
739 1155 870 1221 plene
915 1154 1103 1202 refertur
1135 1154 1194 1202 ab
1226 1154 1454 1202 historicis
1488 1153 1611 1202 illius
1649 1154 1844 1203 aetatis:

369 1251 392 1278 ιι
420 1232 656 1298 Philippus
691 1250 766 1280 rex
805 1232 1059 1279 francorum
1097 1247 1278 1278 uxorem
1313 1229 1483 1278 habens
1523 1230 1768 1294 legitimam
1800 1242 1848 1280 et

365 1309 585 1374 praeclari
610 1309 785 1372 generis
807 1310 979 1356 Bertam
1004 1308 1204 1364 nomine,
1234 1324 1286 1354 ex
1310 1324 1401 1372 qua
1422 1317 1682 1372 susceperat
1705 1307 1849 1357 filium

366 1385 548 1433 nomine
565 1385 836 1434 Ludovicum
856 1423 866 1442 ‚
889 1422 897 1432 .
919 1422 927 1431 .
953 1423 961 1432 .
982 1423 991 1431 .
1009 1394 1161 1432 contra
1179 1384 1250 1431 ius
1270 1383 1495 1448 legitimae
1520 1383 1849 1433 coniunctionis

365 1477 547 1508 exosam
564 1460 731 1508 habere
748 1460 919 1526 coepit:
937 1471 981 1508 et
997 1477 1023 1507 a
1041 1477 1091 1508 se
1107 1470 1259 1508 contra
1276 1476 1499 1507 canonum
1516 1469 1682 1507 statuta
1697 1459 1850 1509 libello

366 1537 544 1603 repudii
577 1548 765 1586 conatur
797 1536 1039 1603 repellere,
1069 1535 1184 1584 nihil
1207 1535 1409 1584 criminis
1438 1535 1647 1594 obiecto,
1658 1543 1852 1603 excepto

367 1611 489 1679 quod
525 1614 872 1678 sanguinitatem
906 1612 1020 1661 falso
1061 1612 1355 1661 adnumerare
1394 1611 1616 1670 tentabat,
1654 1619 1760 1700 nec
1757 1620 1851 1679 'po-

367 1700 480 1739 terat
508 1692 692 1754 (129).»
1342 1698 1347 1705 '

465 1766 583 1824 Quid
610 1785 740 1832 porro
763 1768 984 1831 gesserint
1002 1767 1209 1817 Urbanus
1228 1766 1285 1814 ll.
1307 1777 1350 1814 et
1342 1717 1602 1815 Paschalis
1621 1765 1684 1815 Π
1701 1766 1753 1814 i-nss.
1750 1764 1852 1831 hoc

369 1843 545 1907 negotio
580 1854 855 1908 compertum
889 1854 958 1892 est
991 1861 1044 1892 ex
1079 1843 1268 1892 historia
1302 1843 1425 1891 illius
1469 1843 1680 1908 temporis
1714 1852 1783 1891 et
1794 1849 1852 1891 ex

370 1919 571 1984 epistolis
595 1920 831 1986 utriusque
856 1920 1080 1985 pontificis
1112 1937 1301 1985 qnorum
1335 1919 1465 1967 iussu
1498 1917 1853 1984 pluraconcilia

371 2007 524 2044 coacta
558 2008 690 2055 sunt;
727 1997 871 2045 donec
906 1997 1073 2046 Urbani
1109 2007 1153 2044 et
1176 1996 1543 2044 Claramontanae
1567 1994 1854 2061 synoditse‘n-

364 2073 510 2120 ¹tentia
527 2085 706 2122 coactus
724 2074 963 2140 Philippus
981 2073 1235 2121 Bertradam
1254 2072 1475 2120 dimiserit
1488 2076 1583 2129 {ast
1598 2089 1700 2120 cum
1715 2071 1854 2136 'paulo

364 2159 477 2213 ‘post
493 2166 569 2196 rex
586 2151 788 2198 eamdem
814 2150 1036 2198 reduxerit
1054 2188 1064 2206 ‚
1093 2149 1140 2196 in
1159 2149 1341 2215 synodo
1363 2148 1655 2214 pictaviensi,
1680 2148 1853 2212 agenti-

370 2224 457 2273 bus
482 2225 784 2274 cardinalibus
805 2227 969 2275 Ioanne
992 2237 1037 2274 et
1052 2225 1289 2274 Benedicto
1307 2225 1428 2273 sedis
1447 2223 1855 2290 apostolicaelega-

374 2301 433 2349 tis
450 2302 560 2348 XIV.
576 2302 666 2349 kal.
689 2303 796 2350 Dec.
821 2322 892 2351 an.
919 2305 1062 2350 1100.
1085 2302 1511 2351 excomunicationis
1522 2300 1855 2350 sententiaPhi—

374 2377 525 2443 lippus
561 2378 798 2426 mulctatus
833 2391 915 2427 est.
957 2381 1153 2428 Tandem
1188 2398 1260 2428 an.
1302 2380 1443 2427 1104.
1483 2377 1854 2444 resipiscentibus

470 2537 557 2578 (127)
581 2537 707 2570 caron.
731 2538 874 2571 Virdun.
894 2541 1052 2580 Huqonis
1067 2540 1124 2572 ab.
1137 2540 1358 2579 flaviniaci,-
1375 2540 1409 2571 in
1421 2536 1589 2571 Bibliock.
1602 2535 1815 2569 labbeitom.
1823 2537 1850 2568 1.

376 2598 450 2630 pag
466 2592 598 2683 {igion
581 2642 795 2683 «Philippum
817 2642 1002 2675 francorum
1025 2652 1131 2684 regem
1151 2653 1211 2685 pro
1232 2645 1354 2676 incesti
1375 2641 1544 2675 adulterii
1563 2637 1701 2672 crimine
1721 2646 1850 2672 excom-

375 2694 587 2726 manicavit.
602 2694 728 2728 (Ilaron.
742 2694 914 2735 andeqav.
931 2703 984 2727 an.
1004 2699 1092 2728 1093.
1112 2696 1145 2727 in
1163 2694 1690 2734 Bibliotli.1,abheitom.=l>.pag.
1708 2695 1780 2724 281.
1796 2706 1801 2711 ¹

472 2746 560 2788 (129)
582 2748 641 2778 Ex
640 2746 759 2788 fragm.
770 2748 903 2779 Hister.
919 2745 1082 2787 francor.
1098 2747 1162 2779 lib.
1175 2749 1229 2780 lv.
1240 2748 1378 2780 mstor
1388 2745 1530 2779 Robora
1552 2743 1723 2778 wiscardi
1741 2750 1852 2786 qum

375 2801 516 2841 ,scripsit
525 2799 697 2836 malaterra
710 2798 890 2833 monachus
901 2799 988 2841 apud
1002 2800 1172 2832 Duchesne
1182 2793 1850 2869 Histor.frcincor.script.··1.utetsl>ariu.

383 2855 471 2885 1641.
487 2854 567 2885 tom.
583 2854 638 2884 1v.
657 2862 688 2894 p.
709 2857 776 2886 166.
1770 2876 1772 2879 v
