1980 3260
311 257 403 290 cir.
419 258 476 289 1v.
496 257 548 289 ni:
565 257 681 290 nent.
698 257 838 290 rores.
855 256 1002 289 SANAN.
1022 257 1147 288 nnn.
1166 258 1209 289 lN
1229 257 1324 289 ιω).
1340 257 1432 290 Aur.
1445 258 1490 290 11.
1572 243 1662 289 167

194 336 442 400 ignoraret,
482 336 769 401 subdiditque
808 335 908 383 ideo
947 352 1044 382 eam
1077 335 1374 383 conditionem
1413 336 1663 402 appositam

194 412 388 470 fuisse,»
427 430 484 460 ne
523 414 622 478 ipsa
654 412 984 460 contradicente
1017 422 1061 459 et
1092 412 1340 470 obnitente,
1370 424 1500 477 prout
1527 413 1666 461 conti-

191 490 355 552 gisset,
393 490 432 537 si
468 489 834 554 impedimentum
867 489 1094 545 scivisset,
1132 506 1347 536 concessa
1387 489 1664 554 dispensatio

194 565 416 613 diceretur
451 567 568 628 (14).
593 585 615 611 »

291 642 378 690 Sed
397 642 555 689 iuverit
579 642 678 689 heic
701 642 902 706 exempla
925 642 1083 690 afferre
1107 643 1408 699 sanationum,
1438 659 1554 708 quae
1578 659 1665 690 non

195 735 335 766 unum
367 727 412 765 et
446 716 674 780 singulare
697 718 979 780 coniugium,
1016 729 1062 766 at
1086 719 1233 783 potius
1269 719 1420 783 plures
1445 719 1578 767 simul
1600 735 1670 766 ca-

192 811 271 843 sus
295 791 660 856 complectuntur.
701 792 811 838 Cum
845 793 1047 840 nonnulli
1082 794 1280 858 episcopi
1310 794 1667 859 dispensationes

193 867 463 936 quandoque
485 868 837 925 concessissent,
875 869 931 916 ad
965 887 1079 934 quas
1113 869 1421 918 concedendas
1456 871 1578 918 nulla
1610 871 1668 917 iis

189 955 286 993 erat
311 954 509 1009 potestas
533 982 543 1001 ,
581 961 691 992 rom.
730 945 962 1010 pontifices
995 946 1205 993 certiores
1238 946 1341 994 facti
1376 947 1433 993 dc
1465 946 1669 994 nullitate

194 1021 485 1087 plurimorum
519 1021 855 1084 coniugiorum,
894 1038 1011 1086 quae
1045 1039 1280 1087 perperam
1316 1022 1428 1069 inita
1461 1022 1665 1079 fuerant,

191 1114 400 1162 quaeque
431 1097 557 1144 irrita
585 1106 712 1144 erant
745 1113 797 1144 ac
830 1096 977 1154 nulla,
1018 1115 1074 1144 ne
1107 1097 1321 1146 scandala
1346 1098 1432 1145 hac
1455 1098 1511 1145 de
1535 1115 1671 1146 causa

192 1183 271 1221 aut
302 1174 651 1222 concertationes
686 1173 929 1231 orirentur,
969 1185 1294 1222 consueverunt
1326 1192 1379 1222 ea
1413 1174 1564 1222 omnia
1597 1191 1667 1222 sa-

191 1267 300 1298 nare
319 1250 374 1296 in
394 1250 543 1297 radice
560 1288 570 1306 ,
610 1248 732 1296 nulla
760 1250 938 1315 praevia
962 1267 1208 1298 consensus
1233 1250 1516 1299 renovatione
1543 1251 1659 1312 (15).

189 1326 256 1373 Ita
279 1325 482 1373 Clemens
505 1326 624 1372 XIII.
647 1325 720 1372 die
739 1327 814 1371 20.
839 1326 948 1373 Nov.
972 1327 1113 1373 1760.
1137 1326 1379 1374 declaravit
1401 1343 1665 1374 concessum

192 1400 413 1448 indultum
438 1400 564 1448 illum
588 1401 771 1448 minime
794 1401 1008 1450 habuisse
1032 1419 1239 1459 sensum,
1269 1402 1346 1466 qui
1370 1402 1515 1449 eidem
1539 1402 1670 1449 datus

189 1476 357 1534 fuerat,
386 1487 520 1542 atque
544 1477 707 1524 adiecit
729 1496 738 1524 :
765 1497 787 1522 «
809 1472 1028 1542 quatenus
1052 1495 1157 1526 vero
1175 1478 1410 1542 hucusque
1435 1494 1667 1542 perperam

193 1552 326 1600 fuerit
342 1551 653 1617 dispensatum
745 1553 964 1601 Sanctitas
982 1571 1064 1601 sua
1082 1554 1137 1601 ad
1162 1550 1485 1601 consulendum
1504 1553 1670 1600 anima-

195 1645 293 1676 rum
327 1628 488 1694 quieti,
516 1629 802 1677 matrimonia
825 1623 924 1677 cum
950 1629 1034 1677 hac
1059 1626 1393 1694 dispensatiOne
1417 1638 1665 1685 contracta,

196 1705 244 1752 in
280 1705 432 1753 radice
466 1706 642 1753 sanavit
663 1700 759 1769 (16)
773 1733 791 1751 .-
806 1701 839 1750 ’»’

301 1781 470 1829 Eodem
499 1781 631 1829 modo
654 1776 744 1845 egit
764 1781 867 1829 Pius
886 1782 955 1828 VI.
981 1781 1058 1847 qui
1088 1781 1337 1829 concedens
1365 1780 1578 1846 epistolas
1601 1797 1674 1827 sa-

197 1859 393 1905 natorias
416 1858 632 1923 expetitas
650 1858 707 1905 ab
726 1858 1066 1922 archiepiscopo
1089 1858 1338 1914 trevirensi,
1365 1858 1441 1922 qui
1466 1874 1671 1920 congres-

194 1933 265 1982 sui
283 1934 479 1982 emsensi
514 1934 794 1992 interfuerat,
821 1934 1001 1999 sibique
1025 1934 1276 1982 facultatem
1307 1933 1579 1981 concedendi
1604 1949 1673 1980 re-

194 2009 462 2059 laxationem
480 2011 539 2058 ab
559 2011 892 2075 impedimentis
917 2010 1230 2058 dirimentibus
1249 2019 1529 2073 arrogaverat
1550 2010 1669 2071 (17).

191 2087 267 2136 Sic
290 2088 425 2136 etiam
459 2105 588 2136 sacra
622 2088 965 2135 Poenitentiaria
994 2088 1041 2134 in
1065 2104 1203 2135 causa
1237 2086 1535 2152 quorumdam
1568 2103 1674 2133 con-

197 2164 419 2228 iugiorum
448 2181 564 2228 quae
589 2165 635 2210 in
661 2164 813 2212 Galliis
838 2174 1061 2212 contracta
1085 2164 1257 2212 fuerant
1278 2180 1358 2228 per
1374 2162 1675 2228 dispensatio-

194 2256 296 2287 nem
330 2256 564 2306 perperam
601 2235 749 2287 datam
785 2257 811 2287 a
843 2239 1069 2288 nonnullis
1102 2239 1280 2288 vicariis
1314 2238 1669 2304 capitularibus,

195 2316 383 2364 eandem
416 2316 536 2363 viam
568 2316 737 2373 tenuit,
766 2316 1042 2364 rescribens:
1091 2336 1114 2362 «
1135 2317 1269 2364 Sacra
1297 2313 1670 2381 poenitentiaria,

286 2451 354 2493 (14)
376 2452 500 2485 Buuar.
529 2452 649 2485 Bened.
669 2454 755 2485 XIV.
781 2453 862 2486 tom.
878 2452 933 2486 iv.
952 2453 1090 2486 constit.
1107 2454 1195 2486 vm.
1222 2462 1295 2495 pag.
1313 2457 1384 2486 351.
1409 2454 1443 2486 et
1460 2452 1526 2484 vol.
1542 2453 1583 2484 ΙΙ.
1599 2460 1672 2484 cou-

191 2504 259 2538 stit.
277 2506 425 2538 XXXIII.
446 2515 479 2548 p.
498 2509 533 2538 81
552 2514 645 2547 seqq.

283 2557 350 2599 (15)
369 2558 421 2591 Cf.
442 2559 563 2591 Pontas
584 2567 656 2590 voc.
678 2559 898 2600 Dispematio
913 2567 986 2600 pag.
1001 2563 1077 2603 ¹145.
1093 2559 1146 2591 ed.
1162 2558 1243 2591 in-4.
1264 2561 1354 2591 1771.
1550 2581 1564 2584 »γ

283 2610 350 2651 (16)
371 2612 411 2643 In
439 2611 596 2652 rescripto
621 2611 795 2643 Clementis
809 2612 910 2643 X111.·
927 2620 993 2652 quo
1021 2612 1214 2652 explanatur
1241 2619 1354 2643 sensus
1378 2609 1579 2641 indultorum
1604 2608 1675 2648 qui-

188 2662 250 2695 bus
274 2663 498 2696 conceduntur
512 2664 671 2704 episcopis
692 2663 860 2696 facultates
875 2656 1090 2705 'dispensandi
1117 2673 1214 2704 super
1241 2663 1340 2695 variis
1362 2661 1619 2703 impedimentis,
1644 2662 1677 2693 et

190 2717 370 2749 sanantur
393 2718 431 2749 in
457 2716 577 2749 radice
603 2716 811 2748 matrimonia
836 2724 1003 2764 perperam
1035 2715 1219 2757 contracta,
1254 2715 1343 2756 quod
1378 2714 1536 2755 reperitur
1563 2714 1596 2745 in
1622 2722 1676 2754 ap-

193 2768 293 2810 pend.
312 2770 355 2802 11.
372 2768 415 2802 ad
430 2777 542 2811 opusc.
560 2769 617 2801 cit.
635 2770 865 2801 Dissertation
879 2777 943 2802 sur
959 2769 997 2802 la
1011 2769 1276 2802 rehabt'litatton
1298 2767 1543 2808 elesmariayes
1556 2766 1649 2799 mels.

283 2821 350 2863 (17)
375 2821 427 2855 Cf.
460 2822 640 2855 Memoires
666 2829 761 2863 pour
785 2822 900 2855 servir
927 2821 951 2856 ὰ
975 2821 1080 2856 l'htst.
1106 2821 1279 2856 ecclesias.
1293 2819 1453 2862 pendant
1479 2819 1510 2853 le
1530 2821 1564 2853 X
1572 2820 1673 2853 VIII

193 2872 302 2908 Siecle
316 2882 374 2908 an.
399 2877 489 2909 1786.
507 2875 587 2908 tom.
605 2875 663 2908 111
681 2883 715 2916 p.
732 2879 784 2908 68
