1980 3260
392 254 448 296 98
693 261 771 292 tus.
801 260 846 291 11.
876 257 988 291 sii-cr.
1018 260 1046 290 1.
1076 257 1126 289 nr
1162 255 1324 288 rorasr.
1355 256 1519 288 accras.

392 340 727 405 perturbatores.
768 338 918 401 Neque
951 352 1052 383 vero
1073 345 1119 380 ut
1152 332 1376 397 episcopis
1399 332 1565 379 directe
1590 333 1845 382 blandiren-

391 429 459 463 tur
490 414 684 477 aggressi
710 424 812 460 sunt
835 412 879 458 id
913 402 1164 466 ostendere,
1200 409 1278 455 sed
1302 419 1351 455 ut
1374 407 1513 454 laicae
1547 411 1750 471 potestati
1773 427 1847 474 po-

390 492 474 538 tius
498 491 708 537 faverent.
743 488 970 552 Siquidem
989 525 998 543 ,
1027 496 1074 533 ut
1091 486 1304 549 deinceps
1327 483 1578 531 videbimus
1594 522 1604 540 ,
1625 484 1847 532 vindicata

390 564 522 612 semel
555 575 597 611 et
625 574 793 611 asserta
821 562 1041 628 episcopis
1076 561 1159 607 hac
1193 559 1400 607 facultate
1421 597 1430 615 ,
1469 558 1692 624 principes
1725 571 1846 624 pote-

390 651 489 687 runt
520 640 751 704 episcopos
770 639 816 684 in
850 638 1025 703 propria
1049 634 1217 684 ditione
1234 636 1443 699 degentes
1461 652 1615 697 cogere
1637 635 1694 680 ad
1722 629 1849 700 prac-

388 715 576 761 bendam
610 732 744 778 quam
779 724 985 778 exoptant
1017 712 1410 777 dispensationem.

483 791 714 855 Perperam
749 806 876 854 porro
910 788 1117 836 factiosos
1154 788 1234 835 hos
1267 786 1468 833 homines
1493 785 1659 832 conniti
1693 785 1750 832 ad
1784 785 1848 832 ef-

387 865 623 912 ficiendum
658 865 777 929 quod
812 864 897 911 sibi
932 873 1284 929 proposuerunt,
1323 861 1451 909 facile
1491 861 1736 908 evincimus
1779 861 1847 907 in-

387 939 592 986 sistentes
622 939 827 986 methodo
861 950 1038 986 nostrae
1070 955 1202 1003 quam
1238 937 1451 984 hactenus
1476 936 1628 983 sectati
1663 952 1841 991 sumus,

387 1024 478 1060 tum
502 1031 555 1061 ex
586 1014 684 1079 ipsa
714 1015 775 1061 rei
811 1031 900 1078 qua
929 1013 984 1060 de
1011 1013 1154 1076 agitur
1186 1023 1364 1067 natura;
1397 1021 1489 1058 tum
1523 1028 1576 1057 ex
1609 1010 1743 1058 totius
1768 1028 1847 1057 an-

387 1089 602 1154 tiquitatis
630 1090 920 1137 consensione
937 1099 980 1136 et
997 1089 1119 1154 praxi
1136 1108 1145 1145 ;
1168 1099 1261 1135 tum
1279 1087 1470 1151 denique
1496 1103 1550 1132 ex
1567 1087 1839 1134 auctoritate.

388 1165 506 1212 Haec
542 1166 798 1229 singillatim
823 1166 1074 1213 evolvamus
1099 1174 1280 1229 oportet.
1318 1163 1379 1210 Ac
1409 1162 1600 1226 primum
1634 1161 1814 1226 quidem
1833 1199 1843 1218 ,
1869 1170 1875 1176 ”

387 1239 555 1287 nullum
590 1241 659 1287 ius
693 1241 917 1305 episcopis
949 1241 1095 1286 inesse
1130 1238 1361 1294 solvendi,
1398 1255 1478 1284 seu
1512 1236 1745 1285 amovendi
1770 1236 1849 1283 im—

387 1315 639 1379 pedimenta
681 1317 932 1379 coniugium
965 1316 1218 1362 dirimentia
1258 1314 1364 1362 satis
1408 1332 1460 1360 ex
1494 1313 1594 1377 ipsa
1633 1312 1849 1360 evincitur

387 1389 487 1436 idea
521 1390 786 1454 episcopalis
820 1390 1090 1437 auctoritatis
1123 1390 1337 1437 limitibus
1369 1389 1754 1452 circumscriptae,
1782 1398 1849 1435 at-

385 1481 471 1528 que
504 1465 756 1528 pontificiae
779 1466 1025 1513 auctoritati
1051 1465 1362 1514 subordinatae
1384 1504 1393 1522 ,
1423 1482 1474 1512 ac
1500 1464 1730 1512 obnoxiae.

478 1541 651 1587 Etenim
681 1558 782 1588 cum
816 1542 872 1589 de
906 1560 953 1589 re
982 1553 1138 1605 agatur
1170 1560 1285 1607 quae
1318 1542 1374 1589 ad
1403 1540 1689 1605 disciplinam
1714 1540 1848 1605 perti-

386 1626 459 1661 net
480 1616 731 1665 universam
764 1617 995 1664 ecclesiam
1031 1628 1300 1681 spectantem
1323 1627 1366 1664 et
1389 1616 1446 1664 ab
1469 1616 1624 1664 eadem
1660 1615 1849 1664 ecclesia

383 1690 663 1738 constitutam
680 1691 749 1738 vel
767 1692 1011 1756 probatam,
1030 1694 1068 1740 si
1088 1693 1200 1757 ipsis
1218 1694 1288 1740 ius
1308 1694 1474 1740 inesset
1490 1692 1545 1739 ab
1563 1691 1850 1756 impedimen-

382 1766 441 1812 tis
474 1765 786 1832 dispensandi,
815 1778 958 1815 actum
992 1779 1110 1816 esset
1139 1769 1195 1815 de
1227 1768 1546 1816 iurisdictionis
1579 1766 1848 1832 episcopalis

385 1842 814 1908 circumscriptione,
860 1844 1003 1909 deque
1043 1845 1239 1909 ipsorum
1281 1844 1556 1892 subiectione
1600 1843 1847 1891 auctoritati

385 1918 647 1982 pontificiae.
678 1921 839 1968 Essent
869 1921 986 1968 enim
1018 1921 1155 1969 veluti
1178 1922 1360 1969 totidem
1385 1921 1618 1985 pontifices
1653 1919 1844 1975 summi,

383 1994 461 2058 qui
483 1995 578 2042 iure
596 1996 841 2044 fruerentur
863 1997 1088 2044 relaxandi
1112 2013 1439 2062 quamcumque
1456 1997 1598 2060 legem
1621 1995 1850 2043 universa—

381 2069 572 2133 ›lemlpro
603 2072 866 2120 universalis
899 2073 1114 2120 ecclesiae
1147 2073 1263 2121 bono
1298 2073 1541 2129 sancitam,
1573 2070 1693 2136 quod
1718 2071 1849 2118 abso-

385 2162 489 2191 num
513 2147 688 2194 omnino
712 2159 779 2195 est
800 2168 808 2204 ;
843 2149 1089 2197 solveretur
1110 2150 1276 2215 quippe
1299 2149 1484 2196 unitatis
1518 2140 1850 2195 ecclesiasticae

384 2237 612 2286 compago.
642 2223 818 2270 Frustra
841 2225 1212 2273 constituerentur
1233 2225 1453 2273 eiusmodi
1478 2224 1598 2288 leges
1617 2261 1627 2280 ,
1656 2240 1772 2288 quae
1795 2240 1849 2270 ex

385 2296 656 2359 singulorum
674 2299 926 2361 praesulum
950 2301 1129 2349 arbitrio
1154 2301 1337 2364 infringi
1361 2310 1557 2365 possent.
1578 2295 1764 2347 Pos'sent
1786 2299 1850 2347 in·

381 2371 564 2419 seriores
587 2373 632 2418 in
655 2372 796 2435 legem
821 2392 846 2420 a
870 2377 1095 2440 superiore
1118 2377 1375 2425 auctoritate
1409 2376 1623 2424 sancitam
1645 2391 1849 2422 exercere

383 2457 642 2510 potestatem
668 2465 796 2496 secus
820 2467 872 2496 ac
894 2450 1003 2498 iuris
1028 2463 1183 2500 natura
1206 2454 1316 2500 ferat
1343 2454 1461 2515 (30),
1490 2461 1637 2498 actum
1663 2451 1849 2515 proinde

472 2589 536 2629 (30)
558 2591 606 2621 Ex
629 2590 762 2623 historia
783 2592 997 2624 ecclesiastica
1017 2594 1167 2626 novimus
1188 2604 1253 2627 non
1278 2603 1382 2636 pauca
1403 2593 1631 2634 impedimenta
1649 2592 1747 2624 fuisse
1761 2592 1852 2633 prius

382 2641 412 2671 in
430 2649 521 2673 conc.
539 2642 790 2682 provincialibus
810 2645 1000 2685 constituta,
1024 2655 1106 2686 quae
1127 2647 1277 2688 deinceps
1297 2647 1338 2678 ab
1362 2646 1497 2679 ecclesia
1521 2646 1671 2678 universa
1687 2644 1850 2686 probanti-

379 2692 440 2724 bus
461 2701 543 2725 rom.
560 2694 783 2735 pontificibus,
811 2698 936 2737 recepta
960 2699 1055 2738 sunt3
1075 2698 1115 2730 de
1136 2699 1202 2731 illis
1235 2698 1441 2732 oecumenica
1467 2697 1605 2729 concilia
1625 2705 1764 2729 canones
1784 2696 1850 2728 edi-

379 2744 481 2783 disse,
507 2754 545 2778 ae
572 2755 653 2779 rom.
683 2748 850 2788 pontifices
876 2758 958 2782 saec.
982 2752 1167 2791 praesertim
1188 2753 1244 2784 XI.
1260 2753 1293 2784 et
1309 2752 1549 2791 X11.responsa
1570 2751 1602 2782 et
1623 2749 1751 2782 decreta
1772 2749 1848 2781 emi-

379 2797 476 2838 sisse;
503 2800 652 2832 novimus
682 2803 845 2842 praeterea
873 2802 997 2843 aliquot
1023 2804 1063 2836 ab
1093 2805 1306 2838 oecumenicis
1331 2804 1477 2836 conciliis
1502 2803 1643 2844 primum
1674 2803 1850 2835 constituta

380 2850 494 2891 fuisse,
513 2853 548 2883 ut
569 2862 587 2883 a
611 2853 861 2886 lateranensibus
882 2863 934 2886 an.
962 2860 1047 2887 1139.
1066 2857 1126 2888 sub
1141 2859 1249 2889 Innoc.
1266 2858 1307 2888 Π.
1323 2859 1356 2888 et
1383 2861 1469 2888 1215.
1487 2857 1547 2888 sub
1568 2855 1758 2887 Innocentio
1774 2856 1847 2895 111.;
