1980 3260
326 266 417 321 328
643 276 726 310 Lm.
754 276 801 310 11.
829 275 944 310 ster.
972 277 1002 309 1.
1031 276 1084 309 ne
1107 276 1273 310 roresr.
1303 276 1473 310 scetus.

322 358 379 407 lis
397 356 588 423 primam
606 354 828 403 dimiserit
849 371 1031 403 uxorem
1044 392 1054 412 ,
1076 366 1232 420 postea
1249 371 1354 403 vero
1371 354 1450 403 fiat
1467 353 1738 409 christianus
1755 371 1800 410 et

322 433 463 482 celato
497 431 634 497 priori
669 430 877 494 coniugio
892 468 902 488 ,
932 430 1053 478 ineat
1075 447 1224 478 coram
1249 430 1445 495 parocho
1468 431 1801 483 matrimonium

322 527 423 559 cum
440 508 580 556 altera
597 507 784 555 muliere
798 545 808 564 ,
831 507 1052 555 eiusmodi
1071 507 1319 555 secundum
1342 507 1675 556 matrimonium
1691 519 1799 558 tam-

322 597 457 652 quam
490 584 664 632 nullum
688 602 741 632 ac
764 584 937 632 irritum
961 583 1179 632 habeatur
1194 623 1204 642 ,
1226 593 1271 631 et
1294 584 1495 632 secunda
1515 601 1628 632 uxor
1656 585 1716 634 sit
1746 585 1804 634 li-

319 662 427 709 bera
439 699 449 718 ,
466 678 519 709 ac
535 659 679 725 possit
701 676 803 707 cum
821 659 909 707 alio
925 660 1021 708 viro
1040 659 1260 708 catholico
1277 659 1460 725 nuptias
1478 659 1663 725 iungere
1679 662 1776 725 (51)
1787 699 1798 709 .

419 739 528 786 Item
562 754 617 785 ex
651 754 715 785 ss.
755 736 1066 802 inquisitionis
1101 754 1318 802 responso
1340 736 1580 784 dicendum
1614 747 1705 795 est,
1743 737 1802 787 le-

320 814 524 880 gitimam
556 828 739 860 uxorem
773 830 800 860 a
832 812 930 861 viro
964 812 1090 861 alteri
1131 813 1436 872 devenditam,
1482 824 1526 863 et
1565 831 1669 862 cum
1711 830 1802 880 quo

318 890 379 939 ad
413 889 596 953 longum
629 897 805 952 tempus
840 888 1141 947 cohabitavit,
1178 889 1317 937 teneri
1352 890 1393 937 si
1427 890 1594 956 possit,
1627 890 1686 938 ad
1713 889 1804 956 pri-

319 983 444 1015 mum
477 964 689 1012 maritum
722 981 772 1012 se
806 965 1025 1030 recipere,
1064 976 1142 1014 aut
1175 965 1263 1014 sibi
1297 965 1404 1030 fuga
1442 965 1677 1015 consulere
1720 981 1805 1014 nec

319 1042 451 1092 aliter
481 1057 616 1107 posse
650 1039 796 1088 eidem
830 1041 1019 1090 conferri
1052 1041 1300 1108 baptisma,
1338 1042 1429 1090 nisi
1463 1042 1651 1092 abiectis
1681 1041 1805 1091 adul-

318 1118 477 1169 terinis
511 1116 726 1174 nexibus,
765 1134 816 1166 se
849 1129 1026 1185 separet
1060 1118 1118 1166 ab
1152 1128 1350 1183 emptore
1365 1156 1377 1176 ,
1404 1129 1588 1184 excepto
1615 1118 1804 1169 articulo

318 1194 500 1254 mortis,
537 1197 576 1246 si
617 1198 771 1264 ipsam
805 1205 1085 1260 peccatorum
1121 1211 1305 1242 suorum
1339 1195 1565 1260 poeniteat
1590 1195 1710 1260 (52).

416 1273 456 1321 A
487 1274 543 1321 D.
573 1273 846 1339 Pompellier
875 1272 965 1321 vic.
1000 1270 1246 1336 apostolico
1278 1271 1430 1320 Novae
1467 1271 1686 1321 Zelandae
1723 1288 1801 1321 an.

319 1351 465 1398 1848.
495 1350 613 1398 duae
637 1350 924 1415 insequentes
948 1347 1236 1414 quaestiones
1260 1348 1519 1414 propositae
1536 1358 1663 1407 sunt,
1685 1364 1804 1415 quae

320 1424 413 1473 huc
446 1425 697 1473 referuntur
729 1426 775 1471 1.
802 1423 1075 1480 «Quaeritur
1106 1433 1255 1471 utrum
1289 1423 1379 1472 duo
1401 1424 1615 1489 coniuges
1643 1423 1806 1473 infide-

321 1499 389 1549 les
423 1501 607 1567 quando
646 1500 848 1550 conversi
886 1499 1193 1566 baptizantur,
1239 1510 1317 1548 aut
1353 1517 1446 1549 una
1484 1518 1591 1566 pars
1631 1510 1804 1549 tantum

317 1577 572 1644 baptizatur
588 1616 599 1636 ,
646 1577 767 1626 licite
799 1577 976 1643 possint
1007 1576 1140 1625 ambo
1166 1615 1177 1634 ,
1220 1577 1293 1625 vel
1326 1577 1472 1643 possit
1508 1595 1615 1643 pars
1652 1577 1802 1627 fidelis

320 1654 581 1703 cohabitare
613 1671 716 1703 cum
741 1663 867 1720 parte
890 1653 1063 1702 infideli
1086 1653 1248 1718 absque
1279 1655 1555 1702 renovatione
1585 1655 1803 1702 mlv-imo-

314 1732 452 1780 nialis
485 1748 728 1779 consensus.
748 1750 770 1776 »
792 1731 1075 1795 Responsum
1099 1746 1232 1795 porro
1255 1729 1340 1778 fuit
1361 1747 1390 1779 a
1413 1747 1506 1779 sac.
1536 1747 1575 1779 s.
1589 1730 1668 1779 off.
1696 1748 1800 1780 con-

316 1807 595 1872 gregatione,
623 1806 744 1872 quod
779 1806 818 1854 si
853 1805 1039 1853 dubium
1064 1805 1282 1854 nullitatis
1316 1824 1406 1855 non
1430 1807 1492 1855 sit
1512 1824 1617 1856 vere
1638 1807 1801 1856 funda-

318 1893 429 1941 tum,
449 1885 668 1931 renovatio
695 1900 925 1930 consensus
948 1901 1033 1929 non
1051 1892 1114 1930 est
1125 1884 1368 1931 necessaria
1382 1886 1478 1947 (53)
1496 1922 1505 1930 .
1522 1884 1567 1931 2.
1585 1884 1772 1933 «Utrum
1784 1923 1795 1943 ,

319 1958 361 2006 si
394 1976 499 2023 pars
534 1959 681 2007 fidelis
715 1959 989 2007 matrimonii
1016 1958 1082 2007 sic
1107 1958 1228 2017 initi,
1257 1969 1334 2006 aut
1356 1958 1608 2007 confirmati
1647 1975 1799 2008 coram

318 2035 496 2099 proprio
514 2035 826 2093 missionario,
848 2035 1147 2101 promissione
1169 2035 1225 2083 de
1248 2034 1577 2084 cohabitatione
1610 2036 1799 2102 pacifica

318 2126 347 2157 a
380 2121 504 2174 parte
538 2128 626 2158 non
658 2111 906 2177 baptizata,
944 2111 1070 2176 prius
1111 2110 1240 2169 data,
1286 2111 1430 2176 possit
1461 2110 1663 2176 disiungi
1707 2128 1799 2160 non

318 2185 465 2235 solum
509 2188 655 2252 quoad
700 2188 1020 2236 habitationem
1052 2198 1098 2235 et
1131 2198 1274 2235 torum
1291 2224 1302 2245 ,
1348 2187 1428 2236 sed
1471 2187 1605 2235 etiam
1647 2188 1798 2254 quoad

317 2262 544 2310 vinculum
561 2301 571 2320 ,
600 2281 626 2310 a
649 2275 773 2328 parte
798 2264 969 2313 infideli
993 2281 1110 2330 quae
1132 2264 1347 2329 deinceps
1371 2282 1460 2313 non
1482 2264 1576 2313 vult
1598 2265 1798 2331 amplius

319 2338 510 2404 pacifice
532 2339 787 2388 cohabitare
810 2352 990 2406 propter
1011 2341 1150 2406 partis
1176 2340 1323 2388 fidelis
1347 2340 1631 2404 religionem3
1660 2359 1799 2407 quae-

319 2414 431 2463 ritur
459 2414 631 2463 scilicet
660 2426 807 2462 utrum
841 2417 952 2464 haec
976 2434 1079 2482 pars
1105 2416 1252 2465 fidelis
1276 2416 1422 2482 possit
1443 2416 1594 2465 valide
1615 2427 1660 2466 et
1680 2417 1800 2467 licite

318 2490 554 2539 convolare
588 2491 645 2538 ad
679 2490 793 2539 alias
827 2492 1007 2556 nuptias
1020 2492 1071 2538 ⁶2»
1099 2492 1232 2559 Resp.
1255 2493 1526 2558 Affirmative
1553 2493 1671 2556 (54).

415 2624 482 2666 (51)
503 2625 563 2657 Die
584 2628 616 2657 5.
630 2625 711 2665 Aug.
730 2627 821 2657 1806.

415 2678 481 2719 (52)
502 2678 563 2710 Die
584 2682 637 2710 23.
653 2679 781 2710 Ianuar.
801 2682 889 2710 1805.
1475 2688 1478 2692 ·

413 2731 480 2772 (53)
501 2732 590 2765 Haec
616 2731 725 2763 autem
746 2730 903 2763 resolutio
929 2732 1120 2773 confirmat,
1146 2733 1238 2774 quod
1270 2733 1369 2775 paulo
1393 2732 1469 2765 ante
1497 2731 1733 2765 affirmavimus
1755 2732 1796 2765 de

316 2793 385 2817 non
400 2783 581 2817 necessaria
602 2783 810 2824 renovatione
839 2791 1015 2817 consensus
1035 2785 1077 2818 de
1097 2786 1271 2827 praeterito
1298 2784 1504 2818 matrimonio
1520 2809 1530 2826 ,
1552 2794 1628 2819 cum
1646 2784 1794 2819 infideles

317 2837 533 2879 baptizantur.

415 2891 481 2932 (54)
501 2892 593 2924 Feria
615 2894 656 2924 V.
678 2895 729 2926 20.
747 2891 834 2933 sept.
851 2892 1020 2934 approbat.
1038 2902 1057 2925 a
1079 2894 1136 2926 Pio
1157 2895 1212 2927 lx.
1229 2893 1308 2926 feria
1326 2894 1367 2925 V.
1387 2895 1437 2926 27.
1454 2893 1540 2934 sept.
