1980 3260
371 257 459 304 336
683 269 763 302 un.
794 267 839 301 n.
869 267 983 302 sacr.
1011 267 1041 300 1.
1070 266 1123 300 nn
1147 264 1313 300 rornsr.
1343 266 1508 303 nectas.

369 355 656 396 numerentur
691 346 848 395 fideles
881 362 1016 411 quam
1050 345 1273 395 infideles.
1318 345 1435 393 Illud
1473 356 1621 395 tamen
1658 350 1707 398 in
1744 365 1846 401 eon-

368 423 565 472 cedenda
582 422 839 471 huiusmodi
856 422 1191 488 dispensatione
1207 439 1316 488 prae
1339 422 1481 471 oculis
1501 439 1679 488 semper
1694 425 1741 472 in
1757 427 1846 492 pri-

366 500 543 565 misque
575 499 830 547 habendum
866 517 995 557 esse,
1031 509 1081 547 ut
1114 509 1218 547 tunc
1251 499 1396 547 solum
1430 499 1731 564 impertiatur,
1767 502 1846 550 ubi

367 576 505 642 partis
546 576 790 624 catholicae
834 577 1061 642 perversio
1094 593 1148 624 ex
1182 576 1493 625 coniunctione
1531 593 1633 624 cum
1674 575 1847 625 infideli

366 653 511 703 timeri
545 670 828 719 nequaquam
864 653 1023 718 possit.

462 729 659 778 Tandem
683 729 887 778 Clemens
909 730 1029 776 XIII.
1059 729 1145 779 hac
1171 747 1309 795 super
1341 748 1390 778 re
1422 731 1470 778 in
1506 730 1850 796 congregatione

366 824 405 856 s.
433 806 571 855 officii
602 807 647 854 2.
671 807 768 854 Ian.
798 807 942 854 1769.
965 807 1276 872 insequentem
1299 800 1638 856 instructionem
1663 807 1722 856 ad
1745 807 1853 857 mis·

366 883 586 933 sionarios
620 882 746 932 dedit
780 883 1038 948 provinciae
1071 883 1330 941 Sutchuen:
1371 902 1394 930 α
1424 885 1470 931 1.
1504 883 1633 932 Circa
1670 883 1770 933 loca
1801 882 1851 931 in

367 960 532 1027 quibus
567 958 863 1026 dispensandi
902 962 1073 1025 (super
1097 959 1417 1025 impedimento
1450 960 1732 1026 disparitatis
1760 958 1852 1009 cul-

368 1039 473 1100 tus)
507 1035 718 1085 facultate
740 1035 805 1083 uti
828 1034 986 1093 debet,
1015 1053 1103 1084 non
1127 1035 1314 1083 dubium
1343 1045 1439 1093 est,
1473 1035 1594 1101 quod
1627 1035 1675 1083 in
1708 1034 1848 1093 locis,

366 1110 444 1160 ubi
486 1122 593 1161 sunt
629 1110 779 1178 plures
817 1110 1052 1169 infideles,
1093 1127 1229 1176 quam
1262 1110 1523 1169 christiani,
1553 1110 1651 1160 iure
1678 1111 1849 1177 optimo

366 1188 647 1254 dispensatio
681 1187 865 1236 concedi
900 1187 1070 1252 possit,
1110 1186 1556 1235 animadvertendum
1591 1198 1687 1246 est,
1727 1186 1851 1253 quod

368 1281 471 1313 cum
504 1263 818 1312 missionarius
842 1262 1004 1310 habeat
1026 1262 1159 1310 etiam
1184 1261 1437 1310 facultatem
1460 1262 1755 1329 dispensandi
1779 1280 1853 1312 su-

370 1358 451 1406 per
480 1339 813 1406 impedimentis
844 1338 1245 1402 consanguinitatis
1274 1347 1318 1386 et
1343 1338 1575 1388 affinitatis
1607 1339 1852 1388 faciliorem

368 1434 420 1465 se
444 1416 659 1481 praebere
693 1414 852 1462 debeat
874 1414 920 1460 in
944 1413 1206 1462 huiusmodi
1240 1413 1657 1479 dispensationibus
1692 1431 1851 1464 conce-

367 1492 560 1551 dendis,
599 1492 638 1541 si
674 1491 761 1539 hac
793 1491 965 1539 ratione
999 1489 1282 1538 matrimonia
1309 1490 1424 1539 inter
1450 1490 1693 1541 catholicos
1722 1492 1850 1557 iungi

368 1578 584 1634 possunt,
616 1586 751 1634 quam
774 1568 822 1615 in
845 1567 1008 1616 dandis
1043 1566 1454 1632 dispensationibus
1491 1585 1628 1633 super
1660 1568 1852 1634 dispari-

371 1654 462 1692 tate
499 1644 672 1703 cultus,
712 1644 770 1692 ad
817 1643 1054 1702 effectum,
1092 1650 1142 1690 ut
1191 1642 1399 1691 catholici
1443 1660 1544 1691 cum
1588 1643 1850 1693 infidelibus

367 1720 652 1769 matrimonia
684 1719 963 1769 contrahant.

464 1798 509 1844 2.
547 1797 594 1843 Si
626 1796 911 1845 matrimonia
944 1795 1034 1843 iam
1067 1795 1178 1843 inita
1210 1795 1375 1844 fuerint
1402 1796 1518 1844 inter
1540 1794 1785 1844 catholicos
1807 1805 1854 1844 et

366 1872 570 1921 infideles
616 1873 714 1922 sine
758 1872 941 1939 praevia
979 1872 1318 1937 dispensatione
1357 1872 1663 1937 impedimenti
1697 1871 1852 1938 dispa-

366 1949 509 1998 ritatis
542 1949 717 2008 cultus,
755 1959 860 1998 tunc
893 1949 1207 1998 missionarius
1240 1949 1444 2014 sequenti
1479 1965 1603 1997 more
1627 1965 1677 1997 se
1699 1958 1846 2012 gerat:

368 2037 490 2074 curet
523 2044 681 2092 nempe
705 2028 750 2073 1.
770 2036 819 2074 ut
842 2042 922 2074 eae
951 2025 1311 2092 dispensationes
1347 2023 1527 2073 nonnisi
1560 2041 1664 2073 vere
1697 2024 1852 2074 catho-

367 2100 466 2148 licis
500 2102 839 2168 indulgeantur,
867 2112 911 2151 et
933 2102 1011 2151 ubi
1036 2102 1197 2151 coniux
1220 2102 1268 2149 in
1292 2101 1554 2149 infidelitate
1581 2118 1851 2166 permanens

366 2177 583 2244 baptizari
619 2181 791 2238 renuit;
822 2183 866 2228 2.
895 2190 944 2228 ut
965 2190 1072 2228 tunc
1100 2179 1383 2228 solummodo
1418 2179 1719 2228 concedantur
1749 2195 1852 2227 cum

367 2270 422 2301 ex
453 2255 731 2319 separatione
764 2256 918 2320 gravia
951 2255 1266 2321 praevidentur
1301 2254 1584 2303 incommoda
1617 2265 1848 2313 secutura;

370 2332 414 2377 3.
443 2331 500 2379 Ut
522 2332 703 2379 eaedem
730 2333 1087 2398 dispensationes
1115 2332 1254 2397 gratis
1283 2332 1465 2380 omnino
1493 2341 1537 2379 et
1564 2331 1737 2398 absque
1758 2331 1854 2381 ulla

367 2423 552 2471 prorsus
585 2408 787 2456 mercede
809 2410 1146 2475 impertiantur3
1173 2410 1279 2456 4.ut
1296 2408 1343 2455 in
1362 2409 1652 2456 concessione
1674 2407 1852 2472 coniugi

368 2482 586 2531 catholico
614 2484 946 2531 commendetur
961 2522 971 2542 ,
1002 2495 1135 2550 atque
1160 2484 1416 2548 iniungatur
1434 2484 1655 2532 catholica
1671 2500 1851 2549 quoque

369 2557 508 2622 prolis
543 2558 746 2607 educatio
763 2597 773 2617 ,
813 2569 856 2607 et
891 2560 1011 2624 quod
1045 2577 1203 2608 curare
1236 2560 1426 2617 debeat,
1465 2559 1597 2607 modo
1630 2576 1719 2624 quo
1753 2558 1851 2608 fieri

368 2634 556 2700 poterit,
604 2635 808 2700 coniugis
842 2636 1039 2684 infidelis
1083 2637 1420 2685 conversionem
1449 2654 1459 2692 ;
1505 2637 1550 2681 5.
1588 2644 1638 2682 ut
1669 2633 1852 2683 easdem

368 2710 727 2776 dispensationes
772 2712 1059 2778 impetrantes
1103 2714 1379 2762 instruantur
1418 2728 1554 2776 super
1594 2710 1851 2759 necessaria

370 2789 653 2838 renovatione
685 2806 956 2847 consensus,
986 2790 1064 2855 qui
1098 2791 1157 2838 ad
1191 2789 1524 2856 persecutiones
1552 2798 1597 2837 et
1628 2788 1686 2836 ad
1721 2805 1852 2836 scan-

370 2863 473 2913 dala
508 2865 775 2916 declinanda
809 2875 879 2916 sat
909 2865 1016 2923 erit,
1044 2875 1093 2916 ut
1115 2867 1231 2915 inter
1252 2865 1372 2916 solos
1400 2865 1614 2931 coniuges
1644 2864 1850 2932 privatim
