1980 3260
423 260 481 303 48
739 270 817 300 un.
847 269 890 299 ιι.
921 269 1033 300 secr.
1063 269 1092 298 ι.
1122 267 1172 297 nr:
1198 267 1360 298 rorsssr.
1392 267 1557 299 aconas.

421 350 570 396 divino
591 385 600 402 ‚
641 345 718 393 sed
754 355 920 392 tantum
955 345 1009 392 de
1042 343 1341 391 ecclesrastico
1375 355 1600 406 ageretur,
1636 347 1882 393 contrarius

419 441 538 471 error
560 421 705 485 potius
731 431 779 468 ut
801 421 1096 467 schismaticus
1112 456 1122 474 ,
1153 436 1286 483 quam
1322 429 1370 465 ut
1405 419 1639 465 haereticus
1661 419 1884 469 videretur

418 497 712 544 damnandus.
742 496 942 543 Attamen
961 533 970 550 ‚
999 506 1047 541 ut
1071 494 1224 542 scribit
1258 493 1424 540 Natalis
1459 493 1730 542 Alexander:
1770 516 1794 541 «
1813 514 1883 544 re-

418 573 564 637 liquus
589 590 824 619 consessus
850 572 1129 618 anathemate
1152 571 1453 617 damnandum
1476 571 1670 634 putavit,
1694 571 1740 617 in
1763 573 1882 636 quod

418 658 568 712 postea
600 665 753 694 omnes
784 664 1050 694 convenere:
1090 647 1209 711 quod
1245 663 1412 708 negans
1447 646 1763 694 christifideles
1798 647 1885 695 hoc

416 723 626 769 ecclesiae
660 734 896 786 praecepto
925 722 1110 785 obligari
1135 761 1143 778 ‚
1173 734 1301 785 neget
1330 734 1653 787 consequenter
1675 722 1881 770 traditam

416 797 628 844 ecclesiae
660 815 686 844 a
718 797 893 845 Christo
919 808 1179 862 potestatem
1203 798 1324 860 leges
1349 797 1569 844 condendi
1602 798 1657 844 ad
1684 797 1881 845 fidelium

417 872 602 919 salutem
638 872 1005 936 promovendam:
1032 873 1151 937 quod
1183 883 1298 919 certe
1328 873 1596 920 haereticum
1621 883 1689 919 est
1716 874 1832 935 (41).
1854 893 1879 918 »

416 948 554 1012 quue
577 950 730 996 merito
754 950 954 995 unanimi
979 966 1200 996 consensu
1224 948 1494 996 declaratum
1520 949 1622 1005 suit,
1652 950 1758 1013 quia
1779 948 1881 996 licet

416 1035 695 1089 praeceptum
731 1024 787 1070 de
821 1025 1186 1071 communicando
1210 1024 1345 1071 semel
1371 1025 1415 1070 in
1440 1041 1554 1071 anno
1584 1041 1636 1070 ex
1660 1041 1708 1070 se
1731 1024 1790 1071 sit
1812 1024 1885 1070 di·-

415 1100 652 1163 sciplinare
670 1138 679 1156 ‚
709 1111 903 1164 potestas
938 1111 1084 1147 tamen
1114 1100 1328 1147 ecclesiae
1352 1099 1569 1147 condendi
1595 1110 1880 1164 praeceptum

414 1185 457 1220 et
479 1175 726 1238 obligandi,
752 1176 914 1223 veritas
947 1177 1196 1239 dogmatica
1230 1187 1324 1230 est,
1363 1176 1561 1239 adeoque
1595 1174 1680 1222 hoc
1712 1191 1885 1222 canone

419 1251 594 1298 adserta
623 1254 738 1313 (42).
767 1251 901 1300 Multo
919 1269 1021 1299 vero
1046 1252 1091 1298 id
1115 1252 1257 1314 magis
1282 1251 1517 1299 dicendum
1535 1250 1591 1297 de
1613 1267 1784 1297 canone
1804 1250 1877 1296 lv.

414 1327 470 1373 de
507 1345 595 1391 quo
629 1328 892 1376 disserimus
916 1367 925 1384 ,
964 1346 1044 1393 per
1076 1345 1207 1392 quem
1247 1345 1457 1392 expresse
1492 1326 1703 1373 definitur
1740 1327 1882 1375 eccle-

415 1403 527 1449 siam
554 1405 745 1466 potuisse
780 1414 971 1451 statuere
1005 1403 1321 1468 impedimenta
1339 1442 1348 1460 ‚
1376 1413 1418 1450 et
1441 1403 1487 1448 in
1512 1402 1584 1449 his
1610 1402 1881 1450 constituen-

415 1478 486 1524 dis
520 1496 602 1524 non
637 1497 832 1535 errasse;
870 1497 972 1526 nam
1009 1479 1109 1527 licet
1141 1480 1334 1526 conditio
1368 1479 1780 1544 impedimentorum
1821 1479 1880 1525 sit

415 1553 523 1618 quid
557 1554 869 1619 disciplinam,
914 1567 1109 1619 potestas
1147 1555 1439 1602 nihilominus
1471 1572 1524 1601 ea
1558 1554 1779 1602 statuendi
1811 1564 1881 1601 est

412 1630 574 1677 veritas
597 1631 847 1695 dogmatica
864 1670 874 1688 ‚
903 1642 945 1678 et
976 1632 1155 1695 negatio
1184 1631 1319 1678 huius
1354 1631 1586 1695 potestatis
1616 1630 1663 1676 in
1691 1629 1880 1676 ecclesia

414 1707 621 1754 haeretica
656 1718 737 1755 est.
778 1709 840 1754 Ex
874 1708 1256 1756 animadversione
1290 1718 1511 1772 praeterea
1544 1706 1719 1753 illorum
1758 1705 1879 1752 theo-

412 1782 609 1845 logorum
632 1784 749 1831 circa
773 1801 985 1832 canonem
1010 1785 1084 1830 lx.
1115 1801 1228 1831 sess.
1256 1784 1374 1829 XIII.
1403 1783 1630 1830 evidenter
1655 1791 1774 1846 patet
1798 1798 1878 1846 pro

412 1868 529 1906 certo
545 1877 697 1907 omnes
722 1860 956 1916 habuisse,
981 1877 1174 1906 canones
1193 1859 1456 1906 constitutos
1480 1877 1506 1905 a
1529 1857 1781 1906 tridentinis
1805 1873 1880 1922 pa-

415 1934 555 1982 tribus
571 1937 803 2001 ‚apposita
829 1935 1126 1983 anathematis
1142 1946 1244 1983 nota
1259 1973 1269 1991 ‚
1291 1935 1470 1983 totidem
1491 1951 1592 1982 esse
1608 1934 1878 1996 dogmaticos

414 2027 605 2057 canones
645 2013 762 2074 (43).

511 2086 637 2140 Quod
667 2087 842 2134 demum
866 2088 1018 2135 attinet
1042 2088 1097 2135 ad
1121 2087 1336 2135 ecclesiae
1361 2098 1551 2134 mentem
1570 2125 1579 2143 ‚
1621 2104 1700 2133 seu
1725 2085 1782 2133 ad
1809 2103 1880 2134 ec—

414 2161 712 2208 clesiasticum
748 2181 926 2210 sensum
965 2163 1119 2211 horum
1161 2180 1379 2210 canonum
1415 2163 1497 2208 III.·
1540 2172 1583 2209 et
1622 2161 1691 2207 lv.
1734 2163 1879 2226 (quos

415 2238 514 2284 ideo
539 2238 871 2301 coniungimus‚
905 2241 1010 2304 quia
1036 2241 1190 2287 eodem
1218 2240 1464 2286 reseruntur
1492 2250 1535 2285 et
1561 2256 1614 2285 ex
1636 2254 1779 2302 aequo
1802 2237 1879 2284 im-

417 2323 666 2377 pugnantur
688 2332 714 2360 a
737 2315 955 2377 Launoio)
975 2354 984 2372 ,
1014 2318 1133 2381 quod
1153 2333 1311 2380 nempe
1329 2333 1405 2362 eos
1432 2315 1592 2378 iugiter
1608 2314 1673 2360 uti
1696 2313 1880 2376 dogma-

414 2390 525 2437 ticos
565 2390 768 2437 habuerit
788 2429 798 2445 ‚
853 2391 1018 2455 duplici
1059 2393 1226 2439 ratione
1264 2392 1512 2439 ostenditur
1537 2428 1547 2446 ‚
1596 2390 1791 2453 neqative
1837 2399 1880 2436 et

408 2467 608 2529 positive.
641 2467 848 2529 Negative
864 2505 873 2522 ‚
903 2478 1122 2531 quatenus
1147 2486 1277 2515 nemo
1298 2484 1495 2532 unquam
1520 2483 1664 2530 usque
1692 2466 1749 2512 ad
1772 2467 1881 2512 Lau-

415 2541 564 2588 noium
591 2543 638 2589 in'
670 2543 854 2590 dubium
891 2543 936 2589 id
970 2546 1259 2602 revocaverit,
1302 2545 1362 2592 ita
1388 2554 1438 2590 ut
1459 2552 1559 2590 ante
1594 2541 1719 2589 illum
1750 2559 1881 2590 nemo

503 2659 569 2700 (41)
590 2660 724 2692 Dissert.
747 2662 820 2692 XII.
847 2661 879 2693 in
909 2670 973 2693 sec.
998 2663 1066 2693 XV.
1092 2663 1123 2694 et
1148 2664 1232 2694 XVI.
1259 2664 1310 2694 De
1329 2662 1552 2694 sacrosancta
1579 2659 1706 2701 synodo
1736 2659 1880 2693 trident.

411 2714 472 2744 aiut
489 2714 576 2745 V·.III
594 2712 634 2745 de
651 2722 729 2746 sess.
746 2715 833 2745 xm
853 2713 988 2746 decretis
1003 2719 1082 2747 n.1.

505 2766 533 2806 (4
539 2766 569 2806 2)
591 2766 651 2798 ld
643 2775 748 2808 ipsum
763 2767 920 2808 contigit
911 2775 943 2799 ιιι
960 2775 1024 2799 ιιοιι
1039 2769 1149 2808 paucis
1159 2769 1232 2800 alus
1246 2767 1425 2801 canonibus
1437 2766 1533 2799 editis
1544 2775 1566 2798 a
1581 2775 1672 2800 conc.
1689 2765 1883 2807 tridentino,

412 2827 494 2858 quos
507 2819 540 2851 In
555 2818 850 2852 praelectionibus
868 2819 1064 2861 theoloytcn‘s
1079 2820 1220 2860 dminus
1232 2829 1324 2862 agere
1337 2819 1486 2859 desan-lo
1504 2828 1582 2852 cum
1595 2821 1672 2852 iure
1682 2820 1876 2852 coniuncta

505 2872 569 2913 (43)
592 2872 642 2905 Cf.
663 2873 773 2905 Gardt!
800 2875 960 2905 Trattato
980 2872 1037 2905 del
1057 2876 1211 2906 matrim.
1229 2875 1312 2916 part.
1331 2875 1356 2905 Ι.
1375 2872 1403 2914 §.
1422 2875 1461 2904 V.
