1980 3260
284 226 375 257 cu.
392 225 453 257 v1.
468 224 520 257 ns
539 224 665 257 nm.
685 223 862 257 mnam.
880 223 966 256 mr.
979 223 1027 256 ss
1045 223 1125 256 vm.
1143 223 1227 258 cum
1247 225 1370 258 cun.
1389 226 1481 259 Aur.
1498 226 1528 258 1.
1602 212 1692 264 203

315 305 371 352 Et
404 305 488 353 hoc
522 304 702 370 quidem
733 304 780 351 in
808 303 1067 353 universum
1091 304 1240 368 quoad
1271 304 1589 370 impedimenta
1622 323 1694 354 ec-

221 381 469 430 clesiastica
502 399 571 430 ex.
600 399 666 445 gr.
696 381 922 438 criminis,
955 379 1232 445 disparitatis
1268 380 1437 438 cultus,
1471 382 1696 445 cognatio-

220 458 290 506 nis
320 457 568 524 spiritualis
586 495 596 515 ,
629 457 861 506 affinitatis
879 495 889 515 ‚
922 457 1323 521 consanguinitatis
1349 458 1497 523 quoad
1527 458 1697 526 aliquot

219 535 410 599 gradus,
440 553 542 584 cum
576 535 740 601 quibus
770 535 811 584 si
835 552 925 601 qua
957 535 1239 583 matrimonia
1269 535 1420 583 ineant
1452 535 1663 584 haeretici
1680 572 1690 592 ,

218 629 271 659 ex
303 612 435 661 dictis
470 630 550 678 per
581 630 631 660 se
665 622 770 660 sunt
803 629 988 677 prorsus
1017 612 1143 660 irrita
1177 629 1231 660 ac
1264 612 1411 670 nulla,
1451 612 1554 660 licet
1591 629 1697 661 con-

218 688 407 736 suetudo
445 688 664 736 eiusmodi
706 687 912 752 coniugia
945 688 1129 736 ineundi
1168 688 1288 754 apud
1327 705 1404 736 eos
1439 688 1689 737 invaluerit.

218 765 330 811 Nam
364 764 493 812 nulla
511 763 814 821 consuetudo,
844 780 961 828 quae
991 763 1155 812 virtute
1178 764 1360 829 propria
1379 764 1531 813 vincat
1549 765 1694 828 legem

216 839 431 898 habetur,
469 840 557 888 nisi
587 838 769 888 accedat
802 838 963 886 tacitus
1000 838 1159 886 saltem
1183 850 1260 887 aut
1295 848 1611 904 praesumptus
1635 840 1694 889 le-

217 915 443 979 gislatoris
472 933 746 973 consensus,
775 916 851 980 qui
884 915 930 962 in
964 932 1074 963 casu
1109 920 1261 963 nostro
1288 915 1550 964 'nullatenus
1585 917 1693 980 fingi

217 1001 390 1056 potest,
429 1010 531 1041 cum
566 992 754 1041 ecclesia
788 991 898 1040 nolit
934 991 1154 1040 eiusmodi
1195 1008 1463 1040 consensum
1503 992 1694 1040 haereti-

217 1084 368 1115 corum
404 1068 725 1118 consuetudini·
748 1068 992 1135 praebere,
1019 1086 1089 1116 ⁴eo
1129 1068 1230 1134 ipso
1265 1069 1385 1135 quod
1426 1069 1484 1116 ei⁴
1507 1068 1694 1117 rebelles

217 1144 307 1192 sint
328 1182 338 1201 ‚
379 1156 455 1193 aut
487 1145 697 1194 exhibere
730 1144 815 1193 hac
849 1145 894 1192 in
929 1162 975 1192 re
1008 1144 1204 1193 favorem
1240 1162 1373 1211 quem
1407 1144 1528 1193 nullo
1562 1145 1694 1193 modo

217 1231 457 1269 merentur.
1216 1225 1219 1228 ’

320 1297 460 1361 quue
493 1297 778 1345 confirmatur
818 1314 872 1344 ex
906 1297 1125 1363 principio
1166 1298 1378 1362 adoptato
1419 1303 1484 1345 ex'
1510 1297 1693 1362 antiquo

221 1373 319 1419 iure
342 1389 369 1420 a
397 1373 588 1422 concilio
622 1373 887 1431 tridentino,
920 1373 1040 1440 quod
1076 1382 1213 1437 agens
1246 1375 1302 1422 de
1335 1374 1392 1421 iis
1415 1412 1426 1431 ,
1460 1374 1536 1439 qui
1569 1374 1691 1437 igno-

217 1459 364 1498 rantes
398 1450 764 1515 impedimentum
782 1490 793 1508 ,
822 1451 921 1499 Sine
946 1451 1109 1499 debitis
1134 1450 1558 1516 proclamationibus
1587 1455 1693 1499 con-

222 1527 392 1590 iugium
427 1544 527 1575 cum
557 1545 609 1576 eo
638 1528 903 1575 contrahunt
942 1529 1034 1575 ait:
1078 1548 1100 1573 «
1122 1545 1210 1576 non
1245 1528 1364 1576 enim
1401 1527 1689 1591 dignus-est,

220 1604 298 1668 qui
331 1604 547 1652 ecclesiae
580 1604 898 1669 benignitatem
934 1604 1063 1652 facile
1096 1605 1370 1670 experiatur,
1409 1604 1537 1652 cuius
1571 1603 1693 1652 salu-—

216 1679 315 1728 bria
339 1692 575 1746 praecepta
610 1692 775 1729 temere
808 1682 1072 1746 contempsit
1102 1684 1223 1744 (5).»
1264 1680 1568 1744 Multoigitur
1598 1697 1694 1728 ma-

216 1756 285 1819 gis
309 1756 578 1821 principium
603 1757 722 1804 istud
750 1756 867 1804 valet
890 1755 1038 1821 quoad
1058 1755 1303 1804 haereticos
1321 1793 1331 1813 ,
1361 1756 1437 1821 qui
1462 1756 1694 1821 omniqua

217 1843 406 1896 possunt
449 1833 619 1881 ratione
659 1832 919 1880 adnituntur
963 1830 1196 1880 ecclesiam
1236 1832 1394 1897 quavis
1419 1831 1693 1879 'auctoritate

216 1906 486 1965 destituere,
527 1918 660 1973 atque
704 1925 800 1956 eam
834 1907 1015 1956 omnino
1051 1917 1262 1956 evertere.
1289 1908 1411 1956 Item
1437 1924 1535 1972 cap.
1572 1906 1696 1963 Quod

219 2001 361 2048 super.
399 1983 450 2031 de
481 1985 761 2049 consanquin.
803 1983 1094 2049 quorumdam
1124 1983 1406 2032 matrimonia
1448 1983 1564 2031 intra
1595 2000 1696 2046 gra-

216 2060 301 2108 dus
338 2059 590 2124 prohibitos
636 2060 893 2107 inhibentur
935 2077 1034 2106 oum
1078 2077 1290 2124 expressa
1333 2058 1564 2107 clausula:
1611 2077 1696 2105 non

221 2136 413 2183 obstante
438 2135 740 2182 consuetudine
778 2153 885 2199 quae
921 2134 1101 2182 dicenda
1147 2145 1209 2182 est
1235 2137 1382 2199 potius
1417 2135 1658 2199 corruptela
1679 2154 1691 2190 ,·

217 2212 378 2276 potiori
410 2211 598 2277 proinde
635 2212 729 2259 iure
757 2211 1080 2258 haereticorum
1107 2211 1451 2259 consuetudines
1479 2210 1694 2259 ecclesiae

216 2287 391 2353 legibus
426 2287 712 2335 adversantes
747 2287 1009 2351 corruptelae
1043 2287 1129 2357 dici
1158 2286 1335 2335 debent.

311 2365 462 2429 Neque
500 2375 567 2411 est
598 2364 718 2429 quod
753 2364 991 2429 quisquam
1027 2374 1211 2429 reponat
1244 2337 1465 2412 eiusmodi
1502 2364 1693 2411 haereti-

221 2457 372 2488 corum
407 2439 630 2487 connubia
659 2449 810 2487 contra
842 2439 960 2502 leges
997 2439 1322 2487 ecclesiasticas
1357 2440 1495 2495 inita,
1538 2438 1691 2485 saltem

214 2517 413 2581 legitima
438 2516 609 2564 censeri
632 2527 675 2563 et
703 2533 805 2563 esse
828 2516 892 2563 uti
916 2515 1165 2564 contractus
1191 2515 1416 2563 naturales
1441 2532 1493 2562 ac
1517 2514 1686 2561 civiles.

213 2593 444 2659 Siquidem
468 2591 683 2649 ecclesia,
715 2603 764 2639 ut
790 2591 901 2658 plus
919 2591 1055 2640 semel
1083 2592 1389 2648 ostendimus,
1414 2590 1534 2637 nulla
1562 2606 1693 2653 agno-

215 2669 300 2718 scit
318 2669 363 2716 in
389 2668 624 2734 baptizatis
650 2667 882 2731 coniugia,
905 2685 1128 2733 quae-non
1156 2668 1244 2716 sint
1271 2668 1563 2714 sacramenta.
1582 2665 1691 2712 Nam

218 2745 261 2792 in
284 2762 380 2811 cap.
407 2746 467 2792 De
487 2745 684 2792 divortiis
710 2744 1038 2793 matrimonium
1066 2744 1180 2793 inter
1204 2744 1452 2809 baptizatos
1485 2742 1691 2789 universo

310 2845 354 2886 (5)
377 2847 460 2880 sess.
485 2848 599 2879 XXIV.
621 2855 691 2887 cap.
713 2851 741 2879 5.
759 2847 810 2878 De
835 2845 978 2885 reform.
996 2846 1150 2879 matrim.
