1980 3260
381 287 473 333 134
704 296 785 327 Lm.
808 295 854 326 11.
877 294 988 326 secr.
1011 293 1040 323 1.
1064 293 1115 323 nr:
1139 291 1302 322 rorEsr.
1327 291 1490 323 scenas.

379 375 571 425 trim-onii
587 411 597 430 ,
619 382 695 420 aut
707 390 762 423 ex
781 383 903 436 parte
927 369 1292 419 contrahentium.
1316 368 1361 413 Si
1386 368 1529 432 primo
1547 370 1676 417 modo
1692 408 1705 427 ‚
1729 389 1829 420 cum

378 459 624 500 contractus
664 447 928 494 matrimonii
965 447 1040 492 fiat
1074 462 1151 508 per
1182 443 1479 490 voluntarium
1521 460 1786 495 consensum
1814 486 1825 506 ,

375 527 452 591 qui
480 525 644 573 tollitur
671 541 750 588 per
773 522 1061 586 ignorantiam
1096 529 1139 566 et
1173 536 1251 583 per
1282 518 1567 576 violentiam,
1591 531 1720 574 erunt
1742 522 1828 572 duo

374 595 686 666 impedimenta
719 597 1011 653 matrimonii,
1050 595 1219 643 scilicet
1251 596 1349 649 vis,
1390 595 1504 644 idest
1536 597 1704 645 coactio
1732 635 1743 655 ,
1785 610 1828 649 et

370 694 488 724 error
519 694 571 723 ex
604 686 726 740 parte
759 672 1193 737 ignorantiae....Ex
1233 681 1355 736 parte
1389 689 1678 735 personarum
1723 691 1828 722 con-

371 752 635 799 trahentium
668 760 812 815 potest
845 749 1007 814 aliquis
1044 747 1249 811 impediri
1287 765 1313 793 a
1347 747 1625 795 matrimonio
1653 760 1825 798 contra-

368 827 514 874 hendo
540 825 611 875 vel
651 825 937 890 simpliciter,
974 823 1043 871 vel
1077 833 1279 887 respectu
1321 822 1509 869 alicuius
1545 840 1820 887 personae...

365 903 410 948 Si
443 902 728 966 simpliciter,
758 911 806 948 ut
838 918 938 948 cum
975 899 1095 946 nulla
1128 899 1271 963 possit
1297 898 1623 946 matrimonium
1651 911 1823 948 contra-

364 978 496 1035 here,
530 978 614 1026 hoc
637 995 725 1025 non
761 987 905 1041 potest
932 993 1057 1032 esse,
1097 976 1184 1022 nisi
1224 975 1329 1039 quia
1363 975 1600 1039 impeditur
1622 994 1648 1023 a
1672 977 1823 1024 matri-

362 1053 542 1101 moniali
567 1063 682 1101 actu.
702 1052 828 1108 Quod
845 1052 1023 1116 quidem
1040 1051 1253 1114 contingit
1269 1049 1520 1114 dupliciter.
1543 1051 1688 1100 Primo
1713 1053 1823 1117 quia

357 1147 445 1178 non
480 1140 625 1194 potest
651 1130 706 1177 de
739 1129 875 1185 facto,
905 1128 998 1176 sive
1026 1128 1134 1192 quia
1162 1127 1340 1174 omnino
1369 1143 1456 1172 non
1491 1135 1661 1189 potest;
1690 1128 1821 1179 etsie

360 1206 540 1269 ponitur
573 1205 935 1269 impedimentum
965 1204 1212 1267 impotentia
1240 1202 1438 1249 coeundi:
1471 1202 1566 1249 sive
1598 1202 1704 1266 quia
1731 1221 1819 1252 non

359 1279 498 1328 libere
522 1281 688 1346 possit3
717 1281 848 1328 etsie
871 1280 1047 1344 ponitur
1079 1278 1443 1343 impedimentum
1471 1279 1688 1324 servitutis
1722 1274 1820 1326 con*-

357 1355 480 1403 ditio.
521 1357 722 1404 Secundo
755 1356 861 1420 quia
895 1373 981 1402 non
1015 1354 1134 1407 licite
1167 1365 1339 1419 potest3
1378 1365 1421 1401 et
1453 1353 1538 1401 hoc
1571 1355 1816 1403 secundum

358 1431 479 1495 quod
507 1432 563 1478 ad
592 1431 906 1478 continentiam
940 1429 1189 1492 obligatur:
1229 1430 1348 1494 quod
1383 1430 1594 1493 contingit
1625 1430 1816 1494 duplici-

354 1515 446 1553 ter:
480 1506 552 1554 vel
583 1506 689 1571 quia
727 1505 948 1568 obligatur
970 1522 1024 1552 ex
1045 1505 1193 1552 officio
1227 1515 1459 1569 suscepto;
1486 1515 1530 1552 et
1552 1505 1618 1553 sic
1640 1516 1709 1554 est
1730 1507 1814 1554 im—

351 1581 653 1646 pedimentum
686 1580 880 1627 ordinis:
916 1580 985 1628 vel
1019 1597 1072 1627 ex
1104 1590 1204 1628 voto
1238 1581 1428 1638 emisso,
1462 1591 1506 1628 et
1532 1581 1598 1637 sic
1626 1582 1811 1647 impedit

349 1667 508 1704 votum.
538 1657 583 1703 Si
612 1667 758 1705 autem
782 1657 1020 1721 impeditur
1053 1656 1266 1722 aliquisva
1289 1658 1567 1709 matrimonio
1591 1675 1679 1705 non
1703 1659 1813 1706 sim-

348 1732 536 1796 pliciter,
559 1734 638 1781 sed
660 1744 863 1798 respectu
887 1733 1073 1781 alicuius
1099 1751 1339 1798 personae,
1361 1733 1430 1788 vel
1446 1733 1531 1781 hoc
1548 1744 1810 1799 est'propter

348 1807 662 1871 obligationem
711 1809 768 1855 ad
811 1808 993 1857 alteram
1042 1826 1273 1873 personam
1293 1846 1303 1865 ,
1342 1808 1458 1855 sicut
1489 1809 1567 1873 qui
1602 1809 1679 1856 uni
1713 1826 1808 1858 mae

345 1884 549 1931 trimonio
579 1884 753 1932 iunctus
793 1895 887 1942 est,
930 1902 1016 1933 non
1049 1895 1192 1950 potest
1233 1885 1356 1932 alteri
1397 1885 1632 1949 coniungi:
1660 1896 1705 1934 et
1738 1886 1806 1935 sic

345 1969 414 2006 est
446 1960 630 2023 liqamen
655 1962 921 2008 matrimonii
931 1980 944 2007 .·
972 1961 1043 2009 vel
1075 1962 1181 2026 quia
1213 1961 1362 2009 deficit
1395 1962 1619 2026 proportio
1653 1962 1709 2008 ad
1738 1961 1803 2009 al-

344 2044 480 2089 teram
497 2052 749 2098 personam:
772 2048 815 2084 et
832 2037 916 2085 hoc
933 2047 1112 2102 propter
1127 2037 1234 2085 tria:
1258 2037 1401 2101 primo
1418 2037 1599 2101 quidem
1618 2047 1799 2102 propter

341 2108 523 2156 nimiam
553 2111 805 2159 distantiam
831 2114 887 2160 ad
912 2114 1055 2177 ipsam
1073 2152 1083 2171 ,
1113 2124 1156 2161 et
1178 2115 1244 2162 sic
1265 2124 1334 2161 est
1355 2113 1592 2177 disparitas
1628 2113 1794 2160 cultus:

340 2185 536 2239 secundo
569 2197 744 2249 propter
783 2189 963 2235 nimiam
994 2190 1396 2254 propinquitatem,
1441 2200 1485 2236 et
1522 2190 1588 2237 sic
1620 2191 1798 2255 ponitur

340 2259 496 2323 triplex
522 2260 904 2324 impedimentum,
938 2265 1105 2312 scilicet
1133 2267 1353 2329 coquam,
1383 2265 1547 2312 deinde
1575 2266 1791 2331 affinitas,

336 2350 451 2397 quae
472 2335 676 2400 importat
699 2338 1068 2402 propinquitatem
1093 2341 1280 2388 duarum
1305 2358 1591 2406 personarum
1628 2342 1797 2390 ratione

335 2408 487 2456 tertiae
509 2427 588 2474 per
605 2412 829 2475 sponsalia
852 2413 1025 2462 iunctae
1044 2436 1051 2462 :
1082 2416 1205 2464 tertio
1227 2427 1404 2481 propter
1426 2416 1668 2464 indebitam
1688 2434 1794 2465 con-

336 2484 600 2533 iunctionem
625 2487 682 2534 ad
710 2489 853 2552 ipsam
883 2490 1023 2553 primo
1054 2492 1213 2539 factam
1229 2531 1239 2551 ,
1267 2503 1311 2540 et
1334 2492 1399 2547 sic
1421 2492 1604 2557 impedit
1631 2495 1791 2548 crimen

333 2560 540 2608 adulterii
576 2563 698 2627 prius
739 2581 837 2610 cum
879 2565 976 2630 ipsa
1011 2568 1236 2616 commissi
1264 2570 1413 2630 (93).»

418 2731 484 2772 (93)
503 2733 677 2774 supplem.
695 2739 724 2767 3.
743 2736 824 2775 part.
841 2744 874 2776 q.
893 2740 944 2768 50.
961 2739 1021 2770 art.
1040 2739 1126 2770 unic.

417 2784 507 2820 Quae
524 2785 718 2818 adduximus
738 2796 777 2819 ex
805 2797 831 2820 s.
850 2789 974 2821 Thoma
993 2791 1037 2822 ita
1050 2792 1279 2833 'philosophice
1299 2791 1502 2833 exponuntur
1522 2799 1541 2822 a
1564 2791 1605 2822 cl.
1625 2791 1785 2832 Taparelli

327 2834 361 2866 in
376 2843 435 2867 suo
450 2838 571 2878 Saqqio
595 2840 752 2872 teoretico
769 2840 806 2872 dt·
824 2840 947 2873 diritto
966 2845 1143 2876 naturale.
1162 2846 1262 2877 Roma
1286 2848 1375 2877 1855.
1392 2844 1472 2876 tom.
1485 2846 1526 2876 ll.
1542 2852 1573 2875 n.
1594 2846 1679 2876 1548.
1695 2857 1711 2872 «ι
1723 2845 1784 2876 Per

323 2886 358 2918 se
369 2888 396 2920 1.
408 2888 432 2921 il
447 2890 651 2924 matrimonio
665 2892 684 2924 ὁ
698 2893 817 2926 socie&
832 2894 1047 2935 volontarta,
1071 2897 1202 2937 dunque
1224 2906 1286 2929 ove
1309 2905 1374 2930 non
1386 2897 1406 2929 e
1419 2896 1550 2930 volunta
1564 2905 1629 2929 non
1642 2896 1661 2929 ὸ
1672 2896 1780 2930 matri-
