1980 3260
221 248 312 280 cn.
332 249 377 280 11.
402 249 454 280 na
473 249 613 281 roras.
633 248 769 281 PRlNc.
788 249 870 281 rin.
889 248 971 281 cin.
989 249 1112 281 nm.
1128 247 1290 281 cumsr.
1307 247 1400 304 Anfr.
1418 246 1480 281 111.
1533 233 1621 278 415

159 326 291 373 etiam
315 325 572 374 uberrimas
618 325 914 374 haereditates
956 336 1134 374 sanctae
1166 325 1246 372 Dei
1281 324 1498 373 ecclesiae
1532 341 1633 394 pro-

158 402 364 458 mittunt,
403 412 452 449 ut
490 402 585 449 sive
620 402 790 449 scilicet
823 419 975 450 eorum
1009 402 1144 450 minis
1179 412 1381 458 coactus,
1411 402 1506 449 sive
1537 418 1634 466 pro-

158 479 396 526 missorum
415 496 647 526 munerum
669 478 952 527 assectatione
970 479 1015 525 in
1035 478 1167 526 aliam
1187 479 1451 526 sententiam
1470 478 1630 534 flexus,

158 554 407 603 disiunctos
441 555 628 603 fortasse
662 555 996 618 reconiungeret
1015 593 1025 612 ,
1072 554 1436 619 incolvulsosque
1475 553 1636 602 amodo

159 648 339 678 manere
372 632 642 696 permitteret
664 633 846 694 (119).»
868 632 947 679 Ast
975 649 1223 697 perperam.
1259 632 1510 697 Numquam
1535 630 1638 678 Ful-

158 706 310 755 bertus
347 723 373 753 a
407 724 490 753 sua
522 707 735 756 dimoveri
771 708 989 755 sententia
1021 725 1183 773 passus
1216 718 1299 755 est.

255 782 339 830 An.
365 784 474 829 971.
495 783 680 831 refertur
703 784 865 832 factum
891 802 929 832 s.
947 784 1167 832 Dunstani
1184 783 1241 831 de
1259 799 1349 847 quo
1367 782 1479 831 alias
1502 781 1637 831 verba

160 858 376 915 fecimus,
406 857 484 922 qui
514 857 795 921 illegitimum
829 859 995 923 pariter
1027 858 1282 922 coniugium
1317 857 1538 906 dissolvit.

256 933 340 980 An.
361 934 503 979 1085.
522 950 623 981 cum
642 934 844 998 quaestio
864 944 981 982 mota
1000 934 1158 982 fuisset
1175 934 1220 980 in
1239 934 1412 999 synodo
1426 932 1639 989 Quintina

162 1009 386 1073 Limburgi
405 1009 461 1056 de
480 1009 720 1056 Hermanni
749 1009 867 1073 regis
895 1010 1124 1073 coniugio,
1158 1009 1400 1058 cardinalis
1419 1007 1642 1062 Ostiensis

160 1087 399 1153 episcopus
424 1103 451 1133 a
474 1103 512 1133 s.
537 1086 744 1149 Gregorio
761 1087 853 1133 vll.
877 1087 1045 1134 missus
1072 1086 1244 1150 legatus
1270 1087 1315 1133 in
1340 1085 1636 1142 Germaniam,

160 1181 210 1211 se
226 1162 412 1211 contulit
428 1162 485 1209 ad
502 1162 741 1210 concilium
759 1162 1017 1219 rhemense,
1041 1163 1087 1209 in
1106 1180 1248 1228 eoque
1265 1162 1454 1211 concilio
1471 1161 1632 1210 edixit:

164 1260 187 1286 α
203 1239 404 1287 Audiens
428 1255 509 1302 ego
534 1238 653 1304 quod
683 1256 759 1286 rex
792 1249 939 1287 vester
972 1239 1218 1303 legitimum
1243 1257 1332 1288 non
1356 1238 1520 1287 habeat
1542 1255 1643 1286 con-

160 1316 330 1381 iugium
359 1353 370 1373 ,
417 1314 565 1363 iudico
613 1315 727 1363 inter
771 1332 872 1363 eum
913 1325 955 1362 et
988 1333 1170 1363 uxorem
1216 1315 1314 1364 eius
1359 1315 1455 1363 fieri
1497 1314 1643 1362 divor-

161 1393 272 1441 tium
299 1393 483 1455 (120).„

257 1469 350 1516 Sub
385 1468 552 1516 saeculi
575 1469 651 1515 XI.
677 1469 811 1516 finem
846 1486 934 1516 non
970 1485 1115 1533 pauca
1149 1468 1407 1533 suppeditat
1441 1466 1644 1532 exempla

163 1545 220 1594 de
255 1544 499 1609 illegitimis
532 1545 754 1609 coniugiis
789 1545 1045 1593 dissociatis
1071 1546 1146 1592 lvo
1170 1544 1447 1592 carnotensis
1471 1543 1647 1608 episco-

161 1640 251 1687 pus
267 1660 278 1679 ,
306 1639 440 1687 quem
465 1639 726 1668 communem
752 1621 998 1669 Galliarum
1020 1623 1278 1686 maqistrum
1301 1620 1543 1686 appellant.
1562 1620 1645 1668 Hic

164 1699 211 1745 in
248 1697 437 1762 epistola
473 1698 582 1743 214.
616 1698 798 1762 scripsit
829 1698 885 1745 ad
919 1697 1180 1745 Audoenum
1215 1698 1516 1746 ebroicensem
1551 1696 1647 1762 epi-

166 1791 380 1839 scopum,
419 1773 497 1839 qui
532 1791 633 1821 eum
668 1784 937 1832 monuerat,
989 1792 1091 1822 esse
1135 1774 1490 1840 quamplurimos
1515 1811 1525 1831 ,
1569 1772 1647 1838 qui

168 1868 300 1915 aegre
330 1851 492 1899 ferrent
519 1851 683 1916 «quod
713 1850 965 1899 dirimerem
1001 1851 1207 1915 coniugia
1241 1851 1482 1899 liberorum
1506 1860 1550 1898 et
1571 1867 1651 1898 an-

169 1927 373 1975 cillarum
397 1965 408 1983 ,
430 1938 490 1974 vet
523 1944 548 1974 e
581 1944 822 1984 converso;
861 1937 904 1974 et
937 1927 1022 1975 hoc
1066 1928 1194 1975 vobis
1228 1927 1400 1985 videri,
1438 1926 1558 1992 quod
1593 1925 1652 1974 sit

169 2014 322 2052 contra
361 2004 628 2051 sententiam
675 2003 975 2067 evangelicam
1004 2042 1014 2061 ,
1061 2022 1152 2069 qua
1192 2004 1383 2052 dicitur:
1421 2003 1521 2052 Non
1556 2003 1653 2050 licet

170 2081 264 2128 viro
298 2080 510 2127 dimit-tere
547 2098 748 2136 umorem,
779 2081 868 2128 nisi
891 2099 1022 2128 causa
1044 2081 1398 2146 fornicationis.»
1420 2080 1486 2127 Ad
1511 2079 1648 2144 quod,

173 2157 345 2223 inquit,
379 2157 606 2205 dilectioni
640 2169 815 2206 vestrae
849 2158 1198 2222 respondemus,
1229 2157 1336 2223 quia
1359 2167 1512 2205 contra
1536 2157 1654 2205 hanc

174 2234 438 2282 sententiam
474 2234 665 2281 scienter
693 2234 806 2281 nihil
840 2235 1043 2298 agimus,
1081 2234 1150 2282 vel
1185 2252 1315 2298 agere
1339 2233 1571 2282 volumus.
1601 2233 1648 2280 Si

176 2310 296 2358 enim
337 2310 573 2358 divortium
608 2310 799 2358 facimus
835 2311 949 2358 inter
994 2311 1181 2359 liberum
1214 2320 1257 2358 et
1290 2310 1525 2367 ancillam,
1564 2327 1652 2357 non

275 2434 361 2474 (119)
385 2433 574 2466 ΟΙινοηὶσοη
595 2442 834 2467 cameracense
845 2437 879 2466 ec
890 2434 1100 2467 Atrabatene
1113 2444 1132 2466 a
1150 2434 1315 2467 Baiderico
1331 2433 1530 2466 noviomensi
1544 2434 1576 2464 et
1590 2433 1654 2464 tor-

179 2486 309 2518 nacensi
331 2487 481 2527 episcopo
493 2510 503 2526 ,
524 2487 625 2518 Duaci
650 2491 736 2519 1615.
758 2486 813 2519 lib.
831 2489 856 2519 1.
873 2496 902 2519 c.
919 2490 970 2520 73.
987 2488 1043 2528 qni
1065 2489 1137 2528 post
1154 2488 1254 2520 relata
1271 2487 1367 2519 verba
1392 2486 1553 2526 adiungit:
1571 2487 1655 2516 «Hu-

178 2539 230 2572 ius
254 2540 299 2572 rei
322 2540 525 2580 suggestione
548 2541 719 2581 episcopus
740 2542 933 2573 commotior
948 2541 1070 2581 sactus,
1087 2542 1163 2582 quia
1178 2542 1210 2573 in
1226 2542 1296 2582 ipso
1313 2541 1410 2572 timor
1424 2538 1552 2571 Domini
1566 2547 1655 2580 prae-

179 2591 396 2634 ponderabat,
423 2592 531 2625 minus
553 2593 761 2634 posthabuit,
787 2594 820 2626 et
844 2603 884 2626 ne
907 2602 927 2626 a
952 2603 1066 2626 norma
1088 2594 1262 2626 canonicae
1289 2594 1368 2634 legis
1388 2593 1489 2634 pretio
1510 2594 1656 2632 emptus,

181 2645 264 2678 sorte
288 2645 499 2685 descisceret,
530 2647 689 2688 promissa
716 2647 1063 2689 calcavit....precihus
1088 2657 1201 2680 eorum
1232 2648 1364 2679 minime
1389 2645 1580 2687 adquievit,
1600 2645 1657 2678 scd

180 2699 282 2731 totius
300 2700 503 2732 auctoritatis
524 2700 647 2732 iudicio
673 2700 704 2732 in
727 2702 882 2741 perpetuo
904 2702 1116 2742 segregavit.»

275 2751 362 2793 (120)
384 2753 431 2784 Ita
455 2761 522 2785 rem
544 2755 653 2785 narrat
674 2755 849 2786 Veneticus
871 2754 1075 2787 vercellensis
1100 2754 1268 2795 episcopus
1295 2752 1381 2793 apud
1405 2751 1580 2784 Christian.
1595 2753 1656 2784 Lu-

186 2814 262 2846 pum
279 2804 318 2836 ad
335 2814 406 2837 can.
420 2807 475 2837 Xi.
493 2806 668 2838 rhemensis
693 2807 821 2840 concilii
837 2816 856 2839 a
870 2816 896 2839 s.
909 2809 1015 2840 Leone
1032 2809 1086 2839 lx.
1102 2806 1266 2839 celebrati.
1284 2807 1315 2837 ls
1339 2805 1513 2837 cardinalis
1537 2805 1659 2846 legatus

183 2857 336 2890 suffectus
353 2860 462 2898 postea
479 2859 539 2891 fuit
554 2868 578 2891 s.
595 2860 750 2900 Gregorio
770 2861 842 2892 Vn.
854 2861 886 2892 in
902 2860 1088 2901 pontificatu
1109 2869 1240 2892 romano
1254 2858 1315 2890 sub
1331 2859 1460 2891 nomine
1477 2858 1597 2891 Urbani
1616 2860 1657 2890 ΙΙ.
