1980 3260
303 257 394 289 cn.
413 257 458 288 11.
474 257 525 288 DE
544 255 658 288 Ecum.
678 256 841 288 Porzsr.
859 255 1001 288 CONST.
1019 255 1109 287 mr.
1128 255 1252 288 uun.
1268 255 1352 288 mn.
1367 256 1459 287 Aur.
1480 255 1539 288 111.
1611 242 1668 286 69

309 334 539 399 Huiusque
578 334 873 381 distinctionis
918 333 1249 381 fundamentum
1295 333 1506 398 praebent
1548 334 1674 398 ipsae

210 427 366 457 sacrae
395 410 591 457 litterae:
622 410 665 456 in
692 410 835 475 prima
859 407 1180 473 significatione
1205 409 1363 473 legitur
1386 409 1539 456 Matth.
1561 407 1669 455 XVI.

212 486 351 549 Super
376 486 484 532 hanc
501 495 670 549 petram
693 484 924 549 aedificabo
947 484 1166 531 ecclesiam
1187 501 1347 539 meam,
1378 484 1422 530 id
1445 494 1535 539 est,
1566 483 1676 530 fide-

215 560 278 608 les
302 578 479 616 omnes,
507 560 584 624 qui
609 560 794 608 eandem
818 577 917 607 cum
937 561 1061 607 Petro
1085 559 1216 607 fidem
1249 561 1509 624 profitentur
1541 560 1673 624 eique

216 637 426 692 subsunt3
454 636 500 681 in
525 635 661 682 altera
692 652 796 683 vero
830 635 995 682 ibidem
1018 653 1115 700 cap.
1143 636 1295 682 XVIII.
1323 635 1496 683 dicente
1520 634 1674 683 eodem

214 712 418 769 Christo:
451 730 473 754 «
489 711 543 755 Si
563 728 630 757 eos
653 727 736 756 non
765 709 973 765 audierit,
1002 711 1071 757 dic
1095 712 1340 767 ecclesiae;»
1356 728 1514 776 nempe
1538 721 1585 767 ut
1608 712 1676 757 in-

215 795 476 851 terpretatur
507 802 544 832 s.
568 785 631 832 Io.
656 784 999 849 Chrysostomus
1022 804 1030 831 :
1067 786 1188 833 «Dic
1215 786 1427 834 ecclesiae
1443 824 1453 844 ,
1492 786 1537 833 id
1573 797 1641 834 est
1663 825 1673 842 ,

210 861 537 927 praesidibus,»
562 877 642 906 seu
678 859 889 906 ecclesiae
924 860 1134 923 praelatis
1157 862 1273 922 (87).

310 938 588 1001 Quapropter
608 935 714 982 dum
737 935 974 982 concilium
1001 935 1285 982 tridentinum
1316 936 1543 983 constituit
1573 953 1677 983 con-

214 1014 385 1078 iugium
412 1011 724 1060 celebrandum
747 1028 847 1058 esse
871 1012 917 1056 in
946 1011 1055 1075 facie
1089 1012 1313 1065 ecclesiae,
1347 1027 1448 1058 cum
1476 1010 1587 1056 nihil
1622 1011 1681 1058 sit

213 1089 334 1154 quod
358 1088 414 1135 ad
444 1086 751 1135 coarctandam
778 1086 913 1132 huius
935 1086 1057 1133 vocis
1088 1085 1457 1148 significationem
1485 1085 1680 1150 compel-

216 1163 304 1221 lat,
336 1164 383 1210 in
416 1162 694 1226 amplissimo
722 1178 858 1209 sensu
887 1161 1002 1208 sumi
1030 1170 1174 1225 potest
1195 1163 1310 1223 (88).
1335 1160 1481 1217 Quum
1504 1177 1608 1208 vero
1633 1161 1677 1207 in

219 1240 382 1288 nostris
415 1237 659 1286 canonibus
696 1237 846 1284 omnia
879 1236 1084 1284 evincant
1127 1237 1355 1284 arctiorem
1392 1253 1573 1284 sensum
1609 1254 1682 1301 po-

219 1315 386 1364 stulare
407 1314 624 1362 ecclesiae
642 1329 816 1369 vocem,
840 1330 892 1360 eo
913 1312 1034 1377 quod
1058 1311 1114 1359 de
1132 1322 1346 1376 potestate
1369 1322 1526 1375 agatur
1548 1321 1682 1376 atque

219 1391 442 1446 doctrina,
466 1389 636 1436 nullum
655 1398 799 1453 potest
818 1388 1002 1435 dubium
1023 1405 1126 1435 esse
1149 1389 1256 1452 quin
1281 1388 1338 1435 ad
1363 1387 1681 1435 sacerdotalem

216 1477 388 1515 coetum
433 1465 754 1529 designandum
773 1503 783 1522 ‚
825 1482 921 1511 eam
963 1463 1188 1511 tridentini
1231 1473 1377 1528 patres
1412 1463 1677 1527 acceperint.

219 1540 558 1608 Hinc'appo'site
582 1559 757 1590 rursum
789 1540 1028 1588 Gersonius
1059 1539 1304 1587 scribebat:
1332 1540 1559 1586 «Ecclesia
1582 1556 1682 1586 con-

220 1629 356 1667 tracte
384 1617 595 1677 sumitur,
634 1617 739 1664 dum
774 1616 998 1682 loquimur
1030 1616 1103 1662 hic
1137 1617 1192 1663 de
1227 1625 1440 1680 potestate
1474 1614 1684 1662 ecclesia-

220 1696 356 1751 stica,
394 1711 474 1759 pro
507 1693 596 1741 illis
628 1693 860 1750 videlicet,
895 1693 973 1758 qui
1008 1691 1191 1756 speciali
1226 1692 1419 1756 quodam
1455 1690 1683 1754 signaculo

221 1771 411 1819 dedicati
431 1781 534 1818 sunt
550 1770 606 1817 ad
626 1769 825 1817 divinum
847 1768 1073 1815 servitium
1097 1769 1245 1829 (89).»
1257 1767 1400 1831 Atque
1423 1766 1507 1812 hoc
1531 1766 1684 1813 eodem

221 1863 358 1895 sensu
397 1846 637 1894 adhibetur
675 1863 701 1892 a
739 1861 863 1892 conc.
910 1844 1146 1891 tridentino
1186 1860 1314 1890 sess·
1337 1843 1458 1888 XIII.
1497 1859 1595 1888 can.
1635 1844 1678 1887 9.

224 1940 336 1971 sess.
371 1924 480 1969 XIV.
511 1939 610 1970 can.
645 1923 722 1968 15.
753 1938 867 1968 sess.
899 1921 1012 1966 XXI.
1042 1937 1138 1984 cap.
1164 1921 1207 1965 2.
1238 1935 1351 1966 sess.
1373 1919 1510 1964 XXII.
1533 1935 1632 1982 cap.
1657 1920 1683 1964 5

221 2008 267 2045 et
302 2000 345 2044 6.
373 2008 418 2046 et
445 1998 491 2044 in
518 1998 604 2044 hac
627 1997 725 2062 ipsa
753 2014 866 2043 sess.
889 1996 1033 2041 XXIV.
1064 2012 1161 2042 can.
1193 1995 1237 2040 7.
1269 1996 1313 2040 8.
1342 2011 1367 2040 e
1402 1995 1446 2038 9.
1477 1992 1684 2048 Quinimo

220 2074 377 2122 eodem
418 2074 503 2122 hoc
532 2072 781 2122 'sensu'vel
815 2072 871 2119 ab
905 2072 1002 2136 ipso
1038 2063 1252 2127 Luthero‚
1284 2070 1349 2118 uti
1378 2069 1681 2125 ostendimus,

223 2149 471 2197 adhibitum
505 2148 719 2196 ecclesiae
758 2165 916 2195 nomen
952 2157 1045 2203 est,
1079 2163 1179 2193 cum
1214 2145 1356 2193 eidem
1391 2144 1579 2207 denegat
1612 2161 1686 2208 po-

225 2235 427 2273 testatem
456 2224 752 2273 constituendi
783 2222 1097 2287 impedimenta
1119 2221 1446 2270 matrimonium
1475 2221 1687 2268 dirimen-

228 2302 287 2350 tia
308 2303 425 2364 (90).

321 2377 387 2423 Ex
427 2392 480 2424 eo
518 2392 622 2424 vero
643 2413 653 2432 ,
701 2375 820 2440 quod
863 2374 985 2422 nulla
1027 2374 1111 2422 hac
1144 2374 1200 2421 de
1238 2391 1285 2421 re
1326 2373 1515 2420 excitata
1557 2372 1689 2418 fuerit

229 2452 453 2518 quaestio,
486 2470 538 2500 eo
571 2451 731 2499 melius
761 2450 1006 2499 ostenditur
1039 2450 1237 2514 ignotum
1272 2449 1413 2497 fuisse
1447 2459 1551 2496 tnnc
1585 2457 1688 2494 tem-

324 2587 391 2627 (87)
412 2582 579 2616 Τουτέστι
607 2582 679 2620 τοῖς
706 2579 975 2627 προεδρεύουσιν.
999 2586 1094 2618 Hom.
1111 2586 1178 2617 LX.
1195 2584 1230 2616 in
1245 2584 1359 2616 Matth.
1375 2592 1407 2615 n.
1427 2587 1456 2614 2.

327 2639 393 2680 (88)
412 2641 484 2672 Non
504 2638 621 2671 desunt
640 2640 747 2671 tamen
761 2638 818 2679 qui
831 2637 1025 2670 contendant
1039 2638 1137 2670 etiam
1155 2637 1209 2669 hic
1222 2646 1278 2678 pcr
1291 2636 1443 2669 ecciesiae
1459 2641 1575 2666 nomen
1591 2632 1688 2665 fuisse

225 2692 430 2733 designatum
454 2691 636 2724 clericalem
659 2692 803 2730 coetum,
827 2691 984 2731 quatenus
1007 2689 1219 2722 tridentinum
1245 2687 1360 2721 statuit
1380 2684 1606 2719 celebrandum
1621 2692 1690 2716 esse

230 2744 470 2778 matrimonium
485 2753 593 2777 coram
609 2743 776 2786 episcopo,
791 2743 950 2784 parocho,
966 2743 1023 2775 aut
1038 2743 1102 2776 alio
1115 2741 1282 2774 sacerdote
1294 2749 1313 2772 a
1327 2739 1468 2785 parocho
1487 2737 1597 2770 electo.

329 2797 396 2838 (89)
417 2799 454 2830 ln
478 2796 693 2830 considerat.
713 2798 744 2828 I.
760 2798 810 2828 De
822 2797 992 2837 potestate
1008 2795 1240 2827 ecclesiastica
1252 2794 1332 2825 tom.
1346 2794 1373 2823 l.
1388 2791 1451 2823 coi.
1468 2793 1538 2824 227.

324 2849 391 2891 (9⁰)
409 2849 460 2882 ct.
479 2848 658 2882 neodatum
679 2847 838 2888 Defensio
853 2847 1033 2881 tridentin.
1046 2855 1156 2881 canon
1173 2854 1243 2887 cap.
1261 2847 1287 2877 1.
1298 2844 1328 2885 §.
1346 2848 1374 2876 3.
