1980 3260
248 270 339 304 cn».
354 271 417 304 ιιι.
436 273 487 305 nr
505 274 587 308 civ.
606 275 1195 316 rorssr.rnmc.1Nr.ni:t..An
1215 283 1338 316 mm.
1355 280 1449 317 Amr.
1467 285 1499 318 1.
1559 271 1648 318 157

186 366 428 416 numquam
465 353 639 413 extitit;
677 369 719 406 et
755 377 874 408 mere
906 371 974 410 est
1005 360 1318 428 hypotheticus
1347 363 1463 426 (24).
1485 362 1649 412 Tamen

183 424 231 472 in
263 425 349 475 hoc
381 427 514 476 etiam
555 431 709 481 ordine
752 435 1038 502 philosophia
1072 437 1200 486 doc-et
1234 438 1457 487 hominem
1492 457 1545 488 ac
1577 456 1651 489 so-

182 501 385 571 cietatem
402 505 459 552 ad
478 506 644 556 cultum
668 511 801 560 unius
830 513 921 561 veri
947 513 1026 560 Dei
1052 514 1274 572 ordinari,
1302 515 1501 582 adeoque
1524 534 1651 582 prae-

180 587 248 625 ter
283 578 457 628 civilem
492 599 544 631 ac
578 583 801 649 politicam
832 626 842 645 ‚
887 589 1046 638 adesse
1094 590 1226 638 etiam
1271 590 1433 639 debere
1477 610 1650 643 sacram

179 655 418 718 quamdam
455 676 506 707 ac
546 660 798 725 religiosam
833 666 1160 724 auctoritatem,
1200 685 1315 733 quae
1347 679 1391 716 et
1423 668 1647 734 publicam

178 728 458 782 honestatem
498 748 540 784 et
580 738 826 788 naturalem
865 741 1124 806 religionem
1166 752 1373 791 tueretur.
1413 745 1504 793 lam
1542 761 1647 793 vero

176 807 507 860 matrimonium
542 812 647 862 huic
677 833 829 864 sacrae
861 817 1135 875 auctoritati,
1167 835 1256 866 non
1284 829 1429 867 autem
1452 820 1572 868 civili
1596 837 1647 868 ac

174 881 381 948 politicae
393 924 403 944 ,
425 887 470 935 in
488 887 770 955 hypothetico
788 893 872 941 hoc
890 894 1046 942 ordine
1062 894 1300 948 obnoxium
1324 913 1425 944 esse
1447 895 1639 944 deberet.

272 960 321 1008 Id
357 963 564 1014 evincunt
598 980 858 1032 argumenta
892 969 1105 1035 pleraque
1127 1008 1138 1028 ,
1176 987 1292 1036 quae
1326 989 1468 1038 nuper
1498 971 1645 1019 attuli-

172 1051 272 1084 mus
292 1074 303 1094 ,
341 1040 670 1090 matrimonium
705 1045 947 1110 spectando
970 1045 1016 1092 in
1041 1063 1090 1093 se
1106 1084 1117 1103 ‚
1147 1046 1279 1094 relate
1302 1047 1358 1094 ad
1388 1047 1611 1113 principes
1630 1086 1640 1105 ,

173 1127 226 1158 ac
259 1111 394 1162 relate
424 1115 481 1163 ad
510 1116 680 1166 Deum:
708 1119 918 1186 pleraque
941 1120 1059 1168 enim
1084 1139 1136 1169 ex
1159 1121 1233 1168 his
1257 1122 1527 1186 argumentis
1551 1139 1646 1170 ma-

173 1189 429 1241 trimonium
466 1214 649 1261 prorsus
695 1198 1010 1264 philosophice
1053 1208 1288 1264 spectant,
1328 1198 1439 1246 adeo
1472 1208 1522 1246 ut
1554 1199 1645 1247 vim

170 1262 364 1333 habeant
387 1287 515 1320 suam
539 1291 619 1338 pro
642 1274 799 1340 quovis
819 1274 995 1331 ordine,
1024 1292 1112 1323 non
1137 1274 1269 1324 modo
1293 1274 1638 1339 supernaturali,

168 1341 249 1388 aed
283 1344 415 1393 etiam
448 1350 639 1397 naturali
673 1363 807 1417 atque
841 1350 1143 1417 hypothetico.
1172 1351 1288 1415 Ergo
1315 1350 1360 1397 in
1392 1349 1476 1398 hoc
1509 1350 1642 1398 etiam

169 1416 352 1478 ordine,
392 1422 431 1470 si
467 1423 578 1473 forte
610 1444 806 1492 unquam
843 1427 1086 1480 extitisset,
1126 1425 1455 1473 matrimonium
1488 1436 1537 1474 ut
1571 1443 1642 1474 res

166 1509 297 1544 sacra
330 1508 374 1546 et
407 1500 656 1565 spiritualis
692 1503 737 1550 in
773 1503 829 1551 iis
863 1521 977 1569 quae
1005 1502 1062 1550 ad
1091 1500 1316 1551 vinculum
1346 1501 1493 1566 ipsum
1512 1512 1561 1559 ,et
1582 1502 1640 1550 ad

166 1567 443 1622 honestatem
479 1578 698 1642 pertinent
730 1578 963 1643 religiosae
991 1577 1238 1626 auctoritati
1266 1576 1514 1625 subiectum
1538 1578 1643 1626 fuis-

167 1660 254 1699 set.
287 1651 647 1719 Supernaturalis
682 1655 832 1722 itaque
867 1655 1021 1719 religio
1054 1671 1143 1702 non
1179 1653 1320 1701 aufert
1360 1653 1647 1719 principibus¹

164 1727 468 1777 auctoritatem
502 1730 549 1778 in
582 1731 911 1780 matrimonium
952 1748 1086 1796 quam
1121 1729 1164 1776 in
1201 1728 1413 1793 religione
1446 1729 1637 1778 naturali

164 1800 408 1862 haberent,
451 1805 530 1854 sed
565 1823 616 1854 ea
652 1823 836 1872 prorsus
871 1815 991 1854 caret
1022 1804 1231 1872 princeps
1267 1804 1313 1851 in
1348 1803 1537 1852 naturali
1571 1821 1638 1852 or-

162 1877 270 1927 dine
297 1879 413 1948 ipso.
1240 1947 1241 1950 Ἴ

257 1956 346 2004 Sed
382 1957 494 2023 quid
528 1958 705 2007 tandem
740 1959 941 2009 dicemus
973 1958 1029 2006 de
1063 1967 1279 2023 potestate
1313 1956 1565 2022 principum
1589 1957 1636 2004 in

161 2032 374 2101 societate
395 2053 612 2100 pagana,
646 2035 723 2083 ubi
758 2035 880 2084 nulla
912 2045 1007 2083 erat
1037 2051 1142 2082 vera
1175 2033 1355 2098 religio,
1394 2032 1474 2082 sed
1509 2032 1637 2091 foeda

160 2107 329 2175 ubique
364 2112 623 2176 superstitio
657 2111 997 2168 dominabatur,
1037 2111 1243 2176 adeoque·
1273 2109 1396 2158 nulla
1429 2108 1637 2173 religiosa

160 2183 356 2250 legitima
382 2197 478 2235 erat
505 2187 784 2236 auctoritas?
812 2188 857 2236 Si
886 2187 1118 2238 historiam
1144 2186 1441 2243 consulimus,
1466 2185 1511 2233 in
1536 2185 1637 2250 ipsa

158 2262 292 2310 etiam
311 2263 522 2321 societate
538 2281 715 2328 pagana
732 2263 1062 2312 matrimonium
1082 2263 1315 2328 religiosae
1332 2262 1480 2328 potius
1499 2279 1632 2328 quam

158 2336 303 2387 civilis
327 2338 603 2389 auctoritatis
628 2340 848 2389 obiectum
873 2340 970 2389 fuit.
993 2342 1126 2390 Facto
1150 2339 1331 2406 quidem
1361 2357 1413 2394 ac
1439 2338 1630 2405 practice

252 2474 319 2515 (24)
340 2475 436 2508 Hunc
460 2476 580 2509 statum
607 2476 748 2510 dicimus
771 2476 1047 2519 hypotheticum,
1074 2485 1138 2509 non
1166 2477 1274 2509 autem
1299 2475 1437 2515 realem,
1459 2482 1573 2515 nempe
1595 2474 1631 2506 ln

157 2534 253 2560 wasa
278 2527 366 2569 q'uod
392 2528 568 2569 aliquando
597 2529 737 2570 viguerit
760 2531 864 2562 status
887 2529 1006 2572 aliquis
1021 2528 1151 2562 socialis
1171 2529 1241 2562 sine
1258 2535 1460 2570 quacumque
1480 2534 1556 2558 vera
1573 2526 1631 2559 aut

157 2579 239 2613 falsa
259 2580 466 2614 revelatione.
484 2582 697 2623 Exploratum
723 2582 810 2615 enim
835 2583 885 2615 est
908 2590 1090 2623 numquam
1113 2582 1299 2614 societatem
1321 2579 1464 2612 extitisse
1486 2577 1527 2611 de
1545 2577 1630 2611 sacto

156 2631 227 2665 sine
250 2632 361 2675 aliqua
385 2641 463 2666 vera
484 2635 542 2666 aut
568 2634 644 2667 ficta
667 2635 883 2676 revelatione,
907 2635 945 2667 ut
966 2635 1073 2667 omnis
1097 2634 1233 2666 historia
1250 2633 1397 2664 testatur.
1414 2633 1484 2663 Hoc
1498 2637 1630 2663 monere

154 2684 336 2726 voluimus,
354 2694 395 2718 ne
410 2686 486 2727 quis
506 2695 566 2719 nos
580 2686 847 2720 contradictionis
873 2687 1036 2728 argueret,
1054 2695 1092 2719 eo
1104 2686 1191 2727 quod
1212 2684 1308 2726 paulo
1330 2684 1405 2715 ante
1419 2682 1628 2715 distinximus

154 2735 238 2770 inter
249 2739 386 2771 statum
407 2738 491 2780 leqis
512 2739 690 2772 naturalis
703 2764 713 2781 ,
740 2740 773 2772 et
792 2740 915 2773 statum
941 2738 1025 2781 ἱερὰς
1045 2738 1214 2780 scriptae,-
1236 2737 1291 2768 ille
1311 2735 1397 2768 enim
1417 2736 1520 2767 status
1536 2734 1628 2767 natu·

155 2789 233 2823 ralis
255 2790 334 2832 legis
356 2790 498 2833 dicitur,
526 2800 592 2824 non
617 2792 704 2834 quod
729 2792 877 2826 homines
898 2801 963 2824 non
992 2792 1174 2833 regerentur
1194 2790 1261 2830 lege
1281 2788 1392 2820 divina
1408 2796 1430 2829 a
1441 2787 1629 2830 primordiis

154 2842 315 2875 humanae
347 2844 482 2886 originis
505 2844 582 2877 daia
598 2869 607 2885 ‚
635 2844 691 2877 sed
724 2854 782 2887 per
809 2844 1044 2887 oppositionem
1074 2842 1114 2875 ad
1141 2842 1242 2883 legem
1271 2840 1444 2874 mosaicam
1470 2841 1597 2873 tautum
1614 2863 1624 2880 ,

153 2904 237 2937 quae
264 2896 381 2930 litteris
408 2898 595 2940 consignata
620 2899 678 2931 est.
