1980 3260
349 216 438 260 196
667 224 747 255 Lm.
779 224 824 255 11.
855 223 967 255 sncr.
999 223 1028 254 1.
1059 223 1110 254 nn
1138 222 1305 254 roms‘r.
1333 223 1498 256 nectus.

346 307 480 353 dorus
515 301 788 365 hispalensis
834 303 951 363 (34),
985 317 1035 347 ac
1071 299 1331 367 Theo-dorus
1373 300 1546 348 Studita
1581 305 1700 367 (315),
1743 323 1826 353 nec

347 398 432 427 non
463 397 500 426 s.
538 377 743 424 Nicolaus
774 378 808 422 l.
844 376 1102 424 describens
1138 391 1370 432 «morem,
1398 384 1448 422 ut
1473 375 1574 440 ipse
1601 376 1820 443 loquitur,

346 472 477 520 quem
512 464 667 501 sancta
697 470 879 500 romana
914 452 1111 516 suscepit
1144 452 1412 515 antiquitus,
1447 462 1492 499 et
1530 451 1825 504 hactenus‘in

347 529 606 577 huiusmodi
636 527 1024 576 coniunctionibus
1054 537 1172 574 tenet
1195 526 1386 574 ecclesia
1417 527 1547 575 vobis
1582 538 1828 579 monstrare

349 606 687 655 studebimus.»
728 604 899 651 Deinde
933 620 1036 651 vero
1077 604 1208 650 ritum
1244 603 1425 668 exponit
1457 603 1503 650 in
1543 599 1833 670 sponsalibus*

348 682 515 731 servari
552 681 730 729 solitum
772 682 887 743 (36).

441 760 490 805 ln
520 775 608 805 non
638 757 798 824 paucis
824 757 1026 804 conciliis
1053 757 1394 822 particularibus
1420 757 1672 806 invenimus
1697 774 1830 823 prae-

346 846 465 882 terea
497 835 639 881 fuisse
683 833 931 891 sancitum,
968 844 1018 880 ut
1053 833 1281 899 sponsalia
1322 833 1368 880 in
1409 833 1589 899 publica
1631 827 1832 882 celebra-

345 922 496 958 rentur
537 910 726 958 ecclesia
769 927 917 957 coram
960 910 1155 975 parocho
1188 919 1231 957 et
1265 910 1453 957 testibus
1471 948 1481 967 ‚
1519 920 1570 958 ut
1603 910 1649 957 in
1693 926 1823 958 conc.

344 987 591 1044 rhemensi,
630 988 676 1033 in
711 1004 800 1051 quo
835 996 1046 1034 statutum
1081 996 1149 1034 est
1179 996 1235 1033 'ea
1269 986 1365 1034 fieri
1398 985 1562 1034 debere
1598 987 1821 1035 «nonnisi

346 1081 495 1111 coram
531 1080 718 1128 paraeco
750 1062 820 1110 vel
854 1063 951 1110 eius
974 1063 1140 1110 vicario
1156 1101 1166 1119 ,
1195 1062 1331 1127 idque
1354 1062 1400 1108 in
1425 1061 1640 1120 ecclesia,
1668 1073 1712 1111 et
1735 1079 1826 1118 non

348 1140 484 1197 alibi,
513 1140 602 1187 nisi
637 1139 693 1186 de
727 1139 938 1186 ordinarii
974 1138 1153 1185 licentia
1186 1137 1324 1201 gratis
1364 1137 1675 1195 concedenda,
1714 1154 1827 1203 qua-

351 1226 449 1263 tuor
470 1215 540 1264 vel
565 1216 707 1263 trihus
731 1215 888 1262 saltem
913 1214 1100 1262 testibus
1130 1213 1440 1278 praesentibus
1466 1215 1583 1277 (37).
1605 1233 1628 1259 ι)
1655 1211 1824 1261 Eadem

348 1291 480 1338 etiam
515 1291 694 1355 publice
727 1290 939 1337 celebrari
974 1289 1104 1352 longe
1138 1300 1239 1337 ante
1273 1290 1499 1337 iusserant
1526 1288 1730 1355 synodus
1751 1306 1828 1338 oo-

346 1357 562 1414 loniensis
588 1369 705 1429 (38),
731 1367 835 1413 item
865 1376 1029 1413 statuta
1062 1366 1298 1431 synodalia
1325 1365 1545 1414 Guillelmi
1563 1366 1826 1430 gubernato·

349 1442 410 1489 ris
439 1442 752 1490 macloviensis
779 1442 977 1506 episcopi
1010 1444 1128 1505 (39),
1166 1442 1371 1507 synodus
1401 1442 1680 1506 wigoriensis
1707 1443 1826 1505 (4⁰),

348 1534 463 1581 quae
515 1518 700 1582 insuper
748 1517 977 1565 constituit
1002 1536 1011 1564 :
1067 1518 1298 1582 sponsalia
1341 1519 1432 1565 nisi
1478 1519 1626 1565 ieiuna
1682 1518 1829 1567 saliva

350 1593 459 1639 {iant
498 1595 614 1656 (41).
642 1613 666 1639 »
1634 1588 1639 1594 ’

446 1669 555 1716 Cum
586 1670 720 1733 igitur
754 1681 845 1718 tum
871 1690 924 1719 ex
955 1672 1018 1719 rei
1052 1672 1197 1737 ipsius
1223 1682 1407 1730 natura,
1445 1682 1538 1720 tum
1567 1689 1622 1719 ex
1651 1682 1829 1737 patrum

352 1746 551 1793 doctrina
573 1785 582 1803 ‚
622 1757 715 1794 tum
739 1747 934 1813 denique
965 1767 1019 1796 ex
1041 1766 1128 1796 usu
1150 1750 1372 1797 constanti
1396 1748 1579 1814 iugique
1602 1747 1739 1797 totius
1762 1765 1831 1797 ec-

350 1822 512 1869 clesiae
540 1823 668 1888 praxi
703 1835 871 1872 certum
906 1825 966 1873 sit
988 1826 1220 1890 sponsalia
1254 1836 1455 1891 spectata
1487 1816 1666 1890 semper
1686 1825 1828 1874 fuisse

352 1899 413 1945 uti
451 1910 619 1962 partem
662 1901 923 1965 integralem
963 1902 1235 1950 matrimonii
1276 1903 1404 1951 cuius
1439 1901 1769 1950 administratio
1802 1918 1830 1949 a

356 1974 532 2022 Christo
572 1977 761 2026 Domino
800 1979 1016 2026 ecclesiae
1050 1979 1289 2027 commissa
1321 1979 1404 2026 fuit
1424 2016 1434 2036 ‚
1472 1977 1678 2043 pluribus
1717 1995 1833 2044 opus

354 2068 442 2098 non
477 2062 575 2109 est,
615 2065 663 2101 ut
695 2055 1015 2103 concludamus
1054 2056 1150 2104 iure
1181 2055 1427 2121 meritoque
1461 2055 1658 2102 inustam
1690 2054 1832 2103 fuisse

353 2144 380 2174 a
413 2127 490 2174 Pio
521 2128 591 2174 Vl.
631 2132 840 2194 pontifice
874 2150 1109 2180 censuram
1143 2133 1372 2181 doctrinae
1398 2132 1562 2197 synodi
1594 2131 1833 2197 pistorien-

353 2204 443 2261 sis,
482 2215 526 2251 et
559 2204 714 2252 iterum
751 2225 776 2254 a
805 2209 882 2256 Pio
917 2209 991 2255 lx.
1032 2209 1234 2257 eamdem
1269 2209 1576 2257 confirmatam
1612 2207 1753 2256 fuisse
1785 2208 1833 2256 in

444 2299 511 2341 (34)
532 2300 602 2332 Lib.
626 2301 834 2343 Ethimoloy.
852 2302 908 2335 lib.
932 2306 987 2336 lx.
1005 2313 1035 2336 c.
1055 2307 1085 2337 7.
1101 2305 1134 2337 et
1151 2306 1202 2338 De
1221 2303 1349 2346 officiis
1371 2304 1430 2336 iib.
1450 2305 1494 2336 Π.
1513 2312 1544 2336 c.
1561 2307 1613 2337 20.
1632 2302 1685 2336 ed.
1704 2302 1834 2336 Arcuit

356 2354 478 2385 Romae
502 2356 592 2386 1798.

445 2406 512 2447 (35)
532 2407 683 2448 Epistol.
708 2408 765 2440 lih.
789 2411 815 2441 Ι.
832 2418 882 2451 ep.
901 2415 951 2443 50.
970 2412 1021 2444 ed.
1039 2411 1204 2445 sirmondi
1216 2421 1292 2454 opp.
1307 2412 1388 2444 tom.
1408 2412 1449 2444 V.

445 2461 511 2502 (36)
533 2462 570 2493 In
590 2462 646 2493 cit.
672 2464 769 2503 Resp.
787 2462 835 2495 ad
850 2465 1011 2498 consulta
1023 2466 1211 2508 Bulqaror.
1227 2466 1290 2498 loc.
1309 2465 1365 2499 cit.

445 2515 511 2556 (37)
531 2516 669 2548 Decreto
697 2515 740 2548 de
768 2517 976 2550 matrimonio
997 2528 1030 2551 n.
1052 2523 1082 2552 4.
1111 2520 1199 2562 apud
1226 2519 1387 2553 Harduin.
1415 2520 1504 2551 Acta
1528 2518 1651 2552 concil.
1680 2518 1762 2550 tom.
1787 2517 1829 2549 Χ.

354 2567 417 2599 col.
441 2571 529 2600 1287.
554 2568 752 2601 celebratum
777 2570 827 2601 est
850 2571 959 2602 autem
981 2579 1034 2603 an.
1060 2577 1149 2605 1583.

394 2673 404 2705 1
445 2621 512 2663 (38)
531 2623 612 2663 Gap.
630 2623 671 2655 X.
692 2631 776 2663 quae
803 2625 915 2656 coacta
941 2627 990 2657 est
1014 2631 1172 2660 an.1280.
1196 2626 1285 2668 apud
1298 2625 1401 2659 Hard.
1423 2626 1511 2658 Acta
1536 2631 1632 2657 conc.
1650 2624 1732 2656 tom.
1756 2624 1828 2656 vu.

355 2681 393 2705 co
411 2699 416 2704 .
437 2678 507 2706 829.

444 2726 510 2768 (39)
531 2727 626 2768 Apud
645 2727 839 2760 martenium
862 2730 912 2762 De
927 2731 1037 2772 antiq.
1064 2731 1146 2764 eccl.
1164 2733 1225 2764 ric.
1240 2731 1300 2764 lib.
1321 2733 1348 2763 1.
1364 2739 1435 2772 cap.
1452 2731 1508 2762 lx.
1525 2730 1586 2762 art.
1602 2733 1632 2762 3.

447 2780 514 2820 (40)
529 2781 615 2821 cap.
641 2782 727 2813 XIV.
751 2781 836 2814 lbid.
859 2782 923 2814 col.
948 2787 1018 2815 335.
1043 2785 1204 2818 celebrata
1223 2786 1272 2818 est
1291 2784 1372 2817 haec
1391 2783 1534 2825 synodus
1553 2790 1606 2816 an.
1629 2784 1720 2816 124⁰.

447 2831 514 2872 (41)
535 2832 585 2864 Cf.
606 2834 742 2867 marten.
762 2843 816 2877 op.
837 2836 869 2867 et
886 2834 946 2868 loc.
968 2835 1023 2868 cit.
