1980 3260
250 238 339 273 cai>
356 238 413 271 Vl.
433 239 484 271 DE
498 237 622 271 MATR.
640 236 817 270 mnam.
830 237 913 270 mr.
926 236 974 268 si:
993 235 1073 268 vm.
1089 235 1172 268 CUM
1189 235 1490 269 cummium
1563 220 1654 270 267

224 332 226 334 ·
283 313 327 357 5.
368 312 416 357 In
442 310 617 359 Florida
643 312 793 374 (135).

282 388 418 434 6.1n
441 388 676 436 Lovisiana
711 387 938 452 superiore
971 396 1014 434 et
1046 385 1266 433 inferiore
1276 348 1461 449 (136).-

246 497 249 505 ι
278 466 330 512 Ἶ.
358 465 416 511 In
438 465 542 511 urbe
575 463 834 525 detroitensi
875 463 1075 527 (Detroit)
1110 464 1259 526 (137).

280 542 417 589 8.1ιι
430 541 540 589 urbe
556 550 600 590 et
615 541 810 590 dioecesi
825 540 1119 597 Quebecensi,
1131 540 1286 588 saltem
1299 549 1488 604 exparte
1501 540 1545 602 (1-
1553 539 1658 643 38)

343 637 346 640 ·
406 617 596 665 Constat
621 633 725 664 non
746 616 906 664 fuisse
919 616 1201 682 pubiicatum
1265 656 1267 658 .
1338 638 1342 643 ·

278 693 330 739 1.ἰ
354 693 424 739 Ῑιι·
439 692 610 740 diocesi
643 693 952 741 Baltimorensi
982 693 1133 757 (139).

291 769 294 793 ³
331 806 337 812 .
396 767 600 814 Dubium
634 768 782 815 adhuc
819 769 975 832 viget,
1011 786 1117 816 num
1151 767 1293 817 fuerit
1325 767 1656 832 promulgatum

263 844 418 891 1.1n
449 843 660 892 universa
690 844 884 926 dioecesi
918 845 1176 924 detroitensi
1206 844 1454 907 (Βόῐιοίῑ)
1466 843 1658 892 Mechiri-

183 937 285 984 gan
294 920 458 984 (140).
644 921 647 930 '

247 997 418 1055 2.1-ιι,
436 995 680 1044 California
711 996 941 1081 superiore
969 997 1125 1059 (141).-

249 1075 323 1120 4
362 1073 413 1120 In
445 1072 641 1122 dioecesi
665 1089 717 1122 ac
741 1072 969 1154 provincia
991 1071 1311 1170 Quebecensi'
1299 1089 1345 1119 ιιι
1369 1070 1569 1154 Ganada
1568 1088 1657 1156 ειιη

181 1150 378 1221 periore
390 1150 540 1214 (142).

280 1304 369 1363 (135)
389 1321 482 1355 Item.

232 1374 364 1418 .-(136)
382 1375 476 1408 Item.

273 1426 360 1468 (137)
380 1427 472 1459 Feria
496 1428 551 1459 IV.
570 1427 623 1460 die
647 1431 697 1460 26.
714 1428 783 1459 lan.
802 1430 892 1460 1842.
909 1426 942 1458 in
966 1435 1116 1467 congreg.
1132 1435 1159 1459 s.
1175 1427 1236 1459 osi.
1254 1399 1491 1460 «Eminentiss.
1507 1397 1660 1464 dixerunt

178 1456 245 1513 non
259 1476 416 1513 constare
441 1489 482 1513 ex
506 1479 654 1513 deductis
676 1479 718 1512 de
738 1479 997 1521 promulgatione
1011 1479 1143 1512 decreti
1151 1479 1285 1512 trident.
1296 1479 1330 1512 in
1347 1476 1498 1513 universa
1519 1470 1658 1513 dioecesi

176 1531 383 1574 detroiteasi,
399 1535 543 1574 excepta
556 1531 722 1575 paroecia
738 1534 892 1566 civitatis
907 1532 1124 1567 decroicensae's
1139 1529 1203 1566 εἰσ.

271 1587 358 1629 (138)
380 1589 428 1628 Ex
449 1587 520 1619 Act.
543 1595 609 1619 sac
625 1595 773 1628 congreg.
787 1586 828 1619 de
848 1595 980 1628 propag
999 1587 1063 1619 fide
1081 1590 1170 1620 1824.
1182 1586 1347 1630 colligitur
1363 1587 1520 1628 scriptum
1535 1586 1658 1629 essead

176 1626 319 1681 archiep.
336 1639 489 1677 Quebec:
489 1640 539 1672 Si
553 1640 666 1681 agatur
681 1640 721 1672 de
736 1639 943 1673 missionibus
958 1641 1014 1672 aut
1029 1640 1186 1681 paroeciis
1198 1639 1263 1672 iam
1278 1639 1578 1681 praeexistentibus,
1590 1648 1656 1686 non

177 1701 246 1726 esee
268 1683 404 1734 quidem
426 1693 658 1734 necessariam,
677 1692 735 1725 sed
757 1701 851 1734 posse
872 1692 1024 1735 expedire
1048 1692 1299 1734 publicationem
1321 1700 1413 1725 conc.
1430 1692 1610 1725 tridentini.
1623 1683 1659 1726 Si

174 1754 253 1778 vero
274 1747 388 1787 agatur
402 1745 444 1779 de
459 1745 667 1781 missionibus
687 1746 744 1778 aut
758 1745 917 1787 paroeciis
931 1745 1093 1787 erigendis
1107 1755 1145 1778 ex
1163 1745 1305 1787 integro,
1321 1745 1426 1787 iisque
1441 1746 1481 1780 in
1491 1746 1588 1787 locis,
1602 1745 1659 1779 ubi

178 1807 244 1831 non
263 1799 350 1840 viget
368 1799 571 1838 observantia
591 1798 735 1838 decreti,
765 1800 904 1831 omnino
925 1807 995 1831 esse
1011 1797 1289 1840 publicandum,
1308 1798 1470 1836 erectione
1494 1795 1657 1838 contecta,

175 1852 217 1886 ut
229 1852 338 1893 vigeat
352 1851 623 1884 clandestinitatis
644 1850 945 1893 impedimentum.

238 1904 358 1951 2039)
378 1907 427 1937 Ex
442 1905 507 1937 litt
522 1909 569 1938 13.
582 1906 659 1937 Dec.
675 1907 765 1937 1817.
779 1905 888 1939 ‹cum
902 1904 1077 1937 eaesintin
1089 1904 1260 1937 foederatis
1270 1904 1340 1937 istis
1352 1905 1519 1937 Americae
1529 1873 1654 1947 septai-

177 1950 326 1990 trionalis
352 1957 530 1999 provinciis
554 1957 833 1996 circumstantiae,
848 1958 885 1990 ut
898 1957 1064 1989 tridentini
1080 1957 1201 1991 decreti
1219 1945 1398 2000 publicatio
1419 1957 1535 1999 quoad
1546 1957 1656 1990 matri-

177 2005 288 2043 monia
314 2007 418 2043 multo
447 2011 520 2052 plus
541 2010 744 2050 detrimenti,
769 2019 868 2052 quam
887 2010 1039 2049 utilitatis
1059 2009 1192 2051 asserat,
1217 2018 1245 2043 s.
1260 2019 1410 2052 congreg.
1430 2010 1596 2051 convenit,
1607 2005 1658 2045 ut

179 2065 281 2106 ipsius
299 2065 421 2098 decreti
440 2066 658 2106 promulgatio
681 2065 806 2097 tamdiu
822 2064 1010 2105 differatur,
1032 2064 1193 2106 quamdiu
1217 2065 1376 2104 ιειιιιιεειιιιε
1398 2064 1554 2105 erfectus,
1574 2063 1659 2106 quos

177 2117 235 2170 lex
243 2117 307 2173 sibi
320 2118 507 2168 proposuit,
523 2117 612 2150 haud
626 2118 668 2151 sit
681 2118 852 2150 allatura.»
870 2119 909 2150 Et
923 2118 1028 2160 reipsa
1044 2117 1188 2150 nondum
1199 2117 1400 2158 publicatum
1414 2116 1581 2151 decretum
1594 2118 1654 2150 est.

263 2170 362 2212 ’(140)
384 2171 460 2203 Post
473 2178 576 2211 nuper
590 2170 750 2211 descripta
765 2169 866 2203 verba
879 2179 919 2203 ex
933 2179 1080 2212 congreg.
1101 2178 1128 2203 s.
1146 2170 1204 2202 off.
1223 2174 1274 2203 26.
1292 2172 1363 2203 Iun.
1382 2171 1472 2207 1842.
1487 2169 1533 2203 ita
1547 2179 1654 2212 prose-

178 2225 329 2264 qun-tur,
339 2223 538 2256 eminentiss.
554 2234 571 2252 α
586 2221 728 2264 Ideoque
743 2232 811 2256 non
825 2232 895 2257 esse
909 2223 1156 2265 inquietandos,
1169 2224 1227 2264 qui
1240 2223 1448 2257 matrimonia
1460 2232 1518 2265 per
1531 2223 1656 2257 dioece

180 2275 244 2319 sim
262 2276 421 2318 inierunt,
445 2284 511 2309 non
531 2277 659 2308 servata
677 2275 818 2309 formula
841 2276 984 2309 concilii
979 2300 990 2320 ,
1013 2275 1191 2315 dummodo
1213 2276 1344 2327 nullum
1358 2277 1448 2314 esset
1462 2277 1655 2316 canonicum

181 2320 483 2371 impedimentum.»

276 2383 366 2420 Quae
389 2382 621 2415 confirmantur
637 2391 676 2415 ex
692 2382 821 2415 decreto
839 2382 953 2424 synodi
976 2383 1064 2415 iilius
1086 2382 1271 2424 regionam
1290 2384 1380 2416 1843.
1391 2370 1443 2416 his
1458 2382 1565 2416 verbis
1579 2368 1654 2415 con·

179 2435 325 2477 ceptum
308 2435 539 2468 «censuerunt
553 2435 660 2476 patres
679 2434 767 2468 haud
782 2435 933 2477 expedire
949 2435 1116 2474 decretum
1131 2435 1299 2469 tridentin.
1313 2435 1355 2469 de
1369 2435 1570 2469 clandestino
1587 2443 1654 2467 ma·

177 2486 334 2520 trimonio
348 2486 396 2520 ad
408 2487 499 2520 alias
509 2489 691 2529 paroecias
708 2487 893 2521 dioeceseos
905 2487 1124 2527 detroicensis
1139 2490 1231 2522 extra
1249 2488 1352 2530 ipsam
1373 2489 1538 2521 civitatem
1550 2490 1655 2521 exten·

178 2540 270 2579 dere,
286 2539 346 2573 nec
358 2539 401 2573 ad
415 2541 495 2573 alias
510 2540 671 2574 dioeceses
695 2541 860 2575 Americae
875 2541 1145 2584 ‚septentrionalis
1168 2543 1295 2584 praeter
1316 2550 1369 2574 eas
1390 2542 1423 2573 in
1444 2540 1562 2583 quibus
1586 2541 1652 2574 iam

174 2592 319 2625 noscitur
342 2593 604 2635 promulgatum,
621 2594 653 2626 et
668 2593 828 2627 orandum
850 2602 878 2628 s.
897 2594 1027 2638 sedem,
1051 2595 1088 2628 ut
1110 2594 1284 2636 dispenset
1301 2593 1419 2637 quoad
1439 2594 1653 2635 ipsam-civi·

178 2646 318 2678 tatem.»

274 2696 366 2739 (141)
383 2701 429 2732 Ex
445 2692 593 2742 congreg.
611 2707 638 2733 s.
656 2700 713 2734 off.
733 2705 821 2734 1853.
840 2694 901 2733 hoc
919 2708 1003 2734 anno
1019 2701 1089 2734 solo
1107 2700 1327 2743 praesumptio
1350 2699 1527 2733 habebatur
1543 2699 1584 2732 de
1598 2699 1652 2733 de-

178 2745 258 2787 creti
269 2752 551 2794 promulgatione,
567 2762 606 2786 eo
626 2753 715 2795 quod
730 2762 749 2786 a
763 2753 976 2788 missionariis
996 2754 1131 2796 Hispan.
1149 2754 1229 2788 iiiuc
1251 2753 1331 2787 fides
1347 2753 1454 2787 delata
1472 2752 1579 2786 suerit.
1593 2752 1651 2793 Ast

180 2803 288 2848 adhuc
308 2803 510 2847 desideratur
524 2806 635 2848 optata
650 2807 829 2839 necessaria
844 2806 1016 2844 certitudo.

250 2850 360 2899 ¹¹(il'12)
379 2848 579 2892 Recolantur'
587 2859 686 2901 paulo
700 2860 774 2894 ante
792 2860 932 2893 adducta
946 2869 985 2894 ex
1001 2861 1081 2894 actis
1097 2868 1245 2901 congreg.
1264 2861 1353 2892 1824.
