1980 3260
212 251 304 288 cir.
324 256 370 290 11.
388 257 444 290 nn
459 252 599 290 rous.
621 256 756 290 rmNc.
777 259 858 291 rm.
877 257 959 290 cm.
978 256 1452 301 mrn.>cun1sr..inr.11.
1513 242 1618 289 389>

135 335 480 401 qaam-‚Atque
505 335 798 386 haec‘contra
843 336 1087 384 Launoium
1118 337 1244 398 (76);
1272 335 1390 401 quod
1426 335 1482 383 ad
1517 352 1609 383 rem

140 420 418 473 praesentem
443 410 563 468 facit,
585 411 823 459 concilium
842 428 929 459 non
948 410 1076 475 petiit
1093 410 1149 458 ab
1166 411 1431 476 imperatore
1447 410 1606 474 legem,
1622 448 1624 451 -

141 502 231 550 qua
255 486 537 534 dirimeretur
559 488 813 550 coniugium
833 487 1082 543 eiusmodi,
1110 486 1300 551 ideoque
1322 486 1478 537 inferri
1505 486 1610 534 inde

136 562 293 627 nequit
325 563 574 610 communis
607 573 701 610 tum
735 563 951 611 ecclesiae
974 574 1066 611 tum
1102 563 1381 628 principibus
1412 573 1616 669 potestas-

135 636 357 688 statuendi
393 637 712 701 impedimenta
744 638 1014 686 dirimentia.

229 711 352 760 Idem
385 711 458 759 dic
491 712 547 760 de
581 713 768 762 concilio
809 714 1076 763 lateranensi
1100 715 1135 761 l.
1160 715 1400 763 dummodo
1441 715 1611 779 integra

134 787 232 836 eius
254 787 389 836 verba
408 787 665 846 asserantur,
690 807 806 854 quae
824 790 935 837 haec
955 801 1078 838 sunt:
1100 790 1492 838 «Coniunctionem
1511 808 1613 839 con-

133 864 952 929 sanguineorum,fieri'prohibemus:
976 866 1187 931 quoniam
1224 883 1299 913 eas
1331 877 1374 914 et
1407 867 1621 927 divinae„

134 951 183 990 et.
200 940 337 989 seculi
364 940 603 1006 prohibent
624 941 761 1004 leges.
784 943 921 1005 Leges
945 942 1065 989 enim
1090 942 1267 1000 divinae
1290 942 1376 990 hoc
1399 953 1582 1006 agentes
1598 980 1622 999 ,.

135 1027 179 1066 et
210 1030 295 1072 eo's,
322 1018 400 1082 qui
435 1035 489 1071 ex
521 1018 587 1065 eis
621 1017 866 1083 prodeunt,
895 1035 984 1065 non
1008 1018 1152 1066 solum
1176 1018 1387 1076 eiiciunt‚
1417 1018 1495 1066 sed
1519 1036 1614 1066 ma-

138 1094 310 1143 ledictos
337 1094 586 1159 appellant3
617 1094 737 1158 leges
763 1113 867 1144 vero
896 1094 1034 1142 seculi
1074 1095 1258 1160 infames
1287 1095 1400 1143 tales
1430 1112 1507 1156 eos
1539 1112 1614 1143 vo-

138 1180 305 1218 cantet
326 1170 384 1217 ab
409 1170 670 1224 ¹haereditate
705 1170 938 1235 repellunt.
969 1172 1058 1218 Nos
1086 1170 1236 1236 itaque
1263 1181 1414 1236 patres
1448 1181 1613 1218 nostros

133 1257 351 1311 sequentes
367 1246 658 1299 infamiaeos
680 1258 904 1303 notamus,
922 1256 965 1294 et
982 1246 1172 1295 infames
1200 1264 1300 1294 esse
1324 1264 1610 1294 censemus.»

137 1322 384 1373 Concilium
419 1323 854 1386 igituriauctoritate
900 1340 981 1370 sua
1010 1362 1020 1380 ‚
1067 1323 1372 1387 insistensque
1409 1322 1615 1387 vestigiis

134 1401 367 1455 maiorum,
398 1416 478 1447 seu
501 1399 739 1457 ecclesiae,
771 1399 1004 1464 prohibuit
1036 1415 1212 1446 rursum
1252 1399 1340 1446 iam
1366 1399 1615 1463 proscripta

135 1476 567 1540 consanguineorum
587 1476 811 1539 coniugia.
828 1475 998 1523 Adiecit
1021 1476 1286 1534 men-tionem
1312 1475 1459 1539 legum
1491 1493 1614 1538 secu-

134 1554 293 1603 larium
318 1554 375 1601 ad
406 1553 616 1601 maiorem
648 1554 867 1602 eiusmodi
902 1553 1223 1601 connubiorum
1257 1554 1608 1619 detestationem.

135 1631 338 1679 Ceterum
362 1630 484 1677 iuxta
508 1630 657 1694 ipsum
681 1630 916 1677 concilium
942 1629 1063 1693 leges
1089 1630 1202 1677 istae
1222 1629 1359 1677 seculi
1380 1629 1493 1675 nihil
1512 1646 1618 1688 con-⁴

136 1708 277 1755 tinent
299 1707 355 1754 de
374 1707 614 1753 irritatione
638 1706 938 1762 matrimonii„
969 1705 1047 1754 sed
1079 1705 1221 1753 solum
1251 1716 1399 1753 notam
1431 1706 1614 1765 inurunt

137 1782 347 1834 infamiae
381 1783 447 1830 sic
487 1781 881 1839 contrahentibus,
922 1779 1088 1846 eosque
1111 1782 1385 1842 haereditate
1408 1780 1609 1846 privant3

136 1870 252 1925 quae
274 1876 450 1925 rpoenae
476 1876 596 1907 mere
629 1858 783 1907 civiles
820 1868 947 1917 sunt,
986 1869 1030 1906 et
1064 1859 1232 1906 habent
1254 1876 1334 1924 pro
1358 1858 1532 1907 obiecto
1556 1858 1615 1906 ef⁴

135 1935 276 1985 fectus
305 1935 476 1984 civiles.
726 1948 730 1951 ⁴
1068 1948 1073 1953 “
1258 1987 1262 1990 ,

106 2008 108 2010 ’
161 2021 163 2023 ’
230 2013 296 2060 De
327 2022 475 2060 mente
510 2030 573 2060 ss.
597 2012 820 2063 Ambrosii
857 2023 900 2060 et
933 2012 1169 2076 Augustini
1206 2013 1314 2061 satis
1349 2012 1560 2060 diximus.

231 2089 401 2137 Eadem
435 2106 566 2154 porro
601 2089 794 2146 ratione,
834 2107 924 2155 qua
957 2089 1157 2155 exposita
1181 2098 1287 2137 sunt
1309 2105 1423 2154 quae
1457 2088 1615 2135 affere-

135 2167 296 2216 bantur
318 2183 345 2213 a
367 2182 494 2213 conc.
518 2165 809 2223 lateranensi,
839 2167 1000 2230 exponi
1027 2166 1193 2214 debent·
1213 2166 1346 2213 effata
1369 2183 1479 2222 rom⁸
1503 2182 1615 2230 pon-

136 2244 305 2298 tificum
343 2253 387 2290 et
428 2242 738 2299 conciliorum,
777 2245 816 2290 si
853 2260 979 2308 quac,
1004 2253 1136 2300 sunt3
1176 2243 1381 2290 nimirum
1423 2242 1479 2289 de
1518 2242 1614 2305 lege

136 2330 316 2367 externa
350 2318 496 2384 quoad
522 2318 676 2365 civiles
705 2318 889 2366 effectus
908 2357 918 2371 ,
951 2336 1028 2366 seu
1055 2319 1110 2367 de
1132 2319 1300 2368 ambitu
1326 2318 1473 2382 legum
1503 2318 1612 2365 civi-

135 2396 273 2453 lium',
304 2413 420 2461 quae
453 2411 697 2459 numquam
723 2412 824 2443 sese
847 2395 906 2443 ad
928 2395 1154 2443 vinculum
1174 2433 1184 2452 ,
1213 2413 1293 2443 seu
1318 2394 1613 2443 substantiam

136 2471 331 2535 ocniugii
363 2471 598 2519 extendere
634 2481 842 2535 possunt,
880 2481 929 2518 ut
962 2471 1253 2519 ostendimus.

148 2607 151 2610 ·
232 2549 391 2599 Mirum
416 2558 483 2596 est
508 2565 640 2613 posse
664 2566 691 2595 a
714 2548 945 2599 catholicis
969 2548 1079 2597 viris
1106 2548 1332 2613 provocari
1353 2546 1409 2594 ad
1429 2564 1465 2592 s.
1498 2545 1610 2592 Tho-

138 2642 255 2673 mam
290 2625 346 2672 ad
392 2625 680 2672 asserendam
724 2625 1003 2690 principibus
1044 2636 1327 2690 potestatem,
1374 2639 1506 2687 quam
1547 2621 1613 2668 cis

138 2718 176 2748 s.
199 2702 360 2750 Doctor
396 2711 649 2750 constanter
683 2711 725 2749 et
758 2702 924 2767 apertis
958 2701 1107 2750 verbis
1144 2699 1395 2763 denegavit.
1424 2697 1487 2744 Ac
1510 2714 1567 2744 ne
1590 2713 1616 2744 a

234 2825 300 2867 (76)
321 2827 425 2860 Cuius
444 2828 606 2870 ampullae
627 2828 713 2860 llunc
734 2836 830 2869 super
852 2836 1007 2861 canonem
1034 2826 1246 2865 evanescunt;
1270 2823 1433 2865 siquidem
1453 2822 1612 2862 integrum

138 2879 254 2912 folium
267 2879 354 2912 circa
370 2880 476 2922 ipsum
492 2880 644 2922 insumit,
661 2889 821 2922 saepeque
836 2881 876 2913 ad
892 2890 966 2914 eum
989 2879 1143 2914 recurrit,
1167 2878 1255 2910 velut
1272 2876 1312 2908 ad
1334 2875 1491 2908 Achillem
1504 2882 1611 2907 suum.
