1980 3260
485 243 573 274 CAP.
598 243 627 274 1.
652 242 730 274 GEN
771 242 864 272 mna
889 239 1052 271 Porssr.
1077 238 1240 272 ECCLES.
1260 239 1352 271 ΛΒΤ.
1372 239 1400 270 1.
1646 227 1671 269 9

215 331 295 367 set.
322 321 368 367 ld
394 321 511 367 enim
537 331 673 368 totum
708 317 982 381 significatur
1017 316 1134 363 dicto
1170 316 1243 364 illo
1272 318 1322 364 de
1356 318 1563 364 sententia
1587 319 1678 381 epi-

211 397 346 460 scopi,
387 396 506 461 quod
541 396 598 443 ad
633 392 878 457 simplicem
914 391 1137 447 netitiam,
1166 401 1242 438 aut
1264 392 1608 440 admonitionem
1632 404 1677 440 et

212 471 556 519 exhortationem
591 466 805 516 coarctari
840 466 1007 530 nequit.
1038 465 1184 521 Quum
1219 476 1365 513 autem
1398 466 1510 514 haec
1533 485 1560 514 a
1581 467 1677 515 viro

213 545 457 610 apostolico
496 543 664 607 scripta
705 542 867 589 suerint
887 580 897 598 ,
943 540 1097 588 merito
1138 541 1323 604 proinde
1368 541 1561 589 diximus
1605 559 1678 590 ec-

211 621 391 670 clesiam
426 619 515 666 ia'm
550 636 580 666 a·
610 619 704 666 suis
739 618 878 665 initiis
915 624 1143 681 spectasse
1177 616 1375 664 fidelium
1421 617 1677 680 coniugium

211 707 433 758 tamquam
470 711 560 741 rem
591 710 717 740 suam
735 730 745 748 ,
774 710 852 739 seu
877 692 995 738 circa
1015 710 1150 756 quam
1175 692 1274 756 ipsa
1297 691 1534 739 decernere
1551 730 1562 749 ,
1590 703 1677 740 sta-

213 780 360 824 tuere,
389 785 441 815 ac
466 767 661 814 iudicare
694 766 899 821 deberet,
937 783 989 813 eo
1024 766 1121 830 ipso
1155 766 1274 830 quod
1310 767 1365 814 de
1399 779 1675 816 sacramento

210 842 426 890 divinitus
462 842 549 889 sibi
583 843 820 890 commisso
854 851 1056 904 ageretur
1076 843 1160 903 (3).

308 918 407 966 Huc
435 918 569 966 etiam
594 919 813 983 pertinent
836 917 1135 965 institutiones
1154 916 1255 964 illae
1271 955 1280 973 ,
1309 917 1473 982 quibus
1498 929 1675 966 cautum

213 1005 313 1049 est,
340 1004 402 1040 ‘ut
435 994 612 1042 nonnisi
648 1011 793 1041 coram
830 993 1070 1058 episcopo,
1109 1004 1184 1040 aut
1218 993 1447 1041 sacerdote
1469 1031 1479 1050 ,
1519 1011 1597 1041 seu
1632 995 1677 1041 in

215 1069 328 1116 facie
361 1069 600 1126 ecclesiae,
642 1069 704 1116 uti
746 1086 862 1116 nunc
894 1061 1102 1134 loquendi
1136 1087 1246 1117 usus
1282 1069 1474 1126 obtinet,
1513 1087 1679 1118 connu-

214 1144 335 1192 bium
355 1145 670 1202 celebraretur,
693 1145 819 1192 etsie
837 1155 987 1192 sancte
1003 1146 1152 1193 omnia
1169 1146 1348 1203 fierent,
1370 1156 1503 1211 atque
1527 1146 1676 1194 aditus

214 1220 270 1268 iis
314 1221 531 1270 abusibus
572 1221 900 1277 occluderetur,
948 1221 1024 1286 qui
1064 1239 1091 1269 a
1133 1221 1396 1269 malesuada
1437 1222 1679 1286 cupiditate

214 1297 319 1343 oriri
358 1309 555 1361 possent.
594 1297 764 1344 Exinde
804 1298 948 1345 omnis
988 1298 1061 1345 ille
1096 1298 1258 1345 rituum
1298 1315 1350 1345 ac
1383 1299 1680 1346 caeremonia-

213 1390 309 1420 rum
350 1385 618 1438 apparatus,
662 1391 749 1439 quo
796 1373 1007 1436 ecclesia,
1052 1384 1101 1421 ut
1138 1374 1437 1437 augustiorem
1477 1374 1678 1422 redderet

213 1448 452 1497 solemnem
486 1450 606 1498 hunc
638 1460 805 1506 actum,
838 1460 882 1498 et
914 1451 1125 1514 coniuges
1150 1450 1207 1497 ad
1231 1450 1579 1498 contrahendum
1604 1467 1679 1498 co-

212 1542 304 1574 ram
328 1526 553 1576 sacerdote
578 1526 794 1583 alliceret,
817 1527 1108 1574 christianum
1139 1526 1407 1574 connubium
1430 1526 1678 1574 communi-

213 1601 277 1648 vit
309 1611 443 1666 atque
475 1601 718 1650 adornavit.
760 1601 887 1649 Tales
922 1602 1098 1648 fuerunt
1141 1602 1253 1648 ritus
1288 1601 1344 1648 ab
1377 1601 1565 1648 ecclesia
1607 1601 1676 1649 vel

214 1676 494 1724 instituti'vel
517 1676 704 1725 admissi
728 1677 793 1724 uti
821 1677 1001 1728 traditio
1026 1677 1169 1734 anuli,
1192 1676 1302 1733 veli,
1325 1694 1512 1725 coronae
1529 1715 1539 1735 ,
1578 1687 1679 1725 cae-

215 1763 493 1817 terorumque
525 1752 770 1809 eiusmodi,
798 1770 951 1818 preces
976 1754 1234 1818 praesertim
1253 1770 1306 1800 ac
1322 1753 1676 1809 benedictiones,

214 1828 375 1891 quibus
399 1840 442 1875 et
464 1828 662 1877 divinum
695 1829 923 1877 auxilium
945 1847 1080 1895 super
1114 1829 1330 1877 nubentes
1361 1829 1678 1894 ecclesia'ipsa

310 2011 354 2052 (3)
377 2013 423 2044 Ne
443 2013 541 2045 meris
554 2014 748 2047 coniecturis
766 2013 867 2046 innixi
886 2015 964 2046 liaeo
979 2014 1156 2049 affirmasse
1181 2013 1369 2052 videamur,
1394 2012 1512 2044 iuverit
1535 2012 1607 2044 heic
1627 2011 1682 2044 ‹le-

212 2063 352 2096 scribere
365 2088 375 2106 ‚
400 2074 483 2106 quae
503 2066 619 2099 doctus
640 2067 872 2108 Albaspinaeus
893 2067 1061 2099 adnotavit
1082 2066 1139 2098 lib.
1157 2068 1182 2098 l.
1200 2066 1435 2099 Observation.
1448 2064 1490 2098 de
1506 2064 1681 2097 veteribus

212 2116 374 2150 ecclesiae
391 2118 521 2152 ritibus
540 2119 702 2153 observat.
719 2122 834 2153 XXIV.
845 2120 902 2152 ubi
919 2121 1096 2162 explanans
1111 2119 1210 2152 verba
1224 2118 1431 2151 Tertulliani:
1449 2119 1560 2151 Miror
1573 2119 1680 2151 consi-

210 2168 394 2202 lim-iorum
407 2174 747 2211 praevaricationem
760 2184 773 2211 ;
792 2172 869 2205 item
884 2181 922 2205 ea
936 2181 1020 2213 quae
1033 2172 1183 2213 leguntur
1196 2171 1230 2202 in
1245 2170 1389 2203 eiusdem
1412 2170 1496 2203 libro
1511 2171 1558 2202 De
1572 2179 1683 2202 mono·

209 2220 330 2260 garnia:
342 2222 461 2261 petere
475 2224 644 2255 maritum
656 2223 701 2255 ab
715 2226 868 2264 episcopo
881 2233 902 2256 a
920 2223 1040 2256 vidua.
1059 2236 1075 2252 «
1086 2223 1200 2264 Repeti
1214 2247 1225 2263 ,
1248 2222 1375 2263 inquit,
1397 2222 1431 2254 in
1446 2222 1579 2255 ecclesia
1602 2222 1682 2254 olim

213 2273 371 2304 statutum
386 2282 426 2304 ne
442 2274 615 2314 quisquam
627 2284 760 2308 uxorem
783 2275 935 2315 duceret,
952 2278 1008 2307 aut
1021 2275 1062 2308 de
1073 2274 1196 2316 nuptiis
1218 2274 1394 2315 cogitaret,
1414 2274 1494 2315 quin
1519 2274 1612 2315 prius
1633 2283 1683 2306 ec·

212 2324 364 2366 alesiam,
380 2324 414 2356 id
429 2326 479 2357 est
493 2327 700 2367 episcopum,
715 2327 915 2367 sacerdotes,
936 2327 1070 2367 viduas,
1092 2329 1300 2367 ceterumque
1321 2327 1444 2359 clerum
1468 2325 1682 2359 consuluisset

212 2376 323 2419 eisque
338 2378 540 2411 conditiones
561 2379 661 2412 futuri
685 2381 847 2422 coniugis,
861 2382 980 2413 statum
990 2405 999 2421 ,
1016 2380 1218 2421 religionem,
1234 2380 1372 2420 sectam,
1389 2379 1527 2420 patriam
1542 2378 1683 2419 denique

212 2431 246 2462 et
259 2430 396 2462 aetatem
415 2431 649 2472 exposuisset.»

308 2483 349 2514 Et
370 2483 467 2524 paulo
482 2485 570 2525 post:
590 2498 605 2512 «
620 2486 767 2527 Nuptias,
791 2494 895 2528 neque
909 2487 1030 2527 facere,
1046 2495 1152 2526 neque
1166 2486 1207 2518 de
1220 2486 1261 2518 iis
1274 2486 1426 2526 cuiquam
1445 2485 1619 2517 mulierum
1632 2485 1681 2517 sas

210 2536 280 2566 erat
291 2535 446 2576 cogitare,
462 2536 542 2577 quin
555 2537 644 2578 prius
658 2547 714 2578 per
727 2538 855 2572 easdem
867 2539 982 2571 viduas
993 2538 1228 2580 (diaconissas)
1237 2539 1424 2579 episcopum
1438 2537 1686 2571 consuluissent.

214 2589 324 2620 Petere
345 2588 444 2629 igitur
468 2590 621 2622 maritum
638 2599 658 2622 a
674 2591 789 2632 vidua,
805 2593 854 2624 est
866 2600 941 2624 cum
961 2591 1062 2624 vidua
1082 2591 1321 2623 communicare
1342 2591 1398 2631 (et
1419 2599 1475 2632 per
1501 2591 1584 2623 lianc
1607 2599 1683 2622 cum

213 2641 390 2682 episcopo)
413 2641 478 2683 cui,
499 2644 556 2675 aut
583 2651 648 2684 qua
673 2643 713 2676 de
735 2652 832 2676 causa
854 2644 1022 2685 quaepiam
1038 2644 1159 2676 nubere
1173 2643 1282 2676 vellet.
1297 2645 1335 2675 ln
1349 2643 1484 2676 eandem
1506 2643 1600 2684 plane
1614 2652 1683 2675 sen·

213 2694 346 2727 tentiam
366 2694 552 2736 accipienda
579 2698 671 2737 sunt,
695 2706 778 2737 quae
801 2696 913 2729 eodem
934 2697 1018 2730 libro
1040 2697 1206 2738 leguntur;
1228 2698 1262 2728 et
1283 2695 1339 2728 illi
1355 2695 1464 2737 plane
1483 2697 1532 2728 sic
1548 2695 1686 2728 dabunt

212 2755 338 2780 uxores
353 2749 388 2780 et
403 2750 495 2781 viros
516 2749 684 2791 quomodo
701 2749 892 2791 buce-eum
908 2749 986 2782 dare
1000 2751 1085 2782 enim
1106 2757 1224 2782 uxores
1239 2751 1272 2780 et
1286 2749 1392 2789 viros,
1408 2748 1491 2781 nihil
1505 2748 1595 2781 aliud
1615 2750 1680 2787 est,

212 2807 310 2839 quam
337 2799 478 2833 nubendi
503 2803 694 2842 potestatem
716 2803 954 2835 facere.»1nter
974 2812 1050 2844 opp.
1067 2801 1230 2834 sirmondi
1244 2801 1286 2833 ad
1301 2801 1422 2833 calcem
1443 2801 1516 2833 libri
1536 2802 1606 2834 ΧΗ.
1627 2802 1684 2832 Fa-

211 2851 307 2883 cundi
324 2853 544 2886 llermianens.
563 2863 633 2894 pag.
652 2858 700 2887 48.
719 2857 751 2886 et
770 2864 843 2895 opp.
866 2855 1080 2895 Albaspinaei.
1100 2854 1202 2887 Paris.
1223 2857 1309 2888 1623.
1329 2862 1398 2893 pag.
1417 2856 1484 2885 175.
