1980 3260
289 256 382 289 cn.
399 255 473 288 vll.
487 256 538 288 DE
552 255 677 288 uA'rR.
698 255 922 289 Ira-'mcum
943 255 1076 288 mom„
1096 255 1175 287 VEL
1195 255 1276 288 ΙΝΤ.
1294 255 1357 287 SE.
1381 255 1473 287 ΛΒΤ.
1493 254 1539 286 11.
1605 239 1693 285 325

324 334 459 399 Resp.
489 333 866 399 Interpellandum
890 351 990 382 esse
1013 333 1245 397 coniugem
1270 332 1494 380 infidelem
1519 348 1607 380 non
1631 349 1699 380 so—

227 410 319 458 lum
343 428 400 458 an
424 411 621 460 converti
644 410 771 467 velit,
800 410 879 458 sed
903 410 1037 458 etiam
1060 426 1192 466 casu,
1223 426 1311 475 quo
1335 408 1444 457 nolit
1472 408 1693 463 converti,

227 503 284 535 an
322 487 431 535 velit
470 503 572 534 cum
613 486 801 549 coniuge
842 485 963 533 fideli
1004 484 1262 534 cohabitare
1295 485 1393 532 sine
1430 483 1700 532 contumelia

224 562 449 611 Creatoris
480 562 602 609 iuxta
625 561 965 626 dispositionem
990 561 1235 610 Innocentii
1264 561 1341 608 111.
1371 578 1471 626 cap.
1509 560 1693 617 Quanto.

225 638 290 687 De
323 637 540 686 divortiis.

323 714 367 761 3.
397 713 551 760 Utrum
574 712 787 761 solemnis
822 714 974 762 uxoris
999 714 1200 780 expulsio
1224 731 1251 761 a
1280 714 1441 761 marito
1468 713 1606 770 facta,
1639 712 1701 759 vi-

223 787 385 836 delicet
405 787 554 836 dando
577 786 777 835 libellum
800 789 978 853 repudii
998 806 1147 837 coram
1165 789 1269 854 pagi
1287 788 1558 853 primoribus
1578 788 1701 835 iuxta

222 863 346 929 leges
379 863 527 928 regni,
566 863 709 929 possit
740 864 1110 928 interpellationis
1144 864 1291 912 locum
1326 874 1496 921 tenere,
1539 874 1583 911 et
1621 880 1701 928 pro

310 939 533 1005 reputari,
572 955 674 986 cum
708 939 956 987 certissime
989 950 1163 988 constet
1194 940 1252 987 de
1286 940 1417 987 istius
1452 939 1598 986 mariti
1628 956 1704 986 vo-

222 956 415 1072 liintate,
454 1014 580 1062 illum
615 1032 776 1080 nempe
810 1015 1054 1080 praefatam
1089 1015 1321 1063 mulierem
1345 1015 1466 1063 nullo
1490 1014 1623 1062 modo
1657 1015 1703 1061 in

224 1100 453 1156 posterum
486 1107 668 1138 uxorem
698 1089 815 1138 velle
848 1090 1045 1138 habere?
1067 1090 1135 1137 An
1170 1091 1343 1156 potius,
1383 1090 1506 1138 nulla
1529 1089 1701 1154 repudii

224 1165 381 1215 habita
413 1166 582 1214 ratione
599 1204 610 1223 ,
648 1166 695 1212 in
730 1166 787 1214 iis
810 1166 945 1214 etiam
969 1166 1319 1215 circumstantiis
1344 1166 1509 1232 duplex
1533 1166 1579 1212 in
1610 1166 1705 1213 iure

225 1243 502 1308 praescripta
542 1242 600 1290 ad
644 1241 918 1291 validitatem
962 1243 1236 1291 matrimonii
1278 1243 1530 1308 requiratur
1570 1242 1705 1290 inter-

227 1318 440 1385 pellatio?

323 1395 457 1461 Resp,
498 1395 763 1443 Faciendam
787 1412 888 1443 esse
912 1396 1313 1461 interpellationem
1328 1434 1338 1454 ‚
1368 1396 1501 1444 etiam
1525 1396 1570 1442 in
1596 1411 1704 1442 casu

227 1472 286 1521 de
318 1489 409 1538 quo
442 1472 610 1536 agitur,
651 1472 690 1520 si
726 1472 822 1520 fieri
858 1483 1026 1538 potest:
1052 1484 1129 1521 aut
1162 1472 1478 1521 recurrendum
1513 1489 1615 1520 esse
1649 1472 1704 1519 ad

228 1549 381 1598 sedem
415 1548 708 1615 apostolicam
741 1566 824 1614 pro
858 1549 1099 1598 obtinenda
1132 1549 1486 1615 dispensatione.

325 1627 369 1673 4.
410 1626 643 1683 Quomodo
677 1643 727 1674 se
760 1643 911 1690 gerere
945 1626 1106 1674 debeat
1139 1626 1453 1674 missionarius
1479 1642 1585 1689 erga
1613 1642 1706 1672 mu-

228 1702 383 1751 lierem
417 1702 670 1760 infidelem,
710 1703 881 1768 absque
915 1702 1007 1751 ulla
1042 1703 1247 1752 adulterii
1282 1721 1419 1751 causa
1443 1720 1469 1750 a
1495 1719 1577 1750 suo
1612 1719 1709 1749 ma-

229 1780 313 1828 rito
346 1779 481 1827 etiam
516 1779 688 1827 infideli
722 1780 1024 1845 repudiatam,
1062 1781 1140 1846 qui
1166 1780 1298 1828 aliam
1323 1780 1469 1836 duxit,
1499 1796 1600 1826 cum
1631 1779 1708 1826 illa

230 1855 429 1922 postulat
459 1855 705 1921 baptizari,
745 1867 788 1905 et
820 1867 888 1904 est
922 1857 1141 1922 suspicio,
1181 1874 1238 1904 an
1273 1856 1332 1904 sit
1365 1856 1514 1903 animo
1554 1865 1708 1921 parata

228 1932 287 1981 ad
323 1932 632 1982 revertendum
667 1933 724 1980 ad
759 1950 889 1981 suum
924 1933 1154 1990 maritum,
1194 1933 1232 1980 si
1268 1933 1377 1980 forte
1411 1942 1564 1998 postea
1588 1948 1709 1978 revo-

227 2019 320 2066 cet,
347 2018 392 2057 et
414 2009 513 2057 sine
552 2008 822 2057 contumelia
861 2008 1081 2056 Creatoris
1120 2007 1377 2056 cohabitare
1415 2006 1708 2055 consentiat?

229 2084 426 2134 Debetne
459 2084 582 2133 illam
606 2085 662 2133 de
685 2085 770 2133 hac
804 2102 851 2133 re
884 2085 1009 2151 prius
1045 2085 1339 2149 interrogare,
1375 2093 1507 2149 atque
1542 2083 1709 2130 interea

233 2161 507 2227 baptismum
531 2161 733 2219 differre,
762 2161 904 2210 donec
926 2161 1085 2209 melius
1110 2162 1169 2209 sit
1192 2161 1430 2226 disposita,
1451 2159 1584 2207 etiam
1607 2177 1708 2207 cum

234 2236 435 2302 periculo
469 2236 689 2284 moriendi
714 2236 887 2302 absque
908 2235 1206 2302 baptismate?
1229 2237 1346 2293 Quid
1371 2247 1517 2284 autem
1542 2237 1580 2284 si
1611 2253 1709 2284 con-

235 2313 425 2371 sentiat,
464 2312 545 2360 sed
579 2312 809 2361 dumtaxat
846 2331 947 2361 cum
983 2313 1067 2361 hac
1106 2313 1382 2371 conditione,
1425 2314 1605 2378 quando
1640 2314 1708 2359 ni-

238 2389 401 2438 mirum
435 2388 623 2454 expulsa
658 2389 789 2437 fuerit
821 2389 1101 2438 concubina?

333 2466 467 2530 Resp.
506 2465 629 2512 Nihil
653 2465 830 2515 obstare
853 2466 1090 2531 quominus
1115 2466 1310 2525 mulieri,
1339 2467 1395 2514 de
1418 2483 1508 2532 qua
1532 2466 1576 2511 in
1602 2482 1708 2512 casu

234 2541 366 2590 modo
400 2541 583 2590 aliunde
619 2542 678 2590 sit
712 2541 987 2590 sufficienter
1021 2542 1259 2601 instructa,
1296 2543 1520 2607 baptisma
1561 2541 1709 2588 confe—

234 2627 372 2666 ratur.

332 2696 377 2741 ὅ.
417 2693 527 2743 Cum
563 2694 831 2743 adulterium
859 2712 1041 2745 causam
1067 2696 1276 2762 praebeat
1309 2693 1571 2757 coniugibus
1606 2693 1708 2740 infi-

235 2769 443 2830 delibus,
482 2772 598 2821 sicut
632 2782 675 2821 et
708 2772 991 2831 christianis,
1029 2773 1269 2823 divortium
1303 2780 1564 2836 perpetuum
1595 2769 1709 2817 cele-

238 2845 396 2896 brandi
415 2888 425 2907 ‚
456 2849 516 2899 ita
539 2861 587 2898 ut
610 2850 722 2915 parti
758 2851 981 2901 innocenti
1017 2852 1195 2900 omnino
1228 2850 1286 2897 sit
1320 2849 1567 2911 integrum,
1607 2865 1704 2896 cum
