1980 3260
286 284 374 317 cAr.
394 285 455 317 m.
472 286 523 317 DE
542 284 655 316 CCCI..
671 283 832 316 POTEST.
849 283 951 315 msr.
967 282 1010 314 IN
1021 282 1108 313 mr.
1122 283 1246 314 MATR.
1260 283 1342 314 nm.
1359 282 1450 313 Am.
1466 281 1527 313 111.
1570 266 1662 311 ¹19

203 372 248 409 et
281 363 447 410 iustitia
481 362 525 408 in
560 379 665 409 casu
698 361 870 424 urgenti
904 370 946 407 et
978 359 1123 422 gravi,
1163 377 1263 407 cum
1299 376 1480 423 nempe,
1516 370 1565 406 ut
1598 359 1661 406 lo-

205 439 354 504 quitur
371 438 678 486 tridentinum:
706 457 727 483 «
741 438 909 500 Urgens
932 438 1127 500 iustaque
1144 436 1276 496 ratio,
1299 446 1342 482 et
1364 436 1504 482 maior
1526 453 1663 500 quan-

204 515 349 579 doque
381 514 548 562 utilitas
574 514 915 578 postulaverint,
943 530 1042 559 cum
1072 512 1294 577 aliquibus
1312 511 1664 576 dispensandum

205 606 304 637 esse
332 591 427 650 (68)
448 627 456 644 ,
479 609 500 633 »
539 589 584 635 id
614 588 790 652 quidem
827 597 996 651 spectat
1029 587 1085 634 ad
1125 586 1341 643 iudicem,
1381 587 1457 650 qui
1490 586 1666 633 libratis

206 663 311 711 hinc
345 663 448 710 inde
480 662 714 710 momentis
744 661 940 710 decernit
969 661 1014 708 in
1049 662 1125 709 illo
1150 661 1360 726 peculiari
1387 679 1494 708 casu
1520 661 1661 724 legem

207 739 298 786 fore
333 738 542 784 iniustam
584 738 671 784 nisi
706 738 981 802 dispensatio
1015 737 1294 784 concedatur.
1334 738 1464 784 Porro
1498 737 1582 784 hoc
1616 737 1661 783 in

205 831 312 862 casu
344 812 541 878 episcopi
575 812 740 876 singuli
770 812 939 859 iudices
974 821 1104 869 sunt,
1132 822 1282 876 utpote
1304 813 1381 876 qui
1406 829 1564 860 causas
1589 830 1663 859 ex-

206 889 397 945 cutiant,
436 906 492 935 an
528 889 571 934 in
607 888 673 935 eis
710 888 825 934 duae
858 888 1082 952 praefatae
1104 887 1379 954 conditiones
1404 900 1664 935 concurrant

206 963 433 1027 gravitatis
469 974 511 1011 et
548 963 770 1020 utilitatis,
809 981 921 1028 quas
954 963 1188 1010 concilium
1212 963 1409 1027 exposcit
1437 963 1481 1008 in
1510 980 1665 1011 conce-

207 1039 353 1085 denda
386 1039 669 1086 relaxatione.
699 1040 819 1086 Tunc
841 1056 944 1087 vero
969 1056 1056 1086 non
1082 1039 1223 1086 solum
1252 1049 1438 1103 possunt
1466 1039 1663 1103 episcopi

208 1113 413 1162 subditos
438 1130 542 1161 suos
567 1131 593 1160 a
615 1113 727 1177 legis
761 1113 938 1161 vinculo
972 1113 1165 1170 solvere,
1202 1114 1281 1161 sed
1306 1113 1437 1178 plane
1465 1124 1669 1161 tenentur

207 1190 301 1237 iure
337 1189 419 1237 hoc
454 1189 633 1254 proprio
666 1189 752 1245 uti,
777 1199 905 1254 prout
928 1189 973 1235 in
1007 1190 1196 1237 adducto
1231 1190 1404 1237 decreto
1440 1189 1665 1236 tridentini

207 1275 353 1330 patres
387 1265 611 1313 declarant
643 1265 868 1313 addendo:
905 1265 991 1311 «Id
1015 1282 1151 1312 causa
1185 1265 1382 1328 cognita,
1412 1282 1462 1312 ac
1493 1283 1666 1312 summa

208 1341 459 1388 maturitate
482 1351 614 1406 atque
636 1340 770 1404 gratis
799 1358 825 1387 a
855 1340 1208 1405 quibuscumque
1225 1379 1234 1397 ,
1264 1341 1320 1387 ad
1344 1357 1456 1405 quos
1492 1340 1668 1404 dispen-

207 1416 318 1464 satio
336 1417 571 1480 pertinebit
589 1455 598 1473 ,
619 1418 705 1463 erit
727 1416 1088 1480 dispensandum;
1110 1416 1323 1480 aliterque
1347 1416 1460 1463 sacta
1477 1416 1667 1480 ,dispen-

208 1491 321 1538 satio
345 1490 606 1554 subreptitia
629 1501 862 1539 censeatur
889 1493 1004 1553 (69).
1025 1511 1045 1535 »
1074 1491 1119 1536 Si
1151 1490 1284 1554 igitur
1306 1490 1667 1537 concurrentibus

207 1565 411 1613 adductis
436 1566 783 1630 conditionibus,
808 1584 922 1630 quae
943 1583 1091 1613 veram
1116 1566 1416 1630 exceptionem
1434 1565 1545 1628 legis
1569 1583 1669 1613 con-

209 1642 418 1698 stituunt,
446 1642 517 1690 ius
551 1642 714 1690 habent
748 1642 914 1690 subditi
938 1643 994 1688 ad
1028 1642 1402 1707 dispensationem
1421 1679 1431 1698 ,
1459 1642 1528 1689 ius
1547 1680 1557 1697 ,
1585 1642 1668 1688 im—

210 1709 386 1764 moiiero
409 1727 453 1764 et
478 1717 671 1764 officium
696 1717 861 1765 habent
884 1718 1082 1782 episcopi
1107 1717 1420 1783 dispensandi,
1443 1717 1561 1780 quod
1580 1717 1667 1764 nisi

213 1792 375 1840 faciant
392 1830 401 1848 ,
430 1810 528 1840 reos
551 1792 704 1841 violati
722 1794 907 1841 canonis
925 1794 1152 1841 tridentini
1177 1810 1225 1841 se
1254 1793 1520 1841 constituent
1547 1795 1662 1855 (70).

304 1867 482 1932 Optime
505 1868 685 1933 quidem
701 1907 711 1925 ,
741 1869 778 1916 si
809 1869 1027 1916 eiusmodi
1053 1870 1318 1934 principium
1350 1886 1436 1916 non
1461 1879 1579 1916 esset
1600 1886 1670 1915 ηο-

210 1961 310 1990 vum
335 1961 387 1991 ac
415 1954 566 2008 aperte
589 1945 750 2008 salsum
765 1982 776 1999 ,
806 1962 858 1992 ac
882 1945 920 1992 si
951 1945 1117 1993 directa
1140 1945 1280 1993 fronte
1304 1962 1390 1992 non
1414 1944 1672 1991 adversare-

210 2029 280 2066 tur
317 2019 461 2066 eidem
485 2019 673 2067 concilio
698 2020 936 2067 tridentino
977 2020 1105 2068 cuius
1135 2020 1391 2068 auctoritate
1422 2019 1577 2067 fulcire
1600 2038 1673 2085 sy—

210 2103 350 2140 stema
385 2112 513 2142 suum
549 2094 623 2142 hic
656 2106 809 2142 auctor
842 2095 1071 2142 adnititur.

305 2169 420 2216 Sane
450 2169 569 2233 quod
602 2187 763 2218 novum
800 2170 859 2218 sit
891 2170 1108 2217 eiusmodi
1134 2170 1400 2235 principium
1436 2170 1668 2235 multiplici

211 2243 377 2291 indicio
401 2244 763 2309 deprehenditur,
792 2245 853 2292 Ac
877 2246 921 2291 1.
951 2246 1069 2310 quod
1094 2245 1204 2292 illud
1229 2245 1405 2293 nonnisi
1430 2246 1514 2293 sub
1538 2246 1669 2293 finem

212 2336 299 2367 sec.
334 2320 486 2367 XVIII.
527 2321 722 2368 omnium
757 2321 926 2385 primus
959 2332 1110 2369 auctor
1150 2333 1298 2370 noster
1334 2322 1666 2385 excogitaverit,

212 2395 320 2459 quin
337 2395 476 2443 ullum
495 2396 614 2443 illius
631 2397 866 2460 vestigium
890 2407 1018 2445 antea
1042 2398 1304 2463 reperiatur;
1329 2399 1372 2445 2.
1402 2399 1518 2463 quod
1543 2415 1671 2445 nemo

212 2488 408 2536 unquam
432 2482 494 2519 tot
516 2472 821 2537 episcoporum
835 2510 845 2530 ,
865 2472 1028 2538 quibus
1052 2474 1174 2522 cordi
1198 2491 1300 2521 esse
1322 2473 1473 2521 debuit
1495 2474 1675 2538 propria

214 2544 311 2593 iura
341 2546 570 2594 vindicare
594 2546 705 2593 illud
740 2548 991 2610 agnoverit,
1020 2559 1095 2596 aut
1130 2549 1175 2596 in
1211 2548 1381 2612 praxim
1414 2548 1671 2604 deduxerit;

302 2715 367 2810 (θεὲ
388 2717 471 2749 Sess.
489 2719 588 2751 XXV.
606 2719 655 2750 Dc
670 2717 812 2758 reform.
830 2727 899 2761 cap.
915 2721 1031 2753 xvln.

301 2769 354 2809 (69
390 2769 472 2801 lbid.

302 2821 368 2862 (70)
389 2822 442 2854 Sic
456 2823 542 2855 Litta
556 2824 590 2856 in
606 2832 659 2865 op.
678 2824 742 2857 Del
757 2824 878 2858 diruto
897 2825 935 2858 dt
956 2826 1097 2859 stabilit·
1115 2825 1347 2868 impedimenti
1362 2825 1539 2858 dirimente
1554 2825 1581 2858 il
1602 2833 1671 2858 ma-

215 2874 375 2906 trimonio
399 2882 418 2906 e
437 2873 644 2917 dispensare.
669 2876 769 2909 Pavia
796 2879 884 2910 1783.
900 2877 952 2910 ed.
969 2879 1054 2911 211.
1073 2887 1105 2910 n.
1125 2883 1154 2910 8.
