1980 3260
876 270 1056 301 mnu.
1609 258 1694 301 495

345 383 464 431 CAP.
495 385 551 431 Il.
574 414 637 421 —
653 402 705 435 ΒΕ
729 402 854 436 mvm
878 403 1106 437 rornsrirn
1131 403 1353 436 rnmcirun
1378 403 1575 437 nnumin

586 466 704 499 cmm
729 467 1019 501 uirnmomun
1045 468 1338 501 cumsrunuu.

229 568 331 617 Am.
363 570 397 616 Ῑ.
462 571 689 638 Principes
720 572 953 621 christiani
978 573 1230 622 nullatenus
1254 572 1419 621 habent
1435 573 1570 636 origi-

525 648 695 695 nariam
720 659 854 713 atque
877 649 1146 698 exclusivam
1179 660 1439 715 potestatem
1464 666 1570 697 con-

524 724 736 771 stituendi
763 724 1077 789 impedimenta
1105 725 1433 772 matrimonium
1457 724 1571 771 chri-

525 799 719 846 stianum
745 800 1001 848 dirimentia
1008 838 1534 848 .........................
1544 819 1567 844 »
1607 800 1695 845 35Ἶ

164 911 169 915 .
227 872 329 921 Aur.
361 872 415 919 11.
457 874 687 939 Principes
724 875 958 923 christiani
983 893 1070 924 non
1094 875 1226 924 modo
1249 885 1399 923 carent
1427 873 1571 922 exclu-

522 950 618 997 siva
662 961 877 1017 potestate
916 951 1211 999 constituendi
1256 950 1572 1015 impedimenta

519 1026 851 1074 matrimonium
875 1026 1167 1075 christianum
1185 1026 1463 1083 dirimentia,
1490 1025 1569 1073 sed

521 1119 665 1167 neque
683 1112 944 1166 potestatem
963 1102 1129 1150 habent
1144 1120 1244 1150 cum
1260 1102 1449 1151 ecclesia
1459 1119 1573 1149 com-

520 1194 699 1238 munem
723 1215 1531 1225 ......................................
1541 1195 1564 1222 υ
1604 1177 1693 1223 3Ἶ8

226 1252 328 1300 Aur.
359 1251 437 1299 111.
460 1252 687 1318 Principes
716 1252 947 1301 christiani
966 1253 1220 1302 nullatenus
1238 1253 1434 1301 relaxare
1458 1251 1569 1300 fide-

522 1328 645 1376 'deles
692 1328 894 1377 subditos
930 1339 1120 1394 possunt
1152 1328 1208 1376 ab
1243 1327 1572 1393 impedimentis

523 1404 823 1452 christianum·
843 1404 1174 1452 matrimonium
1203 1403 1563 1452 dirimentibus.»
1605 1404 1694 1450 396

227 1479 331 1527 Aur.
360 1479 429 1526 lv.
458 1479 630 1529 Causae
657 1481 1011 1542 matrimoniales
1029 1498 1144 1546 quae
1173 1480 1399 1540 vinculum
1430 1479 1572 1544 respi-

520 1556 644 1604 ciunt
660 1556 928 1604 matrimonii
947 1556 1181 1604 christiani
1201 1573 1431 1622 perperam
1451 1555 1569 1603 civili

521 1632 865 1680 christianorum
897 1632 1149 1697 principum
1184 1631 1277 1679 foro
1311 1631 1572 1679 adiudican-

525 1718 594 1755 tur
616 1744 1534 1755 ...........................................
1545 1725 1566 1751 n
1607 1706 1696 1752 427

316 1841 437 1888 CAP.
468 1841 546 1887 111.
565 1870 629 1877 -—
645 1857 698 1889 ni:
721 1857 846 1890 cmm
871 1857 1100 1890 rornsrirss
1125 1856 1347 1889 rnmmrun
1371 1854 1613 1888 munaum!

413 1896 419 1901 ⁸
678 1921 833 1954 arms
858 1922 911 1954 An
935 1921 1244 1955 nummorum.

228 2012 331 2060 Aur.
362 2012 396 2058 1.
460 2011 687 2076 Principes
722 2011 925 2059 infideles
960 2011 1031 2058 ius
1058 2028 1145 2058 non
1169 2010 1335 2058 habent
1358 2008 1571 2057 constitu-

523 2086 627 2134 endi
678 2086 996 2151 impedimenta
1040 2086 1367 2133 matrimonium
1412 2082 1571 2130 infide-

526 2161 633 2208 lium
653 2162 906 2209 dirimentia
923 2162 1108 2227 suisque
1126 2161 1301 2225 legibus
1320 2159 1570 2208 nullatenus

522 2237 748 2285 vinculum
784 2238 1000 2302 attingere
1028 2248 1216 2303 possunt
1222 2273 1532 2284 ...............
1543 2254 1566 2279 »
1606 2234 1693 2280 439

227 2314 330 2363 Aur.
361 2313 416 2360 11.
457 2313 699 2362 Corollaria
722 2314 1003 2362 deducuntur
1019 2331 1072 2362 ex
1090 2323 1254 2361 statuta
1272 2311 1472 2360 doctrina
1495 2327 1573 2375 per

518 2408 652 2456 quam
677 2391 754 2438 lux
778 2390 1025 2438 affunditur
1051 2390 1128 2439 toti
1156 2388 1480 2438 controversiae
1514 2386 1570 2433 de

518 2467 822 2516 ecclesiastica
856 2478 899 2515 et
933 2467 1053 2515 civili
1096 2476 1312 2532 potestate
1344 2463 1478 2511 relate
1511 2460 1567 2508 ad

524 2542 851 2592 matrimonium
885 2542 1179 2591 christianum
1201 2575 1529 2588 ................
1542 2556 1563 2581 »
1605 2537 1692 2581 470

863 2707 1062 2739 -oefloc—
