1980 3260
354 247 441 294 459
606 262 687 294 Lm.
717 263 764 294 ιι.
791 263 905 294 secr.
934 262 1107 294 ALTERA.
1137 262 1189 293 nr.
1222 261 1388 307 νοτες).
1417 257 1561 293 clviu.

350 357 515 405 cosque
547 341 720 404 ineptos
755 340 811 387 ad
845 339 1089 403 legitimum
1124 356 1391 387 consensum
1433 337 1737 403 praebendum
1758 336 1826 388 et-

351 418 495 464 ficere.
525 417 753 464 Praeterea
788 426 983 481 potestas
1018 414 1234 463 ecclesiae
1268 433 1318 463 se
1351 432 1401 462 se
1434 414 1491 462 ad
1534 413 1679 463 forum
1720 432 1826 464 con-

349 492 562 540 scientiae
586 492 833 557 protendit,
864 489 1185 556 interioresque
1206 490 1448 539 voluntatis
1472 500 1599 538 actus
1615 528 1625 548 ‚
1655 507 1825 556 eosque

350 569 516 616 nullius
559 569 729 616 roboris
773 568 958 615 reddere
1000 567 1057 615 ad
1097 577 1424 616 sacramentum
1466 566 1793 615 conficiendum
1813 604 1825 624 ,

351 645 469 709 quod
516 644 659 693 civil-is
700 645 909 710 princeps
954 654 1181 709 praestare
1223 637 1404 709 nequit3
1448 643 1665 709 principis
1709 643 1827 692 enim

349 721 589 769 auctoritas
626 721 805 786 politica
838 731 931 779 est,
970 721 1185 769 ecclesiae
1217 737 1322 769 vero
1357 717 1536 778 divina,
1562 736 1620 768 aov
1637 719 1720 769 Dei
1748 736 1829 769 no-

351 796 470 844 mine
490 814 542 844 ac
565 796 791 845 voluntate
815 797 1047 862 praecipit.
1076 795 1250 844 Exinde
1273 806 1393 860 patet
1417 790 1690 861 disparitas,
1714 813 1831 862 quae

353 871 469 919 inter
501 884 736 937 utramque
769 882 1030 937 potestatem
1065 870 1362 936 interponitur
1382 873 1499 934 (20).
1531 870 1660 928 Quod
1685 871 1725 920 si
1750 889 1830 938 po-

351 959 488 996 testas
518 943 770 1013 principum
803 949 953 1014 aliquo
987 965 1091 997 vero
1128 965 1265 995 sensu
1298 942 1432 995 etiam
1466 965 1519 995 ex
1545 948 1639 997 Deo
1666 959 1760 1007 est,
1785 959 1832 998 et

351 1025 390 1072 si
415 1025 538 1072 iuxta
554 1024 814 1090 Apostolum
839 1021 1069 1091 principes
1079 1021 1167 1071 Deiv
1182 1025 1348 1071 nomine
1372 1019 1618 1088 imperant,
1637 1034 1687 1072 ut
1707 1041 1759 1072 ex
1780 1041 1831 1073 se

351 1111 496 1166 patet,
527 1112 616 1149 tota
640 1101 726 1149 hac
749 1111 965 1167 potestate
984 1096 1072 1165 ipsi
1092 1101 1296 1147 fruuntur>
1313 1099 1359 1146 in
1377 1095 1532 1148 ordine
1553 1117 1652 1158 suo,
1672 1117 1834 1167 nempe

353 1178 400 1224 in
435 1177 591 1225 ordine
623 1177 680 1224 ad
714 1177 880 1225 bonum
916 1176 1176 1241 politicum,
1203 1187 1246 1223 et
1275 1186 1533 1234 externum,
1568 1193 1649 1224 seu
1681 1175 1826 1226 civile.

451 1252 654 1317 Idipsum
689 1270 742 1299 ex
775 1269 827 1299 eo
859 1262 980 1317 patet
1008 1289 1018 1308 ,
1058 1251 1177 1315 quod
1210 1250 1332 1315 leges
1367 1249 1522 1299 civiles
1564 1249 1710 1300 iustae
1748 1251 1833 1301 etsi

353 1327 559 1375 subditos
596 1327 793 1390 obligent
826 1327 871 1373 in
906 1325 1205 1383 conscientia,
1244 1343 1332 1374 non
1368 1325 1473 1374 inde
1506 1325 1708 1393 sequitur
1741 1325 1834 1376 illis

354 1403 530 1467 legibus
565 1421 641 1451 eos
675 1403 926 1466 obstringi,
966 1420 1154 1468 quarum
1200 1402 1422 1450 obiectum
1457 1414 1580 1451 extra
1612 1403 1834 1469 principis

352 1497 433 1527 seu
467 1479 734 1542 legislatoris
769 1479 940 1543 politici
976 1479 1190 1527 ditionem
1225 1489 1324 1536 est,
1363 1479 1647 1537 cuiusmodi,
1682 1490 1733 1528 ut
1764 1480 1834 1529 vi-

352 1556 533 1612 dimus,
570 1554 799 1603 vinculum
834 1565 902 1603 est
936 1554 1184 1618 coniugale.
1215 1554 1300 1611 Qui
1334 1555 1521 1620 proinde
1555 1555 1621 1603 sic
1656 1555 1834 1604 ratioci-

353 1643 548 1679 naretur.
593 1631 767 1679 Subditi
811 1632 944 1679 etiam
990 1631 1196 1679 infideles
1244 1642 1448 1679 tenentur
1480 1632 1527 1678 in
1561 1631 1835 1681 conscientia

354 1707 528 1771 legibus
562 1705 749 1773 obsequi
785 1705 1003 1772 principis
1034 1706 1253 1764 infidelis,
1286 1724 1418 1772 porro
1447 1707 1562 1755 inter
1594 1706 1680 1756 has
1711 1707 1835 1773 leges

353 1795 394 1831 et
429 1784 533 1832 illae
569 1795 997 1841 commemorantur,
1037 1801 1153 1849 quae
1187 1783 1468 1848 illegitimum
1502 1783 1702 1832 efficiunt
1733 1801 1835 1833 con,-

354 1862 550 1925 iugium3
590 1879 694 1924 ergo
729 1861 915 1909 istorum
961 1861 1216 1925 coniugium
1260 1859 1433 1909 nullum
1469 1878 1522 1908 ac
1556 1860 1834 1926 illegitimum

353 1939 508 1986 evadet
541 1940 673 1986 etiam
710 1939 756 1985 in
791 1938 1089 1986 conscientiae
1124 1938 1251 1996 foro;
1298 1955 1532 2004 perperam
1567 1937 1628 1986 ita
1661 1937 1837 1986 conclu-

353 2013 491 2061 deret.
531 2015 640 2061 Nam
687 2014 762 2061 ille
797 2013 875 2080 qui
910 2012 971 2061 ita
1011 2012 1251 2062 dissereret
1286 2013 1563 2079 sophismate
1597 2023 1794 2061 uteretur
1819 2051 1830 2072 ,

354 2089 663 2153 permiscendo
696 2090 818 2154 leges
852 2091 993 2138 iustas
1016 2128 1026 2147 ,
1067 2107 1183 2155 quae
1216 2089 1530 2153 obligationem
1576 2089 1755 2155 pariunt
1788 2090 1835 2137 in

354 2164 626 2213 conscientia
659 2185 759 2214 cum
793 2166 911 2230 lege,
949 2183 1064 2232 quae
1100 2164 1138 2213 si
1171 2165 1397 2213 vinculum
1434 2164 1584 2231 ipsum
1618 2165 1835 2231 attingere

354 2253 566 2294 tentaret,
604 2260 655 2290 eo
691 2244 788 2308 ipso
822 2253 941 2292 esset
973 2244 1162 2298 iniusta,
1203 2260 1318 2308 quae
1352 2241 1469 2290 ultra
1504 2243 1737 2308 potestatis
1771 2243 1836 2292 ci-

352 2318 456 2366 vilis
491 2318 705 2366 ambitum
742 2332 1004 2368 excurreret.
1051 2318 1217 2367 Habita
1249 2337 1353 2384 ergo
1389 2319 1558 2369 ratione
1599 2320 1835 2385 potestatis

355 2393 571 2460 principis
621 2396 667 2441 in
713 2413 794 2452 se,
843 2397 1131 2462 inspectaque
1180 2406 1339 2443 natura
1383 2413 1436 2444 ac
1477 2393 1628 2444 indole
1671 2397 1834 2444 veteris

354 2468 666 2534 legislationis,
695 2481 868 2518 constat
890 2469 1010 2536 quod
1035 2472 1370 2537 proposuimus,
1392 2470 1515 2519 haud
1539 2471 1688 2520 inesse
1710 2471 1835 2537 prin-

354 2547 531 2612 cipibus
578 2545 833 2594 infidelibus
883 2546 953 2594 ius
1002 2547 1098 2595 sive
1142 2546 1388 2611 generatim
1431 2546 1659 2596 vinculum
1700 2547 1835 2595 attin-

355 2623 485 2686 gendi
507 2661 517 2679 ,
556 2622 649 2670 sive
683 2622 943 2670 nominatim
984 2624 1283 2671 constituendi
1330 2622 1649 2689 impedimenta
1681 2624 1828 2673 matri-

356 2699 554 2746 monium
590 2699 844 2751 dirimentia
876 2698 1124 2746 infidelium
1155 2700 1436 2748 subditorum
1461 2700 1579 2763 (21).

454 2787 520 2827 (20)
543 2787 593 2819 cf.
609 2787 705 2819 Biner
719 2787 780 2819 loc.
798 2785 854 2819 cit.

452 2838 516 2879 (21)
538 2841 604 2871 Nec
631 2839 724 2872 obest
747 2838 834 2879 quod
859 2837 1008 2870 nonnulli
1032 2841 1193 2879 reponunt
1214 2839 1396 2880 principum
1416 2838 1502 2880 leges
1525 2839 1632 2872 solum
1650 2839 1832 2882 prohiben-

356 2891 405 2922 tes
419 2890 487 2922 fore
506 2890 686 2924 inefficaces
701 2915 712 2931 ‚
739 2889 800 2923 nisi
828 2889 1022 2932 impedirent
1045 2890 1151 2931 ipsum
1178 2890 1363 2933 vinculum
1391 2899 1466 2923 nam
1492 2892 1718 2934 praeterquam
1743 2893 1832 2935 quod
