1980 3260
342 255 399 299 2⁶
650 262 727 294 tin.
759 261 803 291 ιι.
832 260 944 292 sacr.
972 260 1000 289 1.
1030 258 1081 288 nn
1105 256 1268 288 pornsr.
1298 255 1461 290 acutus.

342 363 454 410 quae
487 343 612 391 unice
635 358 660 387 a
684 339 903 403 spirituali
939 347 1177 403 potestate,
1215 335 1461 381 cuiusmodi
1495 342 1562 382 est
1597 345 1796 401 potestas

342 420 572 474 ecclesiae,
606 426 748 481 potest
773 415 942 477 attingi.
968 414 1243 477 Quapropter
1261 411 1535 467 invenimus,
1558 414 1683 475 quod:
1698 416 1796 463 3012

341 494 526 543 ecclesia
548 493 604 540 do
627 491 820 554 coniugii
844 489 1020 537 vinculo
1047 488 1287 535 decreverit
1310 504 1362 533 ac
1385 486 1662 534 iudicaverit
1681 489 1798 552 Ipsa.

341 571 456 617 enim
480 568 750 617 conditiones
775 564 980 630 apposuit
1003 563 1164 627 quibus
1190 563 1364 608 firmum
1389 562 1498 608 illud
1517 574 1804 626 permaneret>

343 654 475 710 atque
509 643 789 696 consisteret3
822 639 937 703 ipsa,
976 656 1076 685 cum
1115 648 1264 684 exorta
1303 638 1506 701 quaestio
1544 648 1612 685 est
1649 642 1801 685 utnmit

344 719 602 767 subsisteret
624 733 704 763 nec
727 732 782 762 ne
796 753 806 771 ,
834 732 924 762 rem
948 713 1156 777 expendit
1178 730 1230 759 ac
1253 713 1514 759 sententiam
1534 713 1653 769 tulit,
1677 714 1802 777 ipsa,-

343 811 477 842 causa
498 809 708 856 expensa,
730 791 823 838 sive
840 790 956 837 circa
972 788 1289 852 legitimitatem
1313 789 1681 846 contrahentium,
1704 790 1800 838 sive

343 871 460 917 circa
493 885 758 916 consensum
790 867 941 914 eiusve
970 866 1185 913 defectum
1202 903 1211 921 ,
1241 865 1335 911 sive
1356 865 1475 911 circa
1497 865 1806 913 conditionum.-

343 945 539 994 omnium
563 951 841 999 concursum,
866 959 979 1006 quae
997 941 1052 987 ad
1071 940 1264 1003 coniugii
1288 940 1479 987 valorem
1496 941 1794 1004 requiruntur,

344 1020 556 1069 iudicavit
590 1020 645 1066 de
667 1019 772 1083 'ipso
812 1017 1044 1080 coniugio;
1079 1017 1166 1063 imo
1203 1016 1429 1063 constituit
1458 1016 1503 1061 in
1527 1017 1626 1063 suis
1660 1017 1803 1064 eccle·-

345 1095 538 1143 siasticis
563 1093 857 1142 tribunalibus
881 1110 982 1139 eum
999 1130 1008 1148 ,
1042 1092 1118 1156 qui
1142 1091 1244 1138 data
1267 1107 1402 1155 opera
1422 1091 1587 1137 vinculi
1609 1092 1801 1156 patroci-

345 1171 468 1219 nium
507 1170 776 1235 susciperet,
811 1186 910 1215 cum
945 1185 1105 1215 causae
1138 1168 1433 1229 agitarentur,
1462 1170 1542 1213 nec
1563 1166 1700 1213 ullam
1719 1185 1803 1213 un-

341 1263 479 1311 quam
505 1246 716 1293 rationem
739 1245 897 1292 habuit
925 1244 1044 1290 illius
1068 1243 1335 1299 sententiae,
1363 1260 1478 1307 quae
1500 1242 1546 1288 in
1570 1242 1804 1305 laico'foro

344 1323 635 1386 pronunciata
656 1321 837 1377 fuisset,
860 1320 994 1384 'quasi
1019 1319 1315 1382 conscientiae
1339 1319 1627 1366 satisfaceret.
1655 1355 1657 1358 f
1698 1340 1701 1344 ’

438 1398 503 1444 Ex
526 1415 614 1461 qua
637 1407 859 1460 postrema
882 1395 1261 1443 animadversione
1284 1396 1411 1442 tertio
1429 1395 1688 1451 adiicimus,
1709 1396 1806 1442 vin-

345 1472 491 1520 culum
527 1472 643 1536 quod
670 1490 722 1518 ex
746 1489 964 1519 consensu
995 1482 1038 1518 et
1068 1482 1342 1518 sacramento
1375 1471 1537 1527 oritur,
1574 1489 1674 1519 esse
1709 1489 1800 1519 rem

344 1548 559 1595 internam
592 1554 723 1612 atque
756 1547 1074 1603 conscientiae,
1110 1547 1237 1594 cuius
1275 1557 1503 1612 propterea
1531 1548 1662 1594 iudex
1686 1548 1804 1595 alius

346 1639 447 1670 esse
470 1623 622 1687 nequit
638 1632 811 1687 praeter
826 1640 927 1670 eum
945 1622 1023 1687 qui
1043 1622 1336 1670 conscientias
1353 1622 1620 1685 moderatur,
1643 1640 1804 1687 nempe

344 1708 539 1762 potestas
569 1697 838 1761 spiritualis,
877 1697 1126 1747 cuiusmodi
1161 1697 1347 1746 ecclesia
1369 1704 1450 1744 est.
1475 1699 1578 1761 Ipsa
1602 1697 1804 1762 solapor·

345 1783 429 1821 test
456 1774 501 1820 in
525 1774 818 1821 conscientiae
842 1774 935 1821 soro
958 1774 1014 1820 de
1038 1791 1084 1820 re
1106 1773 1261 1820 morali
1297 1773 1509 1820 iudicium
1545 1774 1774 1821 instituere
1789 1813 1799 1831 ,

345 1867 398 1897 co
418 1850 494 1902 velv
510 1850 651 1913 magis
675 1850 794 1914 quod
818 1849 1037 1900 interdum
1061 1867 1113 1896 ea
1135 1843 1410 1896 celebrentur
1432 1851 1661 1913 coniugia,
1688 1868 1806 1915 quae

348 1927 623 1971 conscientiae
662 1937 973 1991 nuncupantur
988 1964 997 1982 ,
1035 1943 1221 1990 quorum
1258 1925 1445 1973 ecclesia
1488 1926 1582 1973 sola
1627 1927 1806 1974 conscia

346 2011 440 2057 est,
468 2018 609 2065 neque
632 2001 688 2047 ad
712 2001 852 2049 forum
869 2012 1095 2049 externum
1114 2020 1166 2049 ac
1184 2002 1412 2066 politicum
1430 2002 1526 2050 vullo
1549 2002 1680 2051 modo
1705 2020 1806 2067 per-

345 2076 528 2123 veniunt
542 2078 585 2138 (3
594 2077 656 2138 4).
672 2077 859 2124 Possunt
875 2088 1101 2142 praeterea
1119 2078 1386 2125 intervenire
1409 2095 1573 2125 causae
1596 2078 1801 2144 latentes,

348 2169 462 2216 quae
485 2169 538 2199 ex
560 2151 729 2200 occulto
752 2152 1063 2217 impedimento
1088 2153 1315 2210 oriuntur,
1344 2171 1548 2218 quaeque
1578 2142 1802 2211 efficiunt,

348 2238 395 2274 ut
419 2228 644 2275 vinculum
680 2241 766 2275 non
799 2229 1036 2287 subsistat,
1074 2247 1162 2295 quo
1186 2230 1230 2276 in
1254 2246 1383 2286 casu,
1421 2231 1560 2294 putati
1594 2230 1806 2294 coniuges

349 2304 545 2368 separari
570 2303 626 2350 ab
655 2304 842 2351 invicem
867 2305 1040 2352 debent.
1064 2305 1224 2353 Contra
1249 2323 1352 2354 vero
1377 2306 1472 2353 fieri
1496 2315 1662 2370 potest,
1689 2316 1738 2353 ut
1760 2307 1805 2354 in

438 2492 503 2533 (34)
525 2492 693 2532 Egregium
708 2501 789 2533 opus
803 2493 864 2524 hoc
878 2493 919 2525 de
933 2495 1119 2535 argumento
1139 2495 1268 2536 scripsit
1284 2497 1397 2527 Franc.
1409 2493 1527 2526 Mazzei
1544 2493 1597 2526 cui
1610 2493 1660 2526 tit.
1675 2496 1725 2526 De
1738 2503 1809 2528 ma·

347 2545 507 2581 trimonio
531 2545 757 2576 conscientiae
780 2543 867 2576 liber
886 2545 1094 2586 singularis,
1110 2546 1175 2578 vol.
1193 2556 1247 2578 un.
1264 2547 1344 2579 in-4.
1359 2547 1481 2578 Romae
1497 2548 1585 2578 1766.
1599 2545 1748 2586 illudque
1756 2546 1808 2581 ita

347 2595 459 2628 definit
472 2605 543 2638 cap.
553 2597 579 2628 1.
593 2595 624 2637 §.
634 2601 664 2629 2.
681 2597 943 2631 «Matrimonium
958 2596 1045 2638 quod
1060 2599 1259 2633 contrahitur
1275 2607 1383 2631 coram
1397 2598 1557 2639 parocho,
1572 2600 1629 2631 aut
1646 2599 1748 2633 altero
1760 2608 1810 2632 aa·

347 2648 476 2682 eei-dote
490 2649 531 2682 ab
546 2658 584 2682 eo
597 2649 651 2682 cui
665 2649 748 2683 facta
771 2650 814 2682 sit
836 2651 976 2691 potestas
999 2650 1175 2692 destinato,
1195 2652 1385 2692 duobusque
1406 2651 1560 2692 testibus,
1575 2660 1613 2684 ea
1623 2652 1695 2692 lege
1707 2653 1745 2685 ut
1755 2661 1808 2684 oc-

348 2702 472 2735 cultum
493 2711 618 2744 semper
634 2702 694 2743 sit,
708 2703 813 2744 'atque
827 2702 900 2735 ideo
913 2704 1114 2736 contrahitur
1128 2705 1256 2738 omissis
1267 2728 1278 2746 ,
1302 2704 1493 2737 auctoritate
1506 2705 1617 2737 tamen
1635 2705 1811 2746 superioris

347 2755 613 2796 ecclesiastici,iis
621 2763 705 2796 quae
717 2755 904 2797 praecedere
918 2755 1046 2796 debent,
1061 2756 1376 2797 proclamationibus,
1385 2758 1456 2789 tum
1465 2756 1522 2788 iila
1541 2781 1552 2797 ‚
1562 2765 1647 2797 quae
1657 2757 1811 2799 subsequi

347 2807 443 2840 debet
459 2807 672 2848 descriptione
685 2807 718 2841 in
732 2807 896 2841 ordinario
914 2809 1195 2843 matrimoniorum
1209 2810 1326 2842 libro.»
1339 2810 1443 2847 Quam
1455 2808 1673 2843 definitionem
1683 2819 1740 2843 seu
1755 2818 1810 2851 po·

343 2859 409 2891 tius
429 2860 591 2892 notionem
611 2863 737 2893 enarrat
751 2869 789 2893 ac
803 2860 946 2894 vindicat
961 2870 1035 2894 cum
1050 2862 1118 2895 suis
1132 2861 1338 2895 consectariis
1350 2862 1384 2894 in
1402 2863 1503 2895 totius
1514 2864 1621 2904 operis
1634 2862 1783 2896 decursu.
