1980 3260
235 264 327 295 cn.
340 264 385 295 n.
401 264 451 295 ns
470 262 583 295 sect.
603 263 765 296 rorssr.
783 262 925 295 cossr.
941 263 1028 295 nir.
1047 263 1170 294 uns.
1190 264 1272 295 ma.
1291 263 1383 295 Aur.
1401 264 1446 295 11.
1529 251 1582 295 51

129 340 351 389 exclusive
379 341 591 406 pertinet;
622 358 725 404 ergo
752 342 850 406 ipsa
878 339 972 388 sola
990 350 1134 405 potest
1154 358 1230 388 eas
1248 358 1411 405 ponere
1442 342 1589 390 condi-

132 417 272 465 tiones
312 417 517 481 coniugio
555 416 818 472 christiano,
847 433 926 463 seu
960 433 1096 481 penes
1136 416 1281 480 ipsam
1307 428 1374 465 est
1404 417 1590 482 impedi-

132 504 279 541 menta
309 493 562 541 dirimentia
589 493 869 541 constituere.

231 571 275 615 2.
314 570 449 616 Nemo
474 569 698 631 negaverit
715 568 948 615 ecclesiam
972 568 1042 615 ius
1067 585 1118 615 ac
1141 578 1400 632 potestatem
1428 568 1592 616 habere

135 646 180 692 in
210 662 280 693 res
312 643 590 708 spirituales;
629 643 708 690 sed
740 643 853 690 inter
879 661 954 690 eas
989 644 1275 708 praecipuum
1307 644 1451 692 locum
1483 645 1591 693 obti-

134 730 240 768 nent
265 727 570 773 sacramenta;
605 734 704 765 cum
740 718 875 780 igitur
906 719 1231 766 matrimonium
1269 731 1589 768 sacramentum

135 796 226 851 sit,
262 793 347 842 hoc
385 793 482 858 ipso
516 793 561 838 in
595 792 704 839 illud
744 803 957 857 potestate
991 794 1125 858 pollet
1157 795 1359 843 ecclesia.
1399 798 1449 842 In
1490 797 1587 844 eius

135 869 319 935 proinde
341 878 555 933 potestate
578 878 681 916 sunt
703 868 979 916 conditiones
1003 870 1294 933 apponendae
1317 872 1372 917 ad
1396 872 1589 919 validam

135 945 396 993 sacramenti
428 944 696 991 matrimonii
731 943 1009 992 collationem
1044 962 1095 992 ac
1127 946 1474 1009 susceptionem;
1513 965 1592 995 seu

137 1021 182 1068 in
209 1020 420 1069 ecclesiae
452 1030 665 1085 potestate
697 1030 765 1067 est
796 1021 1063 1069 constituere
1096 1022 1411 1087 impedimenta
1432 1061 1442 1079 ‚
1479 1041 1594 1088 quae

136 1096 307 1145 nullum
336 1096 523 1144 reddant
544 1105 813 1144 contractum
840 1096 896 1143 ad
920 1097 1176 1160 dignitatem
1211 1099 1473 1146 sacramenti
1496 1116 1595 1147 eve-

136 1183 280 1229 ctum,
308 1189 388 1220 seu
411 1172 559 1236 potius
594 1181 914 1219 sacramentum
948 1173 1285 1220 constituentem
1308 1192 1317 1229 ;
1346 1183 1422 1220 aut
1450 1173 1596 1221 decla—

138 1266 234 1296 rare
265 1259 308 1296 et
334 1248 508 1296 efficere
533 1258 583 1295 ut
606 1264 821 1312 personae
847 1247 1030 1296 idoneae
1055 1249 1145 1296 sint
1167 1260 1442 1298 sacramento
1466 1250 1597 1297 confi-

139 1325 296 1373 ciendo
329 1335 405 1372 aut
437 1342 525 1373 non
559 1324 757 1372 idoneae.

234 1403 290 1448 3:
319 1401 544 1466 Quotquot
576 1401 792 1449 catholico
821 1403 998 1449 nomine
1024 1420 1076 1450 ac
1109 1402 1383 1467 professione
1412 1420 1598 1450 censen—

140 1488 234 1534 tur,
271 1477 396 1524 fateri
422 1476 583 1524 debent
609 1477 839 1525 ecclesiam
863 1495 890 1524 a
912 1477 1088 1525 Christo
1112 1487 1326 1542 potestate
1352 1478 1596 1541 praeditam

138 1571 237 1603 esse
259 1554 476 1602 condendi
500 1553 620 1617 leges
645 1554 702 1602 ad
727 1554 956 1620 spirituale
981 1554 1171 1602 filiorum
1196 1572 1377 1602 suorum
1406 1554 1593 1610 bonum,

139 1647 379 1696 eorumque
411 1631 606 1679 actiones
641 1631 702 1678 ita
733 1631 981 1695 dirigendi,
1019 1642 1068 1679 ut
1101 1632 1139 1679 si
1174 1632 1231 1678 ad
1264 1648 1461 1679 normam
1496 1648 1521 1678 a
1550 1648 1600 1679 se

139 1706 444 1771 praestitutam
472 1724 560 1754 non
589 1707 819 1770 exigantur
852 1708 1028 1772 ineptae
1050 1725 1101 1755 ac
1124 1707 1291 1755 nullius
1319 1708 1482 1755 valoris
1512 1708 1600 1755 sint

143 1782 199 1829 ad
219 1782 350 1829 finem
376 1799 507 1846 quem
535 1783 634 1847 ipsa
656 1783 844 1830 intendit
864 1785 986 1845 (46);
1009 1794 1154 1848 potest
1171 1784 1305 1846 igitur
1331 1782 1519 1830 ecclesia
1536 1782 1600 1829 le-

143 1875 220 1922 ges
253 1858 447 1914 sancire,
479 1875 594 1922 quae
621 1859 682 1905 ita
714 1859 990 1923 spiritualem
1026 1869 1294 1907 contractum
1325 1859 1599 1921 coniugalem

143 1933 510 1991 christianorum,
543 1951 632 1998 quo
665 1944 986 1982 sacramentum
1021 1935 1235 1991 efficitur,
1273 1934 1513 1997 attingant,
1553 1945 1602 1981 ut

142 2009 337 2073 ineptum
372 2009 559 2057 reddant
588 2010 645 2057 ad
680 2020 1026 2066 sacramentum,
1065 2021 1141 2060 aut
1179 2010 1218 2057 si
1251 2009 1421 2074 placet:
1454 2026 1604 2073 perso-

143 2101 225 2131 nas
253 2084 375 2149 ipsas
409 2085 627 2149 attingant
655 2086 718 2133 ita
750 2097 799 2133 ut
835 2103 911 2133 eas
946 2086 1131 2133 reddant
1158 2085 1378 2132 inhabiles
1412 2084 1469 2131 ad
1498 2102 1603 2132 con-

144 2159 422 2207 trahendum.
461 2161 602 2217 Sane,
633 2172 682 2207 ut
711 2161 928 2217 vidimus,
963 2172 1052 2208 tum
1086 2171 1315 2208 novatores
1349 2171 1442 2207 tum
1478 2177 1604 2224 rega-

145 2235 298 2293 listae,
339 2236 416 2300 qui
452 2235 649 2283 tribuunt
677 2236 953 2301 principibus
982 2246 1242 2301 potestatem
1278 2236 1323 2281 in
1351 2237 1604 2300 coniugium

145 2328 323 2360 suorum
342 2311 618 2359 subditorum
631 2351 641 2369 ,
665 2312 959 2370 contendunt,
981 2313 1069 2361 imo
1086 2312 1319 2360 adstruunt
1337 2329 1469 2376 posse
1487 2313 1604 2376 prin-

147 2386 269 2452 cipes
309 2387 366 2435 ad
408 2387 572 2435 bonum
615 2388 838 2435 societatis
874 2388 984 2435 tales
1018 2388 1206 2436 condere
1240 2388 1388 2451 leges,
1438 2387 1602 2452 quibus

147 2462 315 2510 nullum
349 2474 391 2511 et
422 2464 592 2511 irritum
623 2464 700 2511 fiat
734 2463 987 2528 coniugium
1005 2502 1015 2521 ,
1052 2463 1186 2529 idque
1213 2463 1269 2511 ob
1300 2464 1603 2511 auctoritatem

146 2556 279 2603 quam
303 2539 468 2588 habent
489 2541 535 2587 in
559 2557 773 2605 personas
796 2551 839 2588 et
861 2551 1109 2588 contractus
1133 2540 1309 2597 civiles3
1337 2540 1470 2603 igitur
1492 2540 1606 2587 eius-

237 2711 304 2751 (4ο)
323 2711 401 2753 Hic,
412 2712 450 2744 ut
462 2712 567 2753 patet,
583 2720 642 2753 pro
656 2713 743 2744 certo
762 2712 954 2745 assumimus
972 2713 1092 2755 pollere
1106 2713 1272 2745 ecclesiam
1289 2712 1444 2744 divinitus
1455 2710 1610 2751 potestate

148 2761 310 2795 condendi
322 2763 420 2805 leges,
432 2772 531 2805 quam
544 2764 685 2805 theologi
695 2772 753 2796 suo
769 2764 841 2796 loco
856 2764 1029 2797 ostendunt
1043 2765 1198 2797 adversus
1208 2765 1377 2796 novatores
1392 2762 1510 2795 saeculi
1520 2763 1604 2795 xw.

148 2815 276 2855 Nosque
294 2814 450 2848 evicimus
469 2816 504 2849 in
525 2815 696 2849 Praelect.
715 2815 859 2857 theoloq.
877 2817 909 2849 in
931 2819 1023 2850 tract.
1046 2819 1095 2850 De
1110 2818 1173 2850 loc.
1193 2816 1336 2856 theoloq.
1355 2817 1436 2856 part.
1452 2817 1475 2847 1.
1494 2817 1543 2847 ,De
1558 2823 1607 2846 ec-

150 2865 255 2899 clesia
275 2875 344 2907 cap.
371 2868 425 2899 lv.
442 2869 501 2900 art.
523 2867 579 2900 111.
595 2876 687 2908 prop.
708 2868 794 2900 unic.

1518 2922 1544 2946 ᾖ
