1980 3260
330 258 419 303 164
634 267 712 298 un.
742 265 789 297 11.
819 263 933 296 secr.
963 262 993 295 1.
1022 261 1074 292 nr:
1109 259 1275 291 rorssr.
1305 258 1472 291 nectus.

328 348 472 403 modi,
511 344 588 391 sed
620 340 875 396 constituit,
913 348 963 385 ut
991 339 1076 384 ista
1121 353 1203 383 ceu
1237 334 1385 382 valide
1425 345 1656 389 contracta·
1691 355 1798 386 con-

330 423 447 486 iugia
479 419 746 466 haberentur
767 455 777 473 ,
806 416 997 479 ideoque
1032 412 1207 461 sanavit
1229 429 1283 458 ea
1307 411 1354 457 in
1376 409 1529 458 radice
1550 448 1562 468 ,
1593 412 1659 459 uti
1679 431 1800 463 nunc

330 496 536 561 temporis
559 491 769 559 loquendi
788 508 883 538 mos
907 489 1090 537 obtinet.
1119 488 1217 535 Huc
1240 487 1374 534 etiam
1404 486 1626 551 pertinent
1649 505 1798 536 exem—

330 573 402 637 pla
430 589 543 636 quae
577 569 804 617 attulimus
837 565 1223 630 dispensationum
1250 573 1351 627 post
1384 562 1544 609 initum
1574 562 1803 611 matrimo-

330 649 449 694 nium
472 685 482 704 ‚
521 656 649 711 prout
672 645 716 690 in
739 643 874 691 veteri
898 641 1140 706 disciplina
1164 639 1426 688 obtinebant
1450 677 1459 696 ,
1500 656 1707 704 quaeque
1730 656 1806 687 sa-

333 722 588 770 nationibus
611 722 657 768 in
682 720 831 768 radice
853 728 957 766 sunt
980 717 1154 765 affines.
1175 716 1231 764 At
1253 716 1396 779 magis
1414 715 1578 762 directa
1601 715 1805 781 exempla

332 800 419 846 iam
455 798 734 846 subiicimus.

427 875 493 921 Ex
525 892 634 922 rom.
675 871 960 938 pontificibus
978 909 988 929 ,
1023 871 1100 937 qui
1135 887 1342 936 expresse
1374 869 1705 917 matrimonium
1731 886 1807 917 sa·-

335 951 535 999 naverint
570 950 616 996 in
642 949 790 996 radice
812 986 822 1005 ,
850 948 1048 996 omnium
1073 964 1262 1012 quorum
1294 955 1629 993 monumentum
1660 955 1800 1003 extat,

334 1027 505 1091 primus
540 1026 623 1072 fuit
649 1024 903 1071 Bonifacius
936 1023 1049 1069 VIII.
1083 1022 1162 1087 qui
1197 1021 1452 1084 coniugium
1482 1021 1604 1068 irrite
1637 1032 1808 1070 contra-

335 1112 453 1150 ctum
482 1102 597 1149 inter
619 1100 827 1148 Sancium
862 1099 931 1145 lv.
964 1097 1181 1145 Castellae
1204 1114 1350 1160 regem
1375 1096 1463 1143 iam
1480 1108 1806 1160 praemortuum

335 1187 378 1224 et
404 1177 586 1224 Mariam
620 1177 667 1223 in
691 1175 819 1223 tertio
843 1173 1243 1236 consanguinitatis
1276 1171 1416 1235 gradu
1451 1171 1492 1218 ei
1527 1172 1809 1220 coniunctam

336 1254 510 1300 sanavit
537 1254 621 1315 (8).
650 1252 772 1299 Idem
796 1260 1023 1315 praeterea
1047 1248 1244 1313 pontifex
1267 1248 1423 1296 eodem
1446 1248 1584 1296 ferme
1607 1258 1806 1313 tempore

336 1329 665 1376 matrimonium
697 1328 856 1374 initum
890 1326 946 1373 ab
983 1324 1271 1389 Ildelphonso
1297 1325 1376 1371 III.
1414 1343 1517 1389 rege
1553 1325 1808 1374 Lusitaniae

337 1422 436 1451 cum
464 1404 692 1451 comitissa
715 1402 922 1449 Poloniae
939 1439 949 1458 ,
977 1400 1061 1448 etsi
1085 1400 1142 1448 ab
1165 1400 1293 1449 initio
1325 1401 1498 1449 nullum
1532 1401 1590 1450 ob
1619 1419 1810 1450 consan-

338 1480 598 1544 guinitatem
622 1496 738 1544 quae
770 1477 889 1543 apud
922 1478 1045 1543 ipsos
1068 1477 1298 1535 intererat,
1322 1495 1404 1542 per
1429 1477 1814 1544 dispensationem—

337 1558 384 1602 in
410 1555 556 1602 radice
578 1554 776 1602 validum
802 1553 950 1601 effecit
970 1556 1055 1616 (9).
1084 1555 1188 1601 Post
1210 1554 1485 1602 Bonifacium
1509 1554 1667 1620 reliqui
1694 1554 1812 1620 'pon-

337 1631 479 1678 tifices
498 1630 690 1696 passim,
712 1629 990 1693 gravissimis
1015 1629 1389 1677 intercedentibus
1413 1630 1470 1677 de
1493 1631 1667 1687 causis,
1694 1631 1813 1678 eius-

340 1706 457 1753 modi
484 1706 737 1753 sanationes
761 1715 1091 1752 concesserunt.
1119 1706 1210 1752 Nos
1244 1722 1300 1751 ne
1324 1705 1449 1752 nimii
1475 1706 1616 1754 simus
1645 1706 1693 1752 in
1716 1705 1809 1754 illis

336 1781 602 1839 referendis,
641 1797 695 1828 ea
728 1780 985 1843 seligimus,
1023 1797 1140 1845 quae
1172 1780 1343 1845 aliquid
1369 1780 1591 1845 peculiare
1625 1798 1808 1847 praese⁴

341 1858 499 1905 ferunt.

439 1936 592 1999 Itaque
632 1935 869 1998 Gregorius
908 1935 1027 1980 XIII.
1065 1951 1154 1982 non
1195 1934 1333 1983 semel
1373 1934 1560 1983 indulsit
1593 1935 1811 1983 eiusmodi

343 2010 623 2067 sanationes,
661 2021 772 2058 teste
805 2011 1043 2058 Benedicto
1075 2011 1183 2057 XIV.
1217 2012 1340 2074 (10),
1378 2011 1457 2076 qui
1487 2010 1533 2057 id
1565 2009 1815 2060 luculenter

341 2084 533 2132 ostendit
567 2103 618 2131 ex
653 2085 955 2134 decisionibus
987 2087 1123 2134 Rotae
1143 2124 1153 2144 ,
1192 2086 1508 2151 concluditque
1543 2086 1809 2151 responsum

341 2159 485 2207 eidem
513 2159 717 2223 Gregorio
741 2162 953 2209 tributum
975 2162 1032 2210 ab
1057 2173 1316 2210 annotatore
1337 2163 1522 2211 Navarri
1541 2201 1552 2220 ,
1581 2163 1703 2228 quod
1728 2164 1812 2211 sci-

340 2236 444 2284 licet
476 2236 574 2300 ipse
596 2254 683 2284 non
715 2239 905 2302 potuerit
936 2239 1156 2287 eiusmodi
1179 2239 1564 2304 dispensationem
1588 2239 1637 2286 in
1659 2240 1813 2288 radice

342 2312 584 2360 concedere
600 2350 610 2369 ,
658 2323 734 2359 aut
767 2330 867 2360 esse
902 2315 1206 2380 apocryphum
1224 2354 1234 2372 ,
1274 2326 1350 2363 aut
1388 2315 1725 2380 intelligendum
1757 2316 1816 2365 de

343 2387 559 2450 singulari
584 2387 735 2452 aliquo
760 2385 994 2447 adiuncto,
1034 2391 1080 2437 in
1114 2409 1203 2456 quo
1227 2391 1402 2440 censuit
1424 2408 1523 2439 eam
1557 2410 1658 2441 esse
1685 2392 1818 2441 dene·

343 2462 553 2526 gandam.
1779 2469 1782 2472 ⁴

434 2604 480 2646 (8)
501 2605 551 2637 Cf.
567 2605 713 2638 Mariana
726 2608 857 2639 Hister.
874 2607 1011 2648 hispan.
1027 2609 1084 2641 lib.
1097 2611 1152 2642 lx.
1164 2619 1236 2652 cap.
1254 2615 1303 2643 19.
1322 2610 1356 2642 et
1366 2611 1491 2642 Laurea
1505 2608 1766 2642 Dictiondecis.
1782 2613 1816 2642 8.

344 2666 377 2689 n.
399 2662 450 2701 20.
468 2659 501 2690 et
519 2666 588 2699 seq.
606 2658 666 2700 qui
683 2658 793 2691 subdit
809 2660 894 2692 hanc
918 2661 1056 2701 primam
1080 2662 1180 2696 fuisse
1200 2662 1471 2705 dispensationem
1495 2663 1533 2694 in
1554 2654 1675 2694 radice
1691 2663 1814 2695 maln-

344 2712 452 2743 monii
473 2719 557 2752 quae
576 2719 725 2752 expresse
745 2711 881 2753 legatur.

435 2763 480 2804 (9)
498 2764 543 2795 Ut
564 2763 662 2796 refert
680 2765 871 2798 Emmanuel
893 2766 988 2799 Faoia
1009 2769 1059 2800 De
1072 2776 1199 2809 sponsa
1217 2768 1252 2801 in
1275 2768 1371 2810 Epit-
1396 2766 1478 2800 hist.
1494 2768 1652 2800 Lusitan.
1666 2776 1737 2809 par.
1755 2769 1814 2801 111.

344 2823 415 2856 cap.
432 2818 463 2847 7.
480 2824 514 2848 n.
530 2820 560 2849 3.
576 2817 610 2849 et
624 2818 749 2850 Laurea
759 2819 851 2851 υἱοί.
867 2817 972 2851 decis.
991 2824 1021 2852 8.
1038 2820 1095 2852 cit.
1111 2829 1144 2852 n.
1165 2825 1216 2854 25.

435 2868 500 2909 (10)
521 2870 560 2906 Q.
584 2872 653 2902 174.
674 2878 757 2911 quae
771 2872 820 2903 est
852 2873 889 2904 in
913 2880 1021 2905 causa
1038 2875 1204 2914 pragensi
1223 2874 1377 2915 matrim.
1394 2872 1448 2905 die
1465 2877 1514 2906 13.
1529 2873 1592 2905 Iul.
1613 2875 1705 2906 1720.

1956 2850 1980 3159 sssscrlrwusss-esm-xm„
1975 2798 1980 2813 s.
1971 2755 1973 2757 -
1978 2722 1980 2724 .
