1980 3260
359 244 447 290 252
673 254 753 286 LIB.
783 254 827 286 11.
858 253 969 286 SECT.
1000 253 1028 284 1.
1058 252 1109 284 DE
1135 251 1298 284 Porsss'r.
1329 252 1493 284 Eccms.

356 346 447 384 stro
471 331 714 381 acatholico
738 333 847 379 inita
869 332 1105 396 qeneratim
1138 329 1261 377 nulla
1293 346 1395 377 esse
1412 368 1422 386 ,
1461 340 1592 395 atque
1615 333 1726 382 adeo
1748 349 1820 382 va-

355 409 469 456 lidas
503 408 594 456 fore
627 407 848 454 secundas
881 424 1033 454 eorum
1080 405 1287 470 nuptias,
1328 405 1367 452 si
1402 404 1713 455 modocoram
1745 424 1819 458 ca-

355 482 517 531 tholico
562 482 756 547 parocho
802 481 1145 537 contrahantur,
1183 498 1258 527 nec
1291 480 1480 545 undique
1518 499 1621 529 vera
1654 479 1715 530 est
1744 496 1820 532 nec

351 560 458 606 satis
485 568 598 612 tuta,
629 574 772 621 neque
797 557 961 604 idcirco
982 557 1027 603 in
1046 556 1170 620 praxi
1189 555 1550 622 quibuscumque
1571 556 1617 604 in
1641 555 1821 607 casibus

353 633 740 700 indiscriminatim
765 632 1008 697 sequenda.
1034 631 1174 680 Probe
1192 632 1311 680 enim
1329 632 1450 680 novit
1462 633 1730 681 Fraternitas
1748 645 1824 682 tua

352 708 486 757 huius
520 708 695 772 generis
729 708 1009 755 matrimonia
1037 718 1133 755 rata
1159 719 1202 756 et
1236 709 1363 756 firma
1397 705 1667 765 consistere,
1692 709 1822 756 -iisin

350 784 485 842 locis,
518 786 564 831 in
589 785 754 850 quibus
783 783 961 832 concilii
989 784 1214 832 tridentini
1250 784 1474 832 decretum
1499 781 1568 832 vel
1588 798 1824 850 numquam

343 862 616 927 publicatum
648 862 735 926 fuit
773 863 891 924 (71),
917 861 987 909 vel
1012 878 1255 926 numquam
1286 859 1567 909 observatum
1592 872 1821 927 tamquam

349 938 552 988 eiusdem
597 938 773 986 concilii
822 938 1047 985 decretum
1067 976 1077 994 ‚
1113 936 1214 995 vel,
1252 938 1291 984 si
1327 935 1507 1002 qnando
1540 935 1822 987 observatum

352 1014 436 1062 fuit
462 1014 494 1072 ‚¹
521 1015 653 1079 longo
703 1014 806 1062 dein
854 1015 1066 1079 temporis
1113 1012 1345 1062 intervallo
1390 1014 1438 1060 in
1480 1011 1821 1063 desuetudinem

352 1091 479 1139 abiit.
525 1091 641 1138 Hinc
685 1090 848 1139 factum
884 1101 979 1147 est,
1006 1102 1055 1138 ut
1078 1090 1274 1156 praefata
1306 1088 1486 1154 opinio,
1525 1088 1823 1155 quaeimatrssiz

352 1168 504 1216 monia
549 1168 662 1216 inter
706 1168 952 1216 haereticos
1006 1176 1231 1214 contracta
1281 1183 1428 1214 coram
1470 1166 1676 1215 ministro
1722 1184 1824 1216 aca-

343 1243 514 1292 thoIico
557 1245 794 1308 qeneratim
832 1242 956 1290 nulla
988 1253 1032 1290 et
1064 1242 1189 1289 irrita
1220 1258 1321 1290 esse
1354 1238 1628 1308 propugnat,
1665 1238 1823 1298 adver?

346 1319 490 1367 sarios
536 1336 711 1384 semper
754 1318 959 1366 habuerit
1002 1329 1045 1365 et
1085 1335 1268 1366 numero
1302 1318 1452 1383 plures
1486 1330 1530 1367 et
1563 1315 1822 1368 auctoritatae

346 1394 755 1460 praestantissimos
773 1431 784 1452 ,
807 1393 934 1442 ⁴adeo
956 1404 1006 1442 ut
1026 1394 1100 1441 vix
1123 1392 1332 1459 aliquem*
1351 1394 1581 1443 retinuerit
1612 1395 1821 1461 probabi-

345 1470 486 1518 litatis
531 1470 748 1534 gradum,
792 1471 982 1518 maxime
1022 1481 1135 1536 post·
1162 1471 1327 1518 editam
1368 1466 1679 1520 a'Ben'edictoI
1706 1472 1815 1519 xl-v.

346 1564 419 1595 an.
444 1548 585 1593 1741.
604 1562 684 1611 pro
708 1546 1002 1594 matrimoniis
1021 1546 1286 1604 Hollandiae
1309 1543 1642 1595 celeberrimam
1665 1542 1822 1596 Decla-

347 1623 577 1671 rationem.
618 1623 735 1671 Cave
765 1623 900 1686 igitur
917 1661 928 1680 ,
964 1641 1065 1671 ven.
1105 1623 1159 1670 fr.
1199 1618 1365 1690 tuoque
1399 1623 1603 1689 exemplo
1642 1625 1822 1690 tuisque

346 1700 524 1748 monitis
549 1699 685 1747 edoce
707 1697 940 1765 episcopos
965 1697 1272 1764 saffraganeus
1300 1711 1400 1748 tuos
1419 1738 1430 1757 ,
1458 1718 1515 1748 ne
1537 1700 1584 1747 in
1608 1694 1823 1766 praefatis

345 1776 747 1825 matrimonialibus
773 1774 955 1825 casibus
987 1772 1291 1842 expendendis
1320 1787 1364 1824 et
1391 1768 1823 1842 diiudicandissspra-

344 1853 414 1901 vis
449 1853 575 1901 hisce
608 1853 848 1910 doctrinis,
884 1852 1210 1919 fallacibusque
1236 1852 1501 1901 rationibus·
1510 1844 1816 1922 decipiantur,

345 1928 422 1975 sed
468 1928 647 1976 concilii
691 1928 922 1977 tridentini
962 1946 1155 1978 canones
1194 1939 1239 1977 et
1267 1928 1498 1977 decretum
1542 1929 1819 1999 adamussim

346 2003 580 2053 observent
613 2016 659 2052 et
690 2015 935 2070 sequantur
957 2006 1073 2068 (72).
1085 2024 1122 2050 ι)
1703 2035 1706 2037 Δ

442 2074 663 2128 Hactenus
694 2082 877 2146 quidem
908 2076 1013 2130 Pius
1047 2082 1140 2128 Vn
1167 2081 1256 2130 ubi
1286 2081 1728 2130 animadvertendum
1746 2091 1820 2130 ὼε

345 2156 521 2204 illorum
547 2157 848 2221 theologorum
877 2158 1132 2224 opinionem
1157 2157 1249 2206 ab
1238 2174 1340 2223 ipso
1363 2157 1615 2222 reprobari,
1635 2157 1733 2223 qui
1743 2175 1819 2222 qe-

344 2226 527 2279 neratim
560 2244 783 2298 tamquam
811 2234 935 2282 nulla
968 2252 1021 2282 ac
1054 2234 1179 2282 irrita
1213 2233 1503 2281 autumabant
1531 2251 1633 2282 esse
1661 2234 1819 2285 haere-

344 2308 528 2356 ticorum
563 2308 676 2356 inter
709 2325 758 2356 se
790 2310 1011 2358 celebrata
1044 2310 1295 2367 connubia,
1327 2309 1536 2375 adeoque
1570 2309 1647 2357 uhi
1682 2309 1817 2357 etiam

344 2398 430 2432 non
467 2378 607 2432 fuerat
640 2384 912 2449 publicatum
946 2386 1182 2435 concilium
1216 2385 1540 2442 tridentinum,
1580 2395 1657 2434 aut
1680 2379 1813 2433 'nunt-

423 2543 508 2585 (71)
532 2545 619 2576 flae'c
631 2544 729 2577 vei-ba
743 2544 881 2578 desunt·
873 2554 905 2577 in
919 2545 981 2578 hoc
995 2547 1089 2579 Brevi
1104 2547 1236 2588 vulgato
1251 2555 1272 2579 a
1286 2545 1478 2587 Roskovany
1494 2545 1558 2578 loc.
1574 2548 1656 2589 mos
1665 2542 1814 2583 citando,

344 2597 378 2629 at
396 2596 452 2628 inv
453 2596 605 2630 eniuntur
628 2597 662 2630 in
681 2598 865 2630 authentico
887 2607 963 2631 mss.
987 2599 1076 2640 quod
1093 2602 1214 2632 Romae
1230 2600 1435 2639 asservatur,
1456 2597 1611 2646 quodque
1620 2604 1700 2638 prae
1712 2595 1817 2628 oculis

343 2649 463 2690 habui,
483 2649 517 2681 in
538 2658 576 2682 eo
597 2650 676 2682 haec
693 2650 824 2691 postilla
840 2651 985 2691 apposita
1000 2654 1058 2684 est.
1077 2654 1205 2685 «Breve
1219 2652 1387 2687 riforinato
1401 2650 1479 2684 dcll'
1486 2644 1565 2683 Emo
1577 2640 1740 2682 Anionem
1752 2648 1818 2680 col-

343 2702 364 2732 l‘
370 2673 574 2743 inteliigenza
590 2701 665 2734 dell’
668 2704 747 2734 Emo
762 2702 802 2734 Di
813 2703 921 2734 Pietro
939 2712 957 2734 e
972 2702 1098 2744 spedito
1118 2704 1140 2735 li
1159 2709 1190 2736 9.
1207 2704 1275 2736 ott
1292 2706 1381 2735 1803.
1395 2701 1572 2733 all'elcttor
1583 2699 1813 2741 ‹limgan

380 2796 382 2798 Ι
435 2756 502 2796 (72)
523 2754 616 2797 Apud
628 2755 821 2798 Roskovany
838 2756 1063 2788 Monumenta
1073 2756 1247 2789 catholica
1260 2757 1339 2788 tom.
1352 2755 1393 2786 11.
1411 2762 1484 2796 pag.
1499 2758 1549 2786 86.
1562 2756 1599 2786 94
1616 2761 1686 2794 seq.
1692 2753 1812 2797 Quam·

340 2807 390 2838 vis
404 2807 435 2838 in
447 2808 508 2839 liae
522 2807 742 2849 publicatione
757 2807 957 2849 reperiantur
966 2808 1140 2841 nonnullae
1154 2809 1313 2840 vaiiantes
1327 2806 1368 2839 ab
1382 2806 1568 2839 authentico
1583 2814 1685 2847 nuper
1700 2805 1812 2867 citato,

339 2860 446 2892 tamen
462 2867 539 2901 prae
554 2859 704 2892 omnibus
723 2868 806 2900 quae
827 2859 990 2901 impressa
1002 2861 1095 2899 sunt,
1119 2862 1174 2893 est
1188 2859 1289 2901 magis
1309 2859 1469 2891 accurata.
1746 2871 1750 2874 ⁴
