1980 3260
355 221 444 268 338
681 230 761 262 mn.
790 229 837 260 11.
865 226 981 260 sacr.
1011 226 1043 258 1.
1064 225 1116 259 m:
1141 224 1307 257 roms'r.
1330 223 1495 258 acanus.

353 328 488 377 super
511 306 843 373 impedimentis
867 303 1146 369 disparitatis
1165 301 1309 350 cultus
1327 301 1483 366 utique
1505 304 1826 367 approbatione

353 401 397 436 et
420 385 552 434 laude
583 393 653 433 e‘st
683 383 835 447 digna.
877 383 923 428 1.
958 379 1109 445 regula
1142 377 1434 426 immutabilis
1468 394 1604 444 quam
1636 380 1826 434 ecclesia

353 471 535 509 romana·
565 458 659 508 vult
686 474 794 523 prae
820 455 963 505 oculis
986 454 1142 503 haberi
1159 464 1228 502 est
1242 491 1253 511 ,
1277 453 1389 501 utin
1407 463 1501 501 tuto
1519 452 1578 501 sit
1596 452 1709 502 fides
1725 468 1828 505 con-

352 536 569 585 trahentis
587 533 815 590 catholici,
844 541 1011 579 remoto
1031 529 1249 595 probabili
1274 528 1471 600 periculo
1498 530 1824 595 perversionis;

354 614 399 659 2.
422 622 473 660 ut
504 611 551 658 in
585 620 678 659 tuto
710 609 770 658 sit
803 608 916 656 fides
956 607 1094 674 prolis
1119 644 1130 665 ‚
1167 606 1285 654 datis
1318 605 1482 654 debitis
1516 605 1826 664 cautionibus;

354 690 398 736 3.
433 697 483 736 ut
515 685 779 734 interveniat
822 683 1066 750 probabilis
1100 700 1205 748 spes
1238 682 1296 730 de
1328 682 1618 732 conversione
1655 692 1834 731 contra-

351 763 500 812 hentis
535 761 753 818 infidelis,
791 770 834 809 et
860 760 908 807 in
943 758 1053 808 locis
1086 770 1285 816 tantum,
1313 759 1391 806 ubi
1423 758 1706 824 plures‘sunt
1727 758 1832 806 infi-

353 839 475 888 deles
507 855 643 904 quam
677 837 910 905 christiani
945 831 1214 884 concedatur
1246 835 1358 883 haec
1391 835 1831 901 dispensatio...Do-

353 916 652 979 minatioxtua
689 915 857 980 optime
904 913 1075 978 colligit
1118 931 1206 962 non
1249 912 1410 961 debere
1451 912 1831 979 dispensationem

355 991 572 1057 impertiri
607 990 898 1047 mulieribus,
937 1006 1053 1055 quae
1085 988 1346 1037 contrahere
1388 987 1544 1037 volunt
1588 1005 1690 1036 cum
1733 988 1835 1036 infi-

352 1067 530 1115 delibus
576 1077 751 1132 praeter
795 1083 930 1132 quam
976 1066 1022 1112 in
1065 1065 1246 1114 casibus
1293 1065 1407 1113 raris
1451 1075 1496 1113 et
1533 1064 1833 1115 extraordina-

353 1144 484 1193 riis.»

416 1252 418 1254 v
450 1220 524 1275 Sic
556 1220 631 1269 die
666 1222 711 1267 3.
740 1220 836 1268 lan.
866 1220 1008 1266 1796.
1038 1219 1204 1267 Eadem
1239 1218 1522 1282 congregatio
1545 1218 1603 1266 ad
1625 1218 1831 1284 quintum

353 1296 539 1345 dubium
574 1297 775 1362 episcopi
809 1295 1086 1344 caradiensis
1119 1294 1275 1343 vicarii
1311 1294 1546 1360 apostolici
1578 1294 1830 1353 Sutchuen‚

354 1374 527 1422 scilicet
555 1393 564 1420 :
599 1393 622 1419 «
650 1373 718 1419 An
751 1372 1028 1420 missionarii
1059 1371 1323 1437 dispensare
1357 1371 1531 1437 possint
1563 1371 1610 1419 in
1644 1371 1836 1437 impedi-

352 1459 500 1496 mento
523 1448 799 1513 disparitatis
825 1448 969 1495 cultus
994 1465 1096 1496 cum
1114 1447 1299 1495 muliere
1315 1447 1462 1505 fideli,
1484 1448 1690 1513 quamvis
1707 1457 1834 1514 rapta

362 1525 517 1582 suerit,
558 1542 640 1573 nec
672 1524 718 1571 in
752 1523 849 1572 loco
883 1533 976 1574 tuto
1010 1523 1208 1581 reddita,
1235 1523 1477 1572 dummodo
1501 1524 1601 1588 ipsa
1624 1523 1762 1572 libere
1785 1523 1832 1570 in

352 1601 681 1649 matrimonium
715 1599 996 1648 consentiat?
1019 1599 1129 1647 Cum
1163 1600 1210 1646 in
1234 1599 1411 1647 decreto
1435 1599 1659 1647 facultatis
1689 1609 1836 1647 extra-

357 1677 635 1734 ordinariae,
673 1693 789 1741 quae
822 1675 879 1723 ad
913 1685 1091 1741 tempus
1123 1675 1308 1724 concedi
1341 1675 1454 1723 solet
1494 1674 1722 1740 episcopis
1764 1674 1836 1723 vi-

357 1754 492 1802 cariis
525 1752 787 1819 apostolicis
820 1751 1048 1798 Indiarum
1072 1750 1355 1799 orientalium
1377 1750 1671 1816 dispensandi
1696 1767 1838 1815 super

357 1830 675 1895 impedimento
698 1827 977 1893 disparitatis
1001 1826 1147 1876 cultus
1164 1864 1176 1885 ‚
1207 1827 1376 1875 omissa
1393 1827 1454 1875 sit
1469 1825 1672 1876 clausula
1686 1864 1698 1884 ,
1718 1841 1838 1892 quae

359 1905 404 1952 in
449 1905 638 1953 aliarum
684 1903 943 1952 facultatum
990 1902 1192 1952 formulis
1232 1903 1439 1969 apposita
1477 1902 1663 1967 legitur:
1710 1903 1837 1950 dum-

359 1980 481 2028 modo
507 1981 665 2028 mulier
696 1989 827 2044 rapta
859 1997 944 2026 non
966 1980 1122 2045 fuerit,
1149 1989 1189 2027 et
1212 1981 1260 2026 in
1284 1990 1495 2044 potestate
1526 1980 1717 2044 raptoris
1747 1996 1840 2026 non.

359 2058 540 2113 existam
569 2057 651 2105 hoc
675 2057 775 2123 ipso
798 2073 1059 2104 concessum
1093 2055 1286 2112 videtur,
1312 2055 1431 2121 quod
1455 2072 1544 2104 non
1567 2065 1636 2104 est
1658 2055 1704 2102 in
1727 2072 1837 2104 con-

359 2132 556 2181 cedentis
589 2133 765 2181 decreto
799 2132 1065 2181 restrictum.
1094 2131 1205 2179 Cum
1239 2142 1385 2180 tamen
1419 2132 1553 2180 etiam
1586 2132 1644 2180 de
1670 2132 1715 2180 vi
1748 2131 1836 2180 hu·-

362 2208 485 2257 iusce
519 2208 739 2257 facultatis
774 2208 1150 2257 extraordinariae
1182 2208 1370 2256 dubium
1404 2218 1602 2256 exortum
1635 2208 1696 2257 sit
1717 2207 1836 2257 inter

361 2284 568 2339 si-nenses
583 2322 594 2342 ‚
622 2302 677 2332 ne
701 2285 911 2350 suspensi
936 2295 1143 2334 maneant
1165 2284 1300 2333 animi
1334 2284 1391 2333 de
1423 2284 1573 2334 valore
1606 2284 1835 2334 matrimo-

362 2361 442 2408 nii.
461 2380 484 2408 «
511 2361 849 2426 Responderunt
881 2362 1159 2411 eminentiss.
1187 2371 1336 2428 patres
1369 2362 1417 2410 in
1456 2362 1682 2428 proposito
1724 2379 1834 2411 casu

362 2436 705 2503 supplicandum
739 2437 994 2501 pontificem
1010 2476 1020 2495 ,
1057 2448 1107 2486 ut
1144 2437 1352 2503 dignetur
1389 2437 1618 2486 declarare
1658 2438 1834 2504 episco-

361 2529 444 2578 pos
469 2523 514 2561 et
533 2513 722 2562 vicarios
756 2514 1021 2579 apostolicos
1054 2516 1220 2579 quibus
1252 2531 1465 2564 concessa
1497 2525 1567 2562 est
1588 2512 1834 2562 extraordi-

363 2588 491 2637 naria
522 2587 601 2636 illa
633 2588 823 2637 facultas
858 2590 1148 2656 dispensandi
1183 2609 1319 2657 super
1350 2590 1612 2655 disparitate
1653 2588 1798 2638 cultus
1816 2626 1827 2646 ,

362 2663 428 2711 uti
446 2680 500 2712 ea
515 2663 662 2712 valere
678 2702 688 2722 ,
717 2665 930 2729 gravibus
953 2666 1010 2713 de
1026 2667 1175 2715 causis
1199 2668 1246 2714 in
1281 2665 1473 2731 singulis
1495 2665 1676 2713 casibus
1701 2675 1835 2730 prout

365 2739 412 2786 in
429 2739 548 2788 dicto
566 2739 740 2789 decreto
763 2742 1024 2807 exponitur,
1052 2743 1188 2791 etiam
1211 2743 1259 2790 in
1281 2759 1390 2791 casu
1413 2758 1501 2807 quo
1524 2741 1685 2789 mulier
1707 2751 1834 2807 rapta

360 2814 521 2874 fuerit,
561 2816 750 2866 necdum
775 2827 868 2866 tuto
890 2817 988 2867 loco
1013 2819 1239 2877 restituta,
1266 2817 1456 2867 constito
1479 2827 1581 2866 ante
1609 2816 1666 2865 de
1692 2816 1835 2865 libero
