1980 3260
0 1519 6 1554 i

0 1564 6 1587 t

0 1594 10 1626 ἶ,

0 1632 3 1666 ,¹

0 1847 9 1916 ων,

244 287 333 318 οη.
353 286 413 317 ιιι.
435 285 485 316 οε
504 284 587 316 etv.
601 286 764 318 rornsr.
782 287 917 320 rame.
930 289 1013 320 mr.
1033 289 1125 321 nsi..
1141 291 1191 321 An
1210 290 1336 322 uun.
1352 290 1444 322 Aur.
1460 291 1505 321 ιι.
1549 275 1638 320 473

178 363 416 411 cultatibus
443 361 637 425 theologi
670 363 850 427 quidem
880 365 1018 412 multa
1041 377 1271 430 reponunt,
1311 377 1356 413 at
1395 377 1544 414 nostra
1565 366 1640 413 ad-

180 437 318 486 missa
358 436 599 492 sententia,
628 454 681 484 ea
720 438 1025 486 convelluntur
1053 441 1281 488 radicitus.

274 512 481 577 Sequitur
515 513 558 558 7.
598 512 653 559 Et
697 512 818 559 illam
862 514 1164 562 difficultatem
1196 516 1474 571 obtruncari,
1519 517 1639 580 quod

179 605 337 653 nempe
369 588 593 652 principes
622 606 758 652 quum
794 589 1024 636 christiani
1050 591 1184 647 fiunt,
1214 591 1383 656 aliquid
1412 592 1642 639 auctorita-

178 662 235 711 tis
272 664 490 711 amittant.
535 663 589 711 At
621 681 724 711 vero
758 666 978 729 quomodo
1020 683 1116 713 eam
1167 667 1467 714 auctoritatem
1513 667 1642 714 amit-

179 750 270 787 tent
291 739 335 785 in
361 739 706 797 matrimonium,
737 758 869 805 quam
894 759 1134 806 numquam
1171 741 1447 788 habuerunt?
1482 742 1642 789 Aucto-

179 815 349 863 ritatem
374 815 420 862 in
450 815 677 863 vinculum
702 834 845 881 neque
866 818 1086 874 amittunt,
1115 834 1260 881 neque
1283 819 1531 882 acquirunt,
1562 818 1639 865 sed

176 907 275 938 eam
309 891 461 955 utique
496 891 799 938 auctoritatem
835 893 1024 939 retinent
1064 910 1196 956 quam
1236 892 1484 949 habebant,
1527 910 1642 957 quae

178 967 275 1013 iure
291 966 405 1030 ipsis
431 966 653 1022 tribuitur,
672 966 970 1013 constituendi
989 967 1302 1032 impedimenta
1319 968 1363 1014 in
1382 968 1475 1015 foro
1498 967 1634 1021 civili,

179 1042 225 1088 in
259 1041 416 1089 ordine
462 1042 519 1088 ad
543 1041 726 1089 effectus
756 1041 910 1088 civiles
945 1059 998 1088 ac
1035 1042 1254 1106 politicos,
1292 1043 1348 1089 ad
1385 1059 1642 1106 promoven-

177 1117 284 1163 dum
316 1116 481 1164 bonum
515 1117 741 1164 societatis
766 1117 837 1164 cui
868 1127 1105 1181 praesunt,
1129 1128 1261 1181 atque
1290 1118 1346 1163 ad
1381 1118 1640 1164 servandam

178 1193 560 1258 tranquillitatem.
595 1194 690 1241 Hoc
723 1193 871 1258 reipsa
905 1193 999 1240 iure
1034 1193 1158 1258 potiti
1196 1204 1298 1240 sunt
1332 1194 1491 1256 iugiter
1524 1194 1644 1258 prin—

176 1268 300 1332 cipes
322 1268 552 1324 infideles,
581 1286 722 1333 eoque
755 1269 902 1315 adhuc
937 1269 1163 1332 potiuntur
1197 1279 1432 1333 postquam
1470 1270 1644 1316 fuerunt

179 1344 333 1391 fideles
378 1345 539 1391 effecti.
578 1345 779 1393 Concidit
822 1345 1011 1408 proinde
1052 1345 1128 1391 illa
1163 1345 1291 1392 toties
1331 1345 1388 1392 ab
1432 1345 1644 1392 ecclesiae

175 1421 444 1469 adversariis
469 1421 640 1468 obiecta
662 1421 932 1477 difficultas;
962 1421 1170 1467 nimirum
1200 1421 1238 1467 si
1272 1421 1480 1467 adimitur
1520 1421 1644 1485 prin-

176 1496 354 1560 cipibus
383 1495 640 1543 christianis
677 1506 872 1560 potestas
906 1514 996 1560 qua
1031 1513 1129 1542 cum
1164 1496 1310 1542 adhuc
1355 1507 1504 1543 essent
1542 1496 1643 1542 infi-

177 1571 300 1619 deles
330 1572 508 1619 fuerunt
536 1572 687 1636 potiti,
722 1572 924 1620 odiosam
961 1572 1050 1618 illis
1086 1572 1210 1618 reddi
1238 1572 1491 1634 religionem
1525 1572 1643 1619 chri-

176 1648 385 1704 stianam,
412 1666 579 1712 eosque
607 1649 673 1695 sic
699 1648 891 1695 amoveri
916 1648 972 1694 ab
991 1647 1294 1712 amplectenda
1312 1665 1415 1694 vera
1434 1647 1643 1709 religione

174 1741 274 1771 cum
308 1735 429 1771 tanto
468 1742 550 1771 suo
589 1724 872 1780 detriment03
904 1725 1007 1770 item
1031 1723 1255 1770 Christum
1291 1741 1378 1770 non
1408 1723 1643 1770 advenisse

173 1810 224 1846 ut
258 1800 481 1865 principes
511 1800 720 1855 laederet,
747 1811 879 1864 atque
911 1800 1005 1847 suis
1042 1799 1214 1846 iuribus
1248 1799 1472 1864 spoliaret.
1520 1799 1642 1854 Quas

173 1876 355 1940 quidem
381 1876 664 1923 difficultates
690 1876 849 1922 mirum
878 1887 946 1923 est
974 1893 1108 1940 quam
1143 1886 1327 1937 urgeant
1348 1875 1644 1938 amplificent-

173 1969 261 2015 que
294 1951 429 1999 aulici
475 1953 531 1998 ad
572 1970 708 1998 unum
738 1969 892 1999 omnes
926 1952 1142 1999 adversus
1178 1951 1440 1998 catholicam
1482 1950 1644 1997 doctri-

175 2045 278 2074 nam
321 2046 349 2075 a
388 2028 645 2076 Tridentino
687 2028 805 2075 circa
854 2027 1121 2075 matrimonii
1176 2027 1490 2091 impedimenta
1540 2043 1643 2073 san-

177 2104 311 2151 citam
351 2106 468 2166 (δὸ).

266 2240 334 2280 (55)
357 2241 409 2272 Uti
433 2241 629 2279 spalatensis
650 2243 813 2283 apostata,
837 2251 895 2274 nec
918 2250 981 2273 non
1002 2242 1072 2273 eius
1091 2241 1269 2282 exscriptor
1291 2239 1455 2272 Launoius
1470 2263 1479 2279 ,
1499 2238 1555 2279 qui
1580 2246 1641 2269 uon

172 2293 343 2324 contentus
359 2291 478 2324 dixisse
499 2294 559 2324 art.
581 2297 610 2325 2.
625 2302 653 2325 c.
676 2298 702 2325 ι.
725 2294 789 2325 «ld
811 2302 910 2334 genus
937 2293 1282 2325 lemmatis'horrorem
1304 2291 1437 2331 incutit,
1461 2289 1641 2329 ecclesiam,

173 2353 212 2376 ac
241 2353 324 2376 rom.
343 2344 529 2384 pontificem
550 2345 582 2376 in
603 2345 716 2377 odium
737 2347 832 2377 vocat
853 2347 886 2377 et
907 2345 1083 2384 invidiam,
1107 2353 1145 2377 ac
1166 2344 1328 2386 principes
1349 2343 1494 2375 ethnicos
1509 2351 1528 2374 a
1544 2342 1642 2373 susci-

175 2397 292 2438 pienda
314 2397 467 2438 religione
491 2399 668 2431 christiana
688 2398 849 2438 deterret,
869 2412 883 2426 υ
897 2398 954 2431 sed
978 2400 1143 2439 praeterea
1165 2399 1212 2430 sic
1235 2406 1290 2438 per
1320 2395 1561 2438 prosopopeiam
1583 2395 1643 2426 hoc

173 2449 400 2491 argumentum
420 2451 566 2491 exponit:
593 2451 793 2493 «Reliquum
813 2453 876 2490 est,
901 2452 937 2484 ut
958 2460 996 2484 ex
1022 2450 1186 2492 principiis
1210 2450 1375 2482 doctrinae
1397 2449 1493 2480 liuius
1511 2447 1645 2479 mirifice

173 2502 298 2534 sincera
326 2502 384 2535 fiat
404 2502 447 2534 ad
470 2512 578 2544 regem
595 2504 777 2544 ethnicum,
795 2504 852 2545 qui
870 2503 1066 2536 christianae
1082 2502 1228 2543 religioni
1249 2510 1364 2534 nomen
1386 2500 1462 2532 dare
1482 2499 1578 2531 vellet
1594 2498 1646 2531 ad—

176 2555 323 2587 monitio.
343 2556 397 2588 Sic
417 2565 493 2597 ergo
515 2556 656 2589 breviter
677 2557 748 2597 fiet,
762 2557 790 2588 si
806 2557 944 2598 principi
957 2556 1154 2598 competenti
1174 2555 1316 2587 dicatur:
1332 2554 1419 2585 Scire
1432 2552 1545 2592 debes,
1562 2551 1644 2598 prin-

174 2615 250 2648 ceps
271 2608 409 2649 optime,
428 2609 460 2641 te
477 2610 617 2641 crastina
635 2609 705 2650 die,
730 2611 899 2650 postquam
923 2609 1119 2650 baptismum
1143 2607 1319 2649 susceperis
1341 2608 1372 2638 et
1390 2605 1554 2637 Christum
1579 2613 1642 2636 ser·

174 2659 318 2691 vaterem
344 2660 437 2692 tuum
451 2669 490 2692 ac
504 2662 651 2693 nostrum
669 2660 828 2701 indueris,
843 2661 912 2694 sine
925 2661 1020 2702 culpa
1035 2661 1103 2693 ulla
1117 2662 1172 2692 tua
1188 2659 1381 2692 amissurum
1397 2659 1517 2689 certam
1532 2665 1644 2698 quam-

170 2711 247 2744 dam
275 2714 487 2755 potestatem,
516 2723 599 2755 quac
630 2715 671 2747 ad
701 2715 913 2747 continendos
934 2715 967 2746 in
990 2714 1099 2747 officio
1122 2714 1258 2755 populos
1277 2714 1308 2744 et
1329 2711 1370 2743 ad
1392 2710 1644 2743 conservandam

173 2764 262 2805 regni
282 2765 331 2797 tui
352 2774 465 2807 pacem
485 2775 523 2799 ac
544 2767 814 2808 tranquillitatem
835 2767 894 2800 tibi
916 2768 1072 2800 hactenus
1089 2765 1268 2799 necessaria
1285 2764 1356 2796 fuit.
1368 2765 1456 2796 Haec
1471 2765 1579 2796 nutem
1595 2772 1646 2805 po-

172 2817 287 2857 testas,
302 2826 387 2859 quae
409 2819 562 2860 politicae
582 2819 874 2853 administrationis
891 2828 967 2861 pars
984 2821 1033 2852 est
1051 2819 1208 2858 maxima,
1222 2817 1254 2849 in
1274 2815 1413 2848 ferendis
1430 2815 1518 2848 eirca
1536 2814 1645 2847 subdi·

171 2870 277 2902 torum
294 2871 426 2903 tuorum
447 2872 654 2905 matrimonia
675 2873 799 2913 legibus
813 2872 977 2912 mnsistin
994 2872 1072 2903 ‹lum
1097 2871 1151 2902 alii
1174 2869 1214 2901 ad
1238 2869 1293 2901 illa
1315 2867 1534 2900 contrahenda
1555 2867 1643 2899 habi·
