1980 3260
352 240 408 283 ᾗῇ
655 252 732 282 Lm.
763 251 807 281 11.
838 250 949 281 SECT.
981 251 1008 280 1.
1038 249 1088 279 nt
1124 247 1286 278 POTEST.
1318 247 1482 280 seems.

895 373 1167 410 ARTICULUS
1194 372 1260 407 m.

527 500 694 537 Potestas
720 500 755 535 in
781 497 1013 535 Matrimonii
1041 496 1237 534 christiani
1269 494 1465 532 vinculum
1498 492 1616 531 solius
1702 487 1809 514 ’“’Κ’Μ’

839 565 894 598 est
920 560 1072 608 propria
1101 559 1303 596 Ecclesiae.
1772 562 1778 567 ·’
1787 563 1810 583 τι

444 696 535 742 Νοη
562 694 634 739 hic
653 693 825 755 agimus
845 692 900 739 de
917 691 1122 738 omnihus
1139 729 1148 747 ,
1175 709 1289 755 quae
1314 691 1726 757 quomodocumque
1748 692 1806 740 ad

348 770 670 816 matrimonium
701 769 945 819 referuntur
962 806 972 824 ,
1004 767 1082 815 sed
1112 767 1168 814 de
1194 768 1294 831 ipso
1322 769 1495 830 agimus
1519 778 1689 816 tantum
1715 769 1810 816 vin-

350 844 470 901 culo,
501 862 588 909 quo
617 845 944 891 matrimonium
973 843 1267 891 constituitur.
1296 844 1387 890 lam
1414 860 1519 891 vero
1548 854 1806 909 potestatem

349 921 392 965 in
421 921 646 967 vinculum
674 920 940 967 matrimonii
969 919 1200 966 christiani
1234 918 1291 965 ad
1320 919 1460 966 solam
1490 920 1712 985 pertinere
1736 937 1809 968 eo-

350 997 529 1044 clesiam
555 1008 645 1043 tum
671 1015 696 1044 a
722 997 877 1061 priori,
907 1008 999 1043 tum
1017 1014 1044 1043 a
1061 995 1292 1060 posteriori
1321 995 1700 1061 facilerprobatur.

444 1073 644 1128 Etenim,
690 1072 752 1118 uti
799 1071 1100 1127 ostendimus,
1150 1071 1477 1118 matrimonium
1514 1071 1807 1123 christianum

349 1148 460 1195 nihil
494 1148 615 1195 aliud
646 1159 713 1196 est
750 1166 883 1213 quam
923 1157 1172 1195 contractus
1205 1146 1419 1194 naturalis
1457 1146 1513 1193 ad
1545 1148 1808 1196 sacramenti

349 1223 607 1287 dignitatem
641 1242 667 1271 a
699 1223 873 1271 Christo
911 1233 1108 1278 evectus;
1153 1231 1228 1269 aut
1267 1222 1430 1269 clarius
1470 1221 1643 1280 adhuc,
1675 1222 1812 1287 quam

349 1310 595 1348 contractus
623 1299 868 1362 coniugalis
894 1308 1218 1346 sacramentum
1242 1316 1268 1345 a
1291 1297 1468 1346 Christo
1491 1298 1693 1346 effectus.
1712 1297 1812 1345 Vin-

349 1373 493 1420 culum
529 1363 728 1438 illudque
757 1385 1015 1438 perpetuum
1045 1390 1097 1420 ac
1125 1372 1435 1421 indissolubile
1467 1391 1536 1420 res
1570 1384 1632 1420 est
1663 1391 1811 1422 sacra·-

347 1452 499 1504 menti‚
531 1450 685 1497 saltem
712 1460 839 1514 prout
864 1460 932 1497 est
957 1449 1196 1514 perfectum
1216 1461 1259 1496 et
1276 1453 1811 1514 consummatum,-atque

350 1542 400 1571 eo
435 1525 622 1588 pertinet
650 1535 698 1571 ut
728 1524 947 1588 significet
980 1524 1337 1572 indissolubilem
1372 1524 1513 1572 divini
1548 1524 1676 1572 Verbi
1708 1526 1809 1572 cum

349 1600 544 1647 humana
567 1611 722 1647 natura
740 1611 898 1647 etcum
922 1599 1110 1648 ecclesia
1132 1601 1357 1648 unionem.
1378 1601 1494 1648 Sane
1517 1600 1647 1648 deme
1663 1618 1692 1648 a
1707 1617 1812 1648 con—

350 1677 470 1739 iugio
494 1677 704 1724 rationem
731 1678 1021 1733 sacramenti,
1045 1687 1087 1723 et
1105 1677 1248 1724 omnis
1267 1689 1342 1724 aut
1364 1677 1631 1741 praecipuus
1654 1675 1810 1724 saltem

350 1751 502 1798 titulus
521 1753 826 1816 perpetuitatis
853 1753 1121 1800 matrimonii
1141 1753 1185 1798 in
1202 1752 1399 1817 quolibet
1420 1762 1602 1808 eventu,
1631 1752 1677 1798 in
1701 1769 1813 1817 qua-

350 1825 454 1880 libet
494 1844 637 1874 rerum
669 1827 953 1884 difficultate,
996 1827 1392 1892 adiuncturumque
1437 1827 1812 1892 complicatione,

351 1901 551 1949 sublatus
583 1914 665 1950 est.
705 1903 999 1966 Argumenta,
1037 1920 1151 1968 quae
1184 1921 1264 1968 pro
1303 1902 1598 1951 dissolutione
1629 1904 1677 1950 in
1708 1920 1814 1951 non·

351 1975 486 2024 nullis
519 1977 697 2025 casibus
736 1990 957 2042 pugnant,
996 1995 1083 2025 non
1124 1978 1353 2025 minimam
1390 1979 1481 2026 vim
1525 1977 1716 2044 habent,
1743 1995 1814 2026 ac

351 2052 535 2116 proinde
564 2054 602 2100 si
638 2055 889 2118 coniugium
931 2065 1202 2120 spectaretur
1241 2055 1545 2103 tantummodo
1585 2054 1670 2103 sub
1707 2071 1814 2103 con-

351 2139 515 2175 tractus
553 2129 646 2176 sive
681 2131 893 2179 naturalis
929 2132 1023 2179 sive
1062 2132 1204 2180 civilis
1244 2133 1443 2188 ratione,
1483 2149 1566 2180 sua
1600 2141 1813 2196 perpetua

352 2204 558 2251 firmitate
575 2204 899 2253 destitueretur.
924 2208 1037 2255 Hinc
1055 2207 1349 2255 Bellarminus
1373 2207 1604 2255 adstruere
1625 2223 1712 2254 non
1730 2205 1814 2254 du-

351 2279 507 2326 bitavit
528 2279 888 2329 insolubilitatem
920 2284 1187 2331 matrimonii
1212 2283 1256 2330 in
1281 2301 1464 2331 causam
1491 2283 1752 2347 primariam
1774 2293 1817 2329 ee·

351 2358 628 2404 certissimam
664 2358 813 2404 referri
844 2376 930 2405 non
967 2377 1097 2424 posse
1119 2362 1209 2407 nisi
1233 2363 1280 2407 in
1305 2362 1478 2424 siqnum
1504 2359 1814 2406 coniunctionis

351 2430 665 2480 indissolubilis
693 2434 860 2480 Christi
883 2452 979 2480 cum
1008 2436 1209 2491 ecclesia,
1242 2437 1288 2483 in
1315 2451 1446 2501 quam
1473 2451 1513 2481 s.
1535 2432 1812 2497 Augustinus

351 2524 443 2553 eam
476 2520 685 2573 perpetuo
721 2510 850 2556 refert
887 2511 1002 2572 (32).
1036 2510 1253 2566 Quocirca
1293 2513 1339 2559 in
1373 2509 1495 2558 nulla
1531 2509 1812 2574 legislatione

450 2638 515 2677 (32)
536 2638 606 2671 Lib.
634 2641 683 2671 De
711 2641 863 2671 matrim.
892 2649 922 2672 c.
950 2642 1004 2673 lv.
1031 2641 1064 2672 in
1089 2650 1187 2682 quam
1216 2641 1405 2675 sententiam
1427 2649 1503 2672 eum
1521 2639 1665 2672 Sanctia
1689 2640 1818 2681 praeter

349 2689 381 2719 d.
395 2690 552 2722 'rhomam
578 2690 745 2732 allegasset
761 2700 788 2723 s.
805 2692 1060 2725 Bonaventuram
1072 2717 1081 2733 ,
1102 2695 1314 2735 Burgensem,
1328 2691 1537 2733 nui-andum,
1555 2690 1590 2723 d.
1604 2691 1816 2732 Antoninum,

347 2741 555 2783 cajetanum,
578 2743 740 2776 Medinam
757 2744 903 2785 aliosque
920 2745 1142 2778 novemdecim
1166 2746 1295 2779 subdit:
1320 2746 1432 2778 «Hine
1446 2746 1584 2778 infertur
1594 2744 1816 2778 omnimodam

347 2792 661 2827 indissolubilitatem
677 2804 741 2828 non
755 2798 935 2838 competere
956 2797 1163 2831 matrimonio
1184 2799 1422 2832 consummato
1435 2807 1476 2831 ex
1490 2797 1562 2831 iure
1582 2799 1737 2838 naturae,
1760 2795 1818 2829 sed

345 2853 385 2877 ex
403 2845 523 2880 christi
544 2850 709 2888 praecepto
734 2849 871 2890 positivo
899 2849 1024 2882 divino:
1043 2859 1126 2892 quos
1142 2853 1234 2884 Deus
1246 2853 1430 2885 coniunxit
1453 2851 1552 2884 homo
1574 2859 1640 2884 non
1656 2850 1813 2892 separet»
