<?xml version="1.0" encoding="UTF-8"?>
<!DOCTYPE html PUBLIC "-//W3C//DTD XHTML 1.0 Transitional//EN"
    "http://www.w3.org/TR/xhtml1/DTD/xhtml1-transitional.dtd">
<html xmlns="http://www.w3.org/1999/xhtml" xml:lang="en" lang="en">
 <head>
  <title>
</title>
<meta http-equiv="Content-Type" content="text/html;charset=utf-8" />
  <meta name='ocr-system' content='tesseract 3.04.00' />
  <meta name='ocr-capabilities' content='ocr_page ocr_carea ocr_par ocr_line ocrx_word'/>
</head>
<body>
  <div class='ocr_page' id='page_1' title='image "a603380702perruoft_0255.png"; bbox 0 0 1980 3260; ppageno 0'>
   <div class='ocr_carea' id='block_1_1' title="bbox 251 252 1640 301">
    <p class='ocr_par' dir='ltr' id='par_1_1' title="bbox 251 252 1640 301">
     <span class='ocr_line' id='line_1_1' title="bbox 251 252 1640 301; baseline -0.001 -1"><span class='ocrx_word' id='word_1_1' title='bbox 251 268 341 300; x_wconf 78' lang='lat' dir='ltr'><strong>GAP.</strong></span> <span class='ocrx_word' id='word_1_2' title='bbox 360 268 417 300; x_wconf 81' lang='lat' dir='ltr'>Vl.</span> <span class='ocrx_word' id='word_1_3' title='bbox 434 269 485 300; x_wconf 77' lang='lat' dir='ltr'>DE</span> <span class='ocrx_word' id='word_1_4' title='bbox 505 269 629 301; x_wconf 69' lang='lat' dir='ltr'><strong>MATR.</strong></span> <span class='ocrx_word' id='word_1_5' title='bbox 648 267 825 300; x_wconf 71' lang='lat' dir='ltr'>lunum.</span> <span class='ocrx_word' id='word_1_6' title='bbox 838 268 921 300; x_wconf 81' lang='lat' dir='ltr'>lN&#39;r.</span> <span class='ocrx_word' id='word_1_7' title='bbox 938 268 984 299; x_wconf 79' lang='lat' dir='ltr'>SE</span> <span class='ocrx_word' id='word_1_8' title='bbox 1002 267 1081 299; x_wconf 73' lang='lat' dir='ltr'>VEL</span> <span class='ocrx_word' id='word_1_9' title='bbox 1099 267 1181 299; x_wconf 75' lang='lat' dir='ltr'>CUM</span> <span class='ocrx_word' id='word_1_10' title='bbox 1201 267 1323 300; x_wconf 60' lang='lat' dir='ltr'>cam.</span> <span class='ocrx_word' id='word_1_11' title='bbox 1342 267 1435 299; x_wconf 74' lang='grc' dir='ltr'><strong>ΛΒΤ.</strong></span> <span class='ocrx_word' id='word_1_12' title='bbox 1451 267 1512 299; x_wconf 87' lang='lat'>111.</span> <span class='ocrx_word' id='word_1_13' title='bbox 1554 252 1640 299; x_wconf 66' lang='lat'>251</span> 
     </span>
    </p>
   </div>
   <div class='ocr_carea' id='block_1_2' title="bbox 179 346 1665 2916">
    <p class='ocr_par' dir='ltr' id='par_1_2' title="bbox 179 346 1659 1171">
     <span class='ocr_line' id='line_1_2' title="bbox 188 346 1651 411; baseline 0.001 -19"><span class='ocrx_word' id='word_1_14' title='bbox 188 366 211 392; x_wconf 73' lang='grc' dir='ltr'>τ(</span> <span class='ocrx_word' id='word_1_15' title='bbox 232 347 588 404; x_wconf 85' lang='lat' dir='ltr'>Matrimonium,</span> <span class='ocrx_word' id='word_1_16' title='bbox 627 346 683 394; x_wconf 86' lang='lat' dir='ltr'>de</span> <span class='ocrx_word' id='word_1_17' title='bbox 715 363 803 411; x_wconf 92' lang='lat' dir='ltr'>quo</span> <span class='ocrx_word' id='word_1_18' title='bbox 837 346 1008 410; x_wconf 81' lang='lat' dir='ltr'>agitur,</span> <span class='ocrx_word' id='word_1_19' title='bbox 1044 346 1166 393; x_wconf 85' lang='lat' dir='ltr'>iuxta</span> <span class='ocrx_word' id='word_1_20' title='bbox 1197 346 1398 411; x_wconf 88' lang='lat' dir='ltr'>exposita</span> <span class='ocrx_word' id='word_1_21' title='bbox 1423 362 1524 394; x_wconf 90' lang='lat' dir='ltr'>esse</span> <span class='ocrx_word' id='word_1_22' title='bbox 1553 347 1651 394; x_wconf 80' lang='lat' dir='ltr'>nul-</span> 
     </span>
     <span class='ocr_line' id='line_1_3' title="bbox 185 423 1653 486; baseline 0.001 -17"><span class='ocrx_word' id='word_1_23' title='bbox 185 423 298 478; x_wconf 80' lang='lat' dir='ltr'>lum,</span> <span class='ocrx_word' id='word_1_24' title='bbox 338 423 564 470; x_wconf 80' lang='lat' dir='ltr'>dummodo</span> <span class='ocrx_word' id='word_1_25' title='bbox 594 424 885 470; x_wconf 74' lang='lat' dir='ltr'>contrahentes</span> <span class='ocrx_word' id='word_1_26' title='bbox 909 423 1055 486; x_wconf 72' lang='lat' dir='ltr'>aliquo</span> <span class='ocrx_word' id='word_1_27' title='bbox 1080 423 1166 470; x_wconf 78' lang='lat' dir='ltr'>alio</span> <span class='ocrx_word' id='word_1_28' title='bbox 1190 425 1237 470; x_wconf 77' lang='lat' dir='ltr'>in</span> <span class='ocrx_word' id='word_1_29' title='bbox 1263 424 1370 478; x_wconf 85' lang='lat' dir='ltr'>loco,</span> <span class='ocrx_word' id='word_1_30' title='bbox 1399 424 1445 469; x_wconf 78' lang='lat' dir='ltr'>in</span> <span class='ocrx_word' id='word_1_31' title='bbox 1469 440 1549 486; x_wconf 79' lang='lat' dir='ltr'>quo</span> <span class='ocrx_word' id='word_1_32' title='bbox 1575 424 1653 470; x_wconf 74' lang='lat' dir='ltr'>tri-</span> 
     </span>
     <span class='ocr_line' id='line_1_4' title="bbox 182 498 1655 564; baseline 0 -19"><span class='ocrx_word' id='word_1_33' title='bbox 182 498 405 546; x_wconf 77' lang='lat' dir='ltr'>dentinum</span> <span class='ocrx_word' id='word_1_34' title='bbox 425 500 700 564; x_wconf 76' lang='lat' dir='ltr'>publicatum</span> <span class='ocrx_word' id='word_1_35' title='bbox 724 518 808 546; x_wconf 72' lang='lat' dir='ltr'>non</span> <span class='ocrx_word' id='word_1_36' title='bbox 833 500 940 564; x_wconf 71' lang='lat' dir='ltr'>fuit,</span> <span class='ocrx_word' id='word_1_37' title='bbox 963 500 1141 546; x_wconf 78' lang='lat' dir='ltr'>scientes</span> <span class='ocrx_word' id='word_1_38' title='bbox 1158 500 1416 563; x_wconf 77' lang='lat' dir='ltr'><em>parisiensis</em></span> <span class='ocrx_word' id='word_1_39' title='bbox 1439 499 1655 546; x_wconf 74' lang='lat' dir='ltr'>matrimo-</span> 
     </span>
     <span class='ocr_line' id='line_1_5' title="bbox 181 574 1655 631; baseline 0.001 -9"><span class='ocrx_word' id='word_1_40' title='bbox 181 577 250 622; x_wconf 75' lang='lat' dir='ltr'>nii</span> <span class='ocrx_word' id='word_1_41' title='bbox 263 576 529 631; x_wconf 78' lang='lat' dir='ltr'>nullitatem,</span> <span class='ocrx_word' id='word_1_42' title='bbox 551 593 658 622; x_wconf 74' lang='lat' dir='ltr'>novo</span> <span class='ocrx_word' id='word_1_43' title='bbox 678 575 791 622; x_wconf 74' lang='lat' dir='ltr'>illud</span> <span class='ocrx_word' id='word_1_44' title='bbox 808 592 1012 622; x_wconf 84' lang='lat' dir='ltr'>consensu</span> <span class='ocrx_word' id='word_1_45' title='bbox 1034 593 1118 622; x_wconf 78' lang='lat' dir='ltr'>non</span> <span class='ocrx_word' id='word_1_46' title='bbox 1140 574 1480 622; x_wconf 78' lang='lat' dir='ltr'>revalidaverint</span> <span class='ocrx_word' id='word_1_47' title='bbox 1494 613 1503 631; x_wconf 97' lang='lat'>,</span> <span class='ocrx_word' id='word_1_48' title='bbox 1532 574 1655 623; x_wconf 88' lang='lat' dir='ltr'>ideo-</span> 
     </span>
     <span class='ocr_line' id='line_1_6' title="bbox 182 650 1655 716; baseline 0.001 -18"><span class='ocrx_word' id='word_1_49' title='bbox 182 668 271 716; x_wconf 89' lang='lat' dir='ltr'>que</span> <span class='ocrx_word' id='word_1_50' title='bbox 306 650 418 698; x_wconf 89' lang='lat' dir='ltr'>nihil</span> <span class='ocrx_word' id='word_1_51' title='bbox 447 651 623 699; x_wconf 87' lang='lat' dir='ltr'>obstare</span> <span class='ocrx_word' id='word_1_52' title='bbox 640 689 650 707; x_wconf 97' lang='lat'>,</span> <span class='ocrx_word' id='word_1_53' title='bbox 679 651 917 715; x_wconf 86' lang='lat' dir='ltr'>quominus</span> <span class='ocrx_word' id='word_1_54' title='bbox 953 652 1141 708; x_wconf 81' lang='lat' dir='ltr'><strong>oratrix,</strong></span> <span class='ocrx_word' id='word_1_55' title='bbox 1171 651 1351 715; x_wconf 89' lang='lat' dir='ltr'>praevia</span> <span class='ocrx_word' id='word_1_56' title='bbox 1374 651 1655 699; x_wconf 88' lang='lat' dir='ltr'>absolutione</span> 
     </span>
     <span class='ocr_line' id='line_1_7' title="bbox 181 726 1656 790; baseline -0.001 -14"><span class='ocrx_word' id='word_1_57' title='bbox 181 744 209 776; x_wconf 82' lang='lat' dir='ltr'>a</span> <span class='ocrx_word' id='word_1_58' title='bbox 233 726 463 782; x_wconf 79' lang='lat' dir='ltr'><em>censuris,</em></span> <span class='ocrx_word' id='word_1_59' title='bbox 497 735 542 773; x_wconf 90' lang='lat' dir='ltr'>et</span> <span class='ocrx_word' id='word_1_60' title='bbox 569 726 792 790; x_wconf 88' lang='lat' dir='ltr'>impositis</span> <span class='ocrx_word' id='word_1_61' title='bbox 821 726 1104 790; x_wconf 84' lang='lat' dir='ltr'>poenitentiis</span> <span class='ocrx_word' id='word_1_62' title='bbox 1140 727 1434 784; x_wconf 86' lang='lat' dir='ltr'>salutaribus,</span> <span class='ocrx_word' id='word_1_63' title='bbox 1463 727 1519 774; x_wconf 90' lang='lat' dir='ltr'>ad</span> <span class='ocrx_word' id='word_1_64' title='bbox 1543 726 1656 775; x_wconf 88' lang='lat' dir='ltr'>alias</span> 
     </span>
     <span class='ocr_line' id='line_1_8' title="bbox 181 800 1656 867; baseline -0.001 -17"><span class='ocrx_word' id='word_1_65' title='bbox 181 801 362 866; x_wconf 86' lang='lat' dir='ltr'>nuptias</span> <span class='ocrx_word' id='word_1_66' title='bbox 397 800 516 848; x_wconf 86' lang='lat' dir='ltr'>licite</span> <span class='ocrx_word' id='word_1_67' title='bbox 540 817 592 848; x_wconf 85' lang='lat' dir='ltr'>ac</span> <span class='ocrx_word' id='word_1_68' title='bbox 612 800 761 848; x_wconf 84' lang='lat' dir='ltr'>valide</span> <span class='ocrx_word' id='word_1_69' title='bbox 796 801 987 849; x_wconf 89' lang='lat' dir='ltr'>transire</span> <span class='ocrx_word' id='word_1_70' title='bbox 1017 802 1211 849; x_wconf 86' lang='lat' dir='ltr'>valeat.»</span> <span class='ocrx_word' id='word_1_71' title='bbox 1234 802 1350 864; x_wconf 82' lang='lat' dir='ltr'>Ergo</span> <span class='ocrx_word' id='word_1_72' title='bbox 1383 819 1461 867; x_wconf 89' lang='lat' dir='ltr'>per</span> <span class='ocrx_word' id='word_1_73' title='bbox 1494 819 1656 850; x_wconf 91' lang='lat' dir='ltr'>novum</span> 
     </span>
     <span class='ocr_line' id='line_1_9' title="bbox 179 876 1658 943; baseline 0 -17"><span class='ocrx_word' id='word_1_74' title='bbox 179 894 449 926; x_wconf 89' lang='lat' dir='ltr'>consensum</span> <span class='ocrx_word' id='word_1_75' title='bbox 467 915 477 933; x_wconf 98' lang='lat'>,</span> <span class='ocrx_word' id='word_1_76' title='bbox 507 877 584 942; x_wconf 92' lang='lat' dir='ltr'>qui</span> <span class='ocrx_word' id='word_1_77' title='bbox 606 877 661 925; x_wconf 89' lang='lat' dir='ltr'>iis</span> <span class='ocrx_word' id='word_1_78' title='bbox 679 877 724 923; x_wconf 91' lang='lat' dir='ltr'>in</span> <span class='ocrx_word' id='word_1_79' title='bbox 745 876 854 924; x_wconf 91' lang='lat' dir='ltr'>locis</span> <span class='ocrx_word' id='word_1_80' title='bbox 879 878 925 924; x_wconf 92' lang='lat' dir='ltr'>in</span> <span class='ocrx_word' id='word_1_81' title='bbox 944 878 1107 942; x_wconf 92' lang='lat' dir='ltr'>quibus</span> <span class='ocrx_word' id='word_1_82' title='bbox 1132 877 1409 943; x_wconf 89' lang='lat' dir='ltr'>praedictum</span> <span class='ocrx_word' id='word_1_83' title='bbox 1433 878 1658 926; x_wconf 88' lang='lat' dir='ltr'>decretum</span> 
     </span>
     <span class='ocr_line' id='line_1_10' title="bbox 180 943 1653 1019; baseline 0 -17"><span class='ocrx_word' id='word_1_84' title='bbox 180 943 469 1003; x_wconf 78' lang='lat' dir='ltr'>tridentinum</span> <span class='ocrx_word' id='word_1_85' title='bbox 505 953 782 1019; x_wconf 89' lang='lat' dir='ltr'>publicatum</span> <span class='ocrx_word' id='word_1_86' title='bbox 809 971 895 1002; x_wconf 91' lang='lat' dir='ltr'>non</span> <span class='ocrx_word' id='word_1_87' title='bbox 920 964 990 1001; x_wconf 90' lang='lat' dir='ltr'>est</span> <span class='ocrx_word' id='word_1_88' title='bbox 1013 971 1161 1002; x_wconf 90' lang='lat' dir='ltr'>coram</span> <span class='ocrx_word' id='word_1_89' title='bbox 1185 954 1407 1001; x_wconf 89' lang='lat' dir='ltr'>haeretico</span> <span class='ocrx_word' id='word_1_90' title='bbox 1430 954 1653 1011; x_wconf 89' lang='lat' dir='ltr'>ministro,</span> 
     </span>
     <span class='ocr_line' id='line_1_11' title="bbox 180 1030 1659 1096; baseline -0.001 -17"><span class='ocrx_word' id='word_1_91' title='bbox 180 1041 258 1079; x_wconf 84' lang='lat' dir='ltr'>aut</span> <span class='ocrx_word' id='word_1_92' title='bbox 280 1030 460 1096; x_wconf 89' lang='lat' dir='ltr'>publico</span> <span class='ocrx_word' id='word_1_93' title='bbox 485 1033 746 1095; x_wconf 84' lang='lat' dir='ltr'>magistratu</span> <span class='ocrx_word' id='word_1_94' title='bbox 771 1030 1035 1095; x_wconf 86' lang='lat' dir='ltr'>praebeatur</span> <span class='ocrx_word' id='word_1_95' title='bbox 1052 1069 1062 1088; x_wconf 99' lang='lat'>,</span> <span class='ocrx_word' id='word_1_96' title='bbox 1090 1030 1423 1078; x_wconf 89' lang='lat' dir='ltr'>matrimonium</span> <span class='ocrx_word' id='word_1_97' title='bbox 1448 1030 1574 1095; x_wconf 88' lang='lat' dir='ltr'>prius</span> <span class='ocrx_word' id='word_1_98' title='bbox 1599 1031 1659 1077; x_wconf 89' lang='lat' dir='ltr'>ir·-</span> 
     </span>
     <span class='ocr_line' id='line_1_12' title="bbox 181 1106 888 1171; baseline 0 -19"><span class='ocrx_word' id='word_1_99' title='bbox 181 1106 316 1155; x_wconf 83' lang='lat' dir='ltr'>ritum</span> <span class='ocrx_word' id='word_1_100' title='bbox 335 1144 345 1163; x_wconf 96' lang='lat'>,</span> <span class='ocrx_word' id='word_1_101' title='bbox 372 1106 571 1157; x_wconf 87' lang='lat' dir='ltr'>validum</span> <span class='ocrx_word' id='word_1_102' title='bbox 603 1106 698 1154; x_wconf 87' lang='lat' dir='ltr'>fieri</span> <span class='ocrx_word' id='word_1_103' title='bbox 728 1115 888 1171; x_wconf 90' lang='lat' dir='ltr'>potest.</span> 
     </span>
    </p>

    <p class='ocr_par' dir='ltr' id='par_1_3' title="bbox 181 1181 1663 2378">
     <span class='ocr_line' id='line_1_13' title="bbox 280 1181 1659 1246; baseline 0.001 -17"><span class='ocrx_word' id='word_1_104' title='bbox 280 1183 470 1231; x_wconf 85' lang='lat' dir='ltr'>Rursum</span> <span class='ocrx_word' id='word_1_105' title='bbox 510 1182 568 1230; x_wconf 86' lang='lat' dir='ltr'>ab</span> <span class='ocrx_word' id='word_1_106' title='bbox 606 1183 761 1230; x_wconf 89' lang='lat' dir='ltr'>eadem</span> <span class='ocrx_word' id='word_1_107' title='bbox 797 1199 925 1230; x_wconf 88' lang='lat' dir='ltr'>sacra</span> <span class='ocrx_word' id='word_1_108' title='bbox 963 1199 1192 1246; x_wconf 60' lang='lat' dir='ltr'>congreg„</span> <span class='ocrx_word' id='word_1_109' title='bbox 1225 1181 1444 1246; x_wconf 86' lang='lat' dir='ltr'>probante</span> <span class='ocrx_word' id='word_1_110' title='bbox 1483 1198 1659 1230; x_wconf 86' lang='lat' dir='ltr'>summo</span> 
     </span>
     <span class='ocr_line' id='line_1_14' title="bbox 182 1258 1662 1323; baseline -0.002 -16"><span class='ocrx_word' id='word_1_111' title='bbox 182 1258 416 1323; x_wconf 88' lang='lat' dir='ltr'>pontifice,</span> <span class='ocrx_word' id='word_1_112' title='bbox 446 1259 491 1306; x_wconf 91' lang='lat' dir='ltr'>in</span> <span class='ocrx_word' id='word_1_113' title='bbox 517 1258 614 1323; x_wconf 87' lang='lat' dir='ltr'>pari</span> <span class='ocrx_word' id='word_1_114' title='bbox 650 1276 759 1306; x_wconf 85' lang='lat' dir='ltr'>casu</span> <span class='ocrx_word' id='word_1_115' title='bbox 790 1258 902 1307; x_wconf 87' lang='lat' dir='ltr'>haec</span> <span class='ocrx_word' id='word_1_116' title='bbox 923 1259 1027 1306; x_wconf 86' lang='lat' dir='ltr'>data</span> <span class='ocrx_word' id='word_1_117' title='bbox 1050 1269 1118 1307; x_wconf 89' lang='lat' dir='ltr'>est</span> <span class='ocrx_word' id='word_1_118' title='bbox 1142 1258 1353 1306; x_wconf 89' lang='lat' dir='ltr'>resolutio</span> <span class='ocrx_word' id='word_1_119' title='bbox 1376 1258 1450 1305; x_wconf 93' lang='lat' dir='ltr'>die</span> <span class='ocrx_word' id='word_1_120' title='bbox 1475 1259 1552 1304; x_wconf 82' lang='lat'>13.</span> <span class='ocrx_word' id='word_1_121' title='bbox 1577 1259 1662 1305; x_wconf 88' lang='lat' dir='ltr'>Au-</span> 
     </span>
     <span class='ocr_line' id='line_1_15' title="bbox 182 1334 1660 1400; baseline -0.001 -17"><span class='ocrx_word' id='word_1_122' title='bbox 182 1335 302 1399; x_wconf 82' lang='lat' dir='ltr'>gusti</span> <span class='ocrx_word' id='word_1_123' title='bbox 344 1336 486 1383; x_wconf 81' lang='lat'><strong>1849.</strong></span> <span class='ocrx_word' id='word_1_124' title='bbox 520 1355 542 1380; x_wconf 89' lang='lat'><strong><em>«</em></strong></span> <span class='ocrx_word' id='word_1_125' title='bbox 573 1336 788 1383; x_wconf 88' lang='lat' dir='ltr'>Sanctiss.</span> <span class='ocrx_word' id='word_1_126' title='bbox 818 1345 902 1384; x_wconf 90' lang='lat' dir='ltr'>etc.</span> <span class='ocrx_word' id='word_1_127' title='bbox 931 1335 1084 1383; x_wconf 90' lang='lat' dir='ltr'>audito</span> <span class='ocrx_word' id='word_1_128' title='bbox 1116 1339 1313 1383; x_wconf 72' lang='lat' dir='ltr'>efflorum</span> <span class='ocrx_word' id='word_1_129' title='bbox 1346 1334 1660 1400; x_wconf 89' lang='lat' dir='ltr'>inquisitorum</span> 
     </span>
     <span class='ocr_line' id='line_1_16' title="bbox 181 1410 1661 1475; baseline 0.001 -17"><span class='ocrx_word' id='word_1_130' title='bbox 181 1410 457 1474; x_wconf 80' lang='lat' dir='ltr'>generalium</span> <span class='ocrx_word' id='word_1_131' title='bbox 492 1411 707 1475; x_wconf 81' lang='lat' dir='ltr'>suffragio</span> <span class='ocrx_word' id='word_1_132' title='bbox 725 1449 735 1468; x_wconf 95' lang='lat'>,</span> <span class='ocrx_word' id='word_1_133' title='bbox 763 1428 817 1459; x_wconf 87' lang='lat' dir='ltr'>ac</span> <span class='ocrx_word' id='word_1_134' title='bbox 840 1411 1053 1458; x_wconf 86' lang='lat' dir='ltr'>referente</span> <span class='ocrx_word' id='word_1_135' title='bbox 1081 1428 1151 1459; x_wconf 88' lang='lat' dir='ltr'>me</span> <span class='ocrx_word' id='word_1_136' title='bbox 1187 1411 1469 1475; x_wconf 85' lang='lat' dir='ltr'>infrascripto</span> <span class='ocrx_word' id='word_1_137' title='bbox 1504 1427 1661 1475; x_wconf 88' lang='lat' dir='ltr'>supre-</span> 
     </span>
     <span class='ocr_line' id='line_1_17' title="bbox 182 1486 1660 1552; baseline 0 -17"><span class='ocrx_word' id='word_1_138' title='bbox 182 1498 281 1535; x_wconf 87' lang='lat' dir='ltr'>mae</span> <span class='ocrx_word' id='word_1_139' title='bbox 316 1486 624 1551; x_wconf 87' lang='lat' dir='ltr'>inquisitionis</span> <span class='ocrx_word' id='word_1_140' title='bbox 659 1504 908 1543; x_wconf 89' lang='lat' dir='ltr'>assessore,</span> <span class='ocrx_word' id='word_1_141' title='bbox 943 1487 988 1534; x_wconf 90' lang='lat' dir='ltr'>in</span> <span class='ocrx_word' id='word_1_142' title='bbox 1021 1504 1129 1536; x_wconf 90' lang='lat' dir='ltr'>casu</span> <span class='ocrx_word' id='word_1_143' title='bbox 1152 1487 1208 1535; x_wconf 90' lang='lat' dir='ltr'>de</span> <span class='ocrx_word' id='word_1_144' title='bbox 1231 1504 1320 1552; x_wconf 91' lang='lat' dir='ltr'>quo</span> <span class='ocrx_word' id='word_1_145' title='bbox 1344 1487 1510 1550; x_wconf 80' lang='lat' dir='ltr'>agitur,</span> <span class='ocrx_word' id='word_1_146' title='bbox 1541 1504 1660 1535; x_wconf 89' lang='lat' dir='ltr'>man-</span> 
     </span>
     <span class='ocr_line' id='line_1_18' title="bbox 181 1561 1658 1628; baseline 0.001 -20"><span class='ocrx_word' id='word_1_147' title='bbox 181 1561 306 1610; x_wconf 78' lang='lat' dir='ltr'>davit</span> <span class='ocrx_word' id='word_1_148' title='bbox 338 1562 551 1610; x_wconf 87' lang='lat' dir='ltr'>rescribi:</span> <span class='ocrx_word' id='word_1_149' title='bbox 581 1563 627 1608; x_wconf 92' lang='lat' dir='ltr'>Si</span> <span class='ocrx_word' id='word_1_150' title='bbox 650 1579 754 1610; x_wconf 87' lang='lat' dir='ltr'>vera</span> <span class='ocrx_word' id='word_1_151' title='bbox 779 1573 883 1610; x_wconf 88' lang='lat' dir='ltr'>sunt</span> <span class='ocrx_word' id='word_1_152' title='bbox 905 1563 1128 1628; x_wconf 87' lang='lat' dir='ltr'>exposita,</span> <span class='ocrx_word' id='word_1_153' title='bbox 1158 1562 1268 1612; x_wconf 88' lang='lat' dir='ltr'>satis</span> <span class='ocrx_word' id='word_1_154' title='bbox 1298 1573 1526 1620; x_wconf 86' lang='lat' dir='ltr'>constare,</span> <span class='ocrx_word' id='word_1_155' title='bbox 1563 1579 1658 1610; x_wconf 87' lang='lat' dir='ltr'>ma·-</span> 
     </span>
     <span class='ocr_line' id='line_1_19' title="bbox 182 1638 1659 1704; baseline 0.001 -19"><span class='ocrx_word' id='word_1_156' title='bbox 182 1638 438 1686; x_wconf 87' lang='lat' dir='ltr'>trimonium</span> <span class='ocrx_word' id='word_1_157' title='bbox 471 1638 592 1704; x_wconf 93' lang='lat' dir='ltr'>quod</span> <span class='ocrx_word' id='word_1_158' title='bbox 632 1656 750 1687; x_wconf 87' lang='lat' dir='ltr'>anno</span> <span class='ocrx_word' id='word_1_159' title='bbox 790 1640 932 1686; x_wconf 75' lang='lat'><strong>1832.</strong></span> <span class='ocrx_word' id='word_1_160' title='bbox 966 1639 1185 1687; x_wconf 88' lang='lat' dir='ltr'>catholica</span> <span class='ocrx_word' id='word_1_161' title='bbox 1219 1640 1271 1686; x_wconf 90' lang='lat' dir='ltr'>N.</span> <span class='ocrx_word' id='word_1_162' title='bbox 1304 1639 1522 1687; x_wconf 86' lang='lat' dir='ltr'>contraxit</span> <span class='ocrx_word' id='word_1_163' title='bbox 1558 1655 1659 1686; x_wconf 92' lang='lat' dir='ltr'>cum</span> 
     </span>
     <span class='ocr_line' id='line_1_20' title="bbox 181 1707 1660 1780; baseline -0.001 -18"><span class='ocrx_word' id='word_1_164' title='bbox 181 1707 279 1762; x_wconf 85' lang='lat' dir='ltr'>viro</span> <span class='ocrx_word' id='word_1_165' title='bbox 312 1725 582 1779; x_wconf 75' lang='lat' dir='ltr'>protestante</span> <span class='ocrx_word' id='word_1_166' title='bbox 605 1716 660 1764; x_wconf 87' lang='grc' dir='ltr'>Ν.</span> <span class='ocrx_word' id='word_1_167' title='bbox 684 1715 782 1763; x_wconf 91' lang='lat' dir='ltr'>sine</span> <span class='ocrx_word' id='word_1_168' title='bbox 806 1715 1056 1780; x_wconf 88' lang='lat' dir='ltr'>praesentia</span> <span class='ocrx_word' id='word_1_169' title='bbox 1080 1715 1263 1780; x_wconf 89' lang='lat' dir='ltr'>parochi</span> <span class='ocrx_word' id='word_1_170' title='bbox 1288 1715 1494 1763; x_wconf 88' lang='lat' dir='ltr'>catholici</span> <span class='ocrx_word' id='word_1_171' title='bbox 1519 1715 1660 1762; x_wconf 89' lang='lat' dir='ltr'>fuisse</span> 
     </span>
     <span class='ocr_line' id='line_1_21' title="bbox 184 1789 1663 1855; baseline 0.001 -19"><span class='ocrx_word' id='word_1_172' title='bbox 184 1789 364 1837; x_wconf 78' lang='lat' dir='ltr'>nullite&#39;r</span> <span class='ocrx_word' id='word_1_173' title='bbox 402 1800 697 1847; x_wconf 87' lang='lat' dir='ltr'>contra-ctum,</span> <span class='ocrx_word' id='word_1_174' title='bbox 742 1807 795 1837; x_wconf 86' lang='lat' dir='ltr'>ac</span> <span class='ocrx_word' id='word_1_175' title='bbox 835 1791 1043 1855; x_wconf 81' lang='lat' dir='ltr'>proinde,</span> <span class='ocrx_word' id='word_1_176' title='bbox 1080 1792 1123 1838; x_wconf 78' lang='lat' dir='ltr'>si</span> <span class='ocrx_word' id='word_1_177' title='bbox 1139 1790 1272 1838; x_wconf 46' lang='lat' dir='ltr'>*illud</span> <span class='ocrx_word' id='word_1_178' title='bbox 1307 1800 1541 1854; x_wconf 76' lang='lat' dir='ltr'>numquam</span> <span class='ocrx_word' id='word_1_179' title='bbox 1575 1791 1663 1855; x_wconf 76' lang='lat' dir='ltr'>fuit</span> 
     </span>
     <span class='ocr_line' id='line_1_22' title="bbox 183 1865 1662 1930; baseline 0.001 -20"><span class='ocrx_word' id='word_1_180' title='bbox 183 1865 478 1913; x_wconf 76' lang='lat' dir='ltr'>revalidatum</span> <span class='ocrx_word' id='word_1_181' title='bbox 497 1902 508 1919; x_wconf 83' lang='lat'>,</span> <span class='ocrx_word' id='word_1_182' title='bbox 549 1882 684 1929; x_wconf 90' lang='lat' dir='ltr'>posse</span> <span class='ocrx_word' id='word_1_183' title='bbox 720 1866 921 1914; x_wconf 87' lang='lat' dir='ltr'>eamdem</span> <span class='ocrx_word' id='word_1_184' title='bbox 952 1867 1005 1912; x_wconf 93' lang='lat' dir='ltr'>N.</span> <span class='ocrx_word' id='word_1_185' title='bbox 1035 1867 1224 1913; x_wconf 89' lang='lat' dir='ltr'>transire</span> <span class='ocrx_word' id='word_1_186' title='bbox 1259 1865 1316 1913; x_wconf 87' lang='lat' dir='ltr'>ad</span> <span class='ocrx_word' id='word_1_187' title='bbox 1341 1865 1454 1913; x_wconf 87' lang='lat' dir='ltr'>alias</span> <span class='ocrx_word' id='word_1_188' title='bbox 1482 1865 1662 1930; x_wconf 83' lang='lat' dir='ltr'>nuptias</span> 
     </span>
     <span class='ocr_line' id='line_1_23' title="bbox 184 1935 1662 1997; baseline 0 -8"><span class='ocrx_word' id='word_1_189' title='bbox 184 1955 286 1996; x_wconf 78' lang='lat' dir='ltr'>cum</span> <span class='ocrx_word' id='word_1_190' title='bbox 313 1935 410 1988; x_wconf 84' lang='lat' dir='ltr'>viro</span> <span class='ocrx_word' id='word_1_191' title='bbox 434 1950 580 1987; x_wconf 87' lang='lat' dir='ltr'>tamen</span> <span class='ocrx_word' id='word_1_192' title='bbox 607 1940 852 1997; x_wconf 88' lang='lat' dir='ltr'>catholico,</span> <span class='ocrx_word' id='word_1_193' title='bbox 881 1941 1122 1988; x_wconf 91' lang='lat' dir='ltr'>dummodo</span> <span class='ocrx_word' id='word_1_194' title='bbox 1147 1941 1317 1987; x_wconf 91' lang='lat' dir='ltr'>nullum</span> <span class='ocrx_word' id='word_1_195' title='bbox 1352 1940 1474 1991; x_wconf 89' lang='lat' dir='ltr'>aliud</span> <span class='ocrx_word' id='word_1_196' title='bbox 1515 1940 1662 1989; x_wconf 85' lang='lat' dir='ltr'>obstet</span> 
     </span>
     <span class='ocr_line' id='line_1_24' title="bbox 183 2016 1662 2082; baseline 0 -19"><span class='ocrx_word' id='word_1_197' title='bbox 183 2016 551 2082; x_wconf 90' lang='lat' dir='ltr'>impedimentum</span> <span class='ocrx_word' id='word_1_198' title='bbox 566 2055 575 2073; x_wconf 97' lang='lat'>,</span> <span class='ocrx_word' id='word_1_199' title='bbox 599 2017 780 2081; x_wconf 87' lang='lat' dir='ltr'>praevia</span> <span class='ocrx_word' id='word_1_200' title='bbox 803 2028 920 2064; x_wconf 90' lang='lat' dir='ltr'>etc.»</span> <span class='ocrx_word' id='word_1_201' title='bbox 938 2017 1105 2065; x_wconf 88' lang='lat' dir='ltr'>Eadem</span> <span class='ocrx_word' id='word_1_202' title='bbox 1130 2034 1260 2082; x_wconf 91' lang='lat' dir='ltr'>porro</span> <span class='ocrx_word' id='word_1_203' title='bbox 1283 2027 1353 2065; x_wconf 88' lang='lat' dir='ltr'>est</span> <span class='ocrx_word' id='word_1_204' title='bbox 1375 2016 1485 2064; x_wconf 87' lang='lat' dir='ltr'>ratio</span> <span class='ocrx_word' id='word_1_205' title='bbox 1508 2016 1662 2064; x_wconf 92' lang='lat' dir='ltr'>coniu-</span> 
     </span>
     <span class='ocr_line' id='line_1_25' title="bbox 184 2092 1663 2157; baseline 0 -18"><span class='ocrx_word' id='word_1_206' title='bbox 184 2093 359 2156; x_wconf 85' lang='lat' dir='ltr'>giorum</span> <span class='ocrx_word' id='word_1_207' title='bbox 377 2130 387 2149; x_wconf 94' lang='lat'>,</span> <span class='ocrx_word' id='word_1_208' title='bbox 417 2110 532 2157; x_wconf 88' lang='lat' dir='ltr'>quae</span> <span class='ocrx_word' id='word_1_209' title='bbox 557 2093 769 2141; x_wconf 86' lang='lat' dir='ltr'>haeretici</span> <span class='ocrx_word' id='word_1_210' title='bbox 795 2093 910 2140; x_wconf 89' lang='lat' dir='ltr'>inter</span> <span class='ocrx_word' id='word_1_211' title='bbox 933 2111 982 2141; x_wconf 90' lang='lat' dir='ltr'>se</span> <span class='ocrx_word' id='word_1_212' title='bbox 1011 2094 1056 2140; x_wconf 90' lang='lat' dir='ltr'>in</span> <span class='ocrx_word' id='word_1_213' title='bbox 1081 2093 1241 2141; x_wconf 89' lang='lat' dir='ltr'>iisdem</span> <span class='ocrx_word' id='word_1_214' title='bbox 1265 2110 1410 2141; x_wconf 89' lang='lat' dir='ltr'>rerum</span> <span class='ocrx_word' id='word_1_215' title='bbox 1439 2092 1663 2140; x_wconf 89' lang='lat' dir='ltr'>adiunctis</span> 
     </span>
     <span class='ocr_line' id='line_1_26' title="bbox 186 2169 1662 2234; baseline 0.001 -19"><span class='ocrx_word' id='word_1_216' title='bbox 186 2169 371 2226; x_wconf 88' lang='lat' dir='ltr'>inirent,</span> <span class='ocrx_word' id='word_1_217' title='bbox 405 2179 540 2233; x_wconf 88' lang='lat' dir='ltr'>atque</span> <span class='ocrx_word' id='word_1_218' title='bbox 568 2170 875 2232; x_wconf 79' lang='lat' dir='ltr'>coniugiorum</span> <span class='ocrx_word' id='word_1_219' title='bbox 904 2170 1162 2227; x_wconf 82' lang='lat' dir='ltr'>mixtorum;</span> <span class='ocrx_word' id='word_1_220' title='bbox 1191 2169 1393 2234; x_wconf 88' lang='lat' dir='ltr'>adeoque</span> <span class='ocrx_word' id='word_1_221' title='bbox 1421 2169 1459 2218; x_wconf 90' lang='lat' dir='ltr'>si</span> <span class='ocrx_word' id='word_1_222' title='bbox 1487 2169 1662 2217; x_wconf 90' lang='lat' dir='ltr'>illorum</span> 
     </span>
     <span class='ocr_line' id='line_1_27' title="bbox 186 2244 1663 2311; baseline 0.001 -20"><span class='ocrx_word' id='word_1_223' title='bbox 186 2246 368 2310; x_wconf 88' lang='lat' dir='ltr'>nuptiae</span> <span class='ocrx_word' id='word_1_224' title='bbox 400 2244 564 2292; x_wconf 86' lang='lat' dir='ltr'>fuerint</span> <span class='ocrx_word' id='word_1_225' title='bbox 599 2245 872 2293; x_wconf 87' lang='lat' dir='ltr'>instauratae</span> <span class='ocrx_word' id='word_1_226' title='bbox 889 2283 899 2303; x_wconf 97' lang='lat'>,</span> <span class='ocrx_word' id='word_1_227' title='bbox 925 2245 1003 2293; x_wconf 93' lang='lat' dir='ltr'>ubi</span> <span class='ocrx_word' id='word_1_228' title='bbox 1028 2263 1270 2311; x_wconf 87' lang='lat' dir='ltr'>numquam</span> <span class='ocrx_word' id='word_1_229' title='bbox 1293 2245 1436 2309; x_wconf 84' lang='lat' dir='ltr'>viguit</span> <span class='ocrx_word' id='word_1_230' title='bbox 1464 2245 1663 2294; x_wconf 89' lang='lat' dir='ltr'>tridenti-</span> 
     </span>
     <span class='ocr_line' id='line_1_28' title="bbox 189 2321 1325 2378; baseline 0 -10"><span class='ocrx_word' id='word_1_231' title='bbox 189 2338 293 2368; x_wconf 90' lang='lat' dir='ltr'>num</span> <span class='ocrx_word' id='word_1_232' title='bbox 323 2321 572 2378; x_wconf 91' lang='lat' dir='ltr'>decretum,</span> <span class='ocrx_word' id='word_1_233' title='bbox 600 2338 680 2368; x_wconf 88' lang='lat' dir='ltr'>eae</span> <span class='ocrx_word' id='word_1_234' title='bbox 704 2321 881 2369; x_wconf 88' lang='lat' dir='ltr'>validae</span> <span class='ocrx_word' id='word_1_235' title='bbox 907 2334 1035 2370; x_wconf 89' lang='lat' dir='ltr'>erunt</span> <span class='ocrx_word' id='word_1_236' title='bbox 1058 2322 1325 2371; x_wconf 84' lang='lat' dir='ltr'>censendae.</span> 
     </span>
    </p>

    <p class='ocr_par' dir='ltr' id='par_1_4' title="bbox 187 2397 1665 2916">
     <span class='ocr_line' id='line_1_29' title="bbox 283 2397 1664 2464; baseline 0 -20"><span class='ocrx_word' id='word_1_237' title='bbox 283 2398 429 2445; x_wconf 91' lang='lat' dir='ltr'>Tertio</span> <span class='ocrx_word' id='word_1_238' title='bbox 462 2397 904 2448; x_wconf 87' lang='lat' dir='ltr'>animadvertendum</span> <span class='ocrx_word' id='word_1_239' title='bbox 938 2409 1028 2456; x_wconf 89' lang='lat' dir='ltr'>est,</span> <span class='ocrx_word' id='word_1_240' title='bbox 1065 2398 1440 2464; x_wconf 89' lang='lat' dir='ltr'>quemadmodum</span> <span class='ocrx_word' id='word_1_241' title='bbox 1471 2399 1560 2447; x_wconf 90' lang='lat' dir='ltr'>iam</span> <span class='ocrx_word' id='word_1_242' title='bbox 1595 2399 1664 2445; x_wconf 89' lang='lat' dir='ltr'>in—</span> 
     </span>
     <span class='ocr_line' id='line_1_30' title="bbox 187 2474 1662 2538; baseline 0 -18"><span class='ocrx_word' id='word_1_243' title='bbox 187 2474 390 2530; x_wconf 88' lang='lat' dir='ltr'>nuimus,</span> <span class='ocrx_word' id='word_1_244' title='bbox 431 2484 565 2538; x_wconf 91' lang='lat' dir='ltr'>atque</span> <span class='ocrx_word' id='word_1_245' title='bbox 590 2491 642 2520; x_wconf 85' lang='lat' dir='ltr'>ex</span> <span class='ocrx_word' id='word_1_246' title='bbox 667 2474 799 2522; x_wconf 89' lang='lat' dir='ltr'>dictis</span> <span class='ocrx_word' id='word_1_247' title='bbox 824 2474 939 2522; x_wconf 91' lang='lat' dir='ltr'>clare</span> <span class='ocrx_word' id='word_1_248' title='bbox 963 2475 1207 2538; x_wconf 80' lang='lat' dir='ltr'>colligitur,</span> <span class='ocrx_word' id='word_1_249' title='bbox 1248 2474 1497 2538; x_wconf 80' lang='lat' dir='ltr'>generalem</span> <span class='ocrx_word' id='word_1_250' title='bbox 1534 2491 1662 2536; x_wconf 82' lang='lat' dir='ltr'>regu-</span> 
     </span>
     <span class='ocr_line' id='line_1_31' title="bbox 188 2549 1665 2615; baseline -0.001 -18"><span class='ocrx_word' id='word_1_251' title='bbox 188 2550 302 2606; x_wconf 89' lang='lat' dir='ltr'>lam,</span> <span class='ocrx_word' id='word_1_252' title='bbox 342 2567 433 2615; x_wconf 90' lang='lat' dir='ltr'>qua</span> <span class='ocrx_word' id='word_1_253' title='bbox 467 2549 747 2598; x_wconf 89' lang='lat' dir='ltr'>clandestina</span> <span class='ocrx_word' id='word_1_254' title='bbox 775 2550 1057 2599; x_wconf 89' lang='lat' dir='ltr'>matrimonia</span> <span class='ocrx_word' id='word_1_255' title='bbox 1092 2550 1414 2600; x_wconf 86' lang='lat' dir='ltr'>haereticorum</span> <span class='ocrx_word' id='word_1_256' title='bbox 1451 2559 1494 2596; x_wconf 89' lang='lat' dir='ltr'>et</span> <span class='ocrx_word' id='word_1_257' title='bbox 1527 2549 1665 2596; x_wconf 84' lang='lat' dir='ltr'>mixta</span> 
     </span>
     <span class='ocr_line' id='line_1_32' title="bbox 188 2623 1665 2692; baseline -0.001 -19"><span class='ocrx_word' id='word_1_258' title='bbox 188 2623 396 2674; x_wconf 89' lang='lat' dir='ltr'>dicuntur</span> <span class='ocrx_word' id='word_1_259' title='bbox 429 2626 653 2684; x_wconf 89' lang='lat' dir='ltr'>invalida,</span> <span class='ocrx_word' id='word_1_260' title='bbox 694 2644 801 2674; x_wconf 90' lang='lat' dir='ltr'>suas</span> <span class='ocrx_word' id='word_1_261' title='bbox 835 2627 1115 2692; x_wconf 87' lang='lat' dir='ltr'>exceptiones</span> <span class='ocrx_word' id='word_1_262' title='bbox 1144 2627 1334 2683; x_wconf 89' lang='lat' dir='ltr'>habere,</span> <span class='ocrx_word' id='word_1_263' title='bbox 1368 2642 1481 2690; x_wconf 91' lang='lat' dir='ltr'>quas</span> <span class='ocrx_word' id='word_1_264' title='bbox 1515 2624 1665 2672; x_wconf 91' lang='lat' dir='ltr'>decla-</span> 
     </span>
     <span class='ocr_line' id='line_1_33' title="bbox 191 2700 1657 2768; baseline -0.001 -21"><span class='ocrx_word' id='word_1_265' title='bbox 191 2701 304 2749; x_wconf 86' lang='lat' dir='ltr'>ravit</span> <span class='ocrx_word' id='word_1_266' title='bbox 323 2701 428 2749; x_wconf 91' lang='lat' dir='ltr'>Pius</span> <span class='ocrx_word' id='word_1_267' title='bbox 445 2701 537 2747; x_wconf 88' lang='lat' dir='ltr'><strong>VII.</strong></span> <span class='ocrx_word' id='word_1_268' title='bbox 556 2702 602 2748; x_wconf 89' lang='lat' dir='ltr'>in</span> <span class='ocrx_word' id='word_1_269' title='bbox 621 2702 745 2750; x_wconf 87' lang='lat' dir='ltr'>Brevi</span> <span class='ocrx_word' id='word_1_270' title='bbox 770 2702 827 2750; x_wconf 89' lang='lat' dir='ltr'>ad</span> <span class='ocrx_word' id='word_1_271' title='bbox 851 2702 1050 2768; x_wconf 87' lang='lat' dir='ltr'>archiep.</span> <span class='ocrx_word' id='word_1_272' title='bbox 1073 2703 1381 2767; x_wconf 84' lang='lat' dir='ltr'>moguntinum</span> <span class='ocrx_word' id='word_1_273' title='bbox 1400 2701 1503 2748; x_wconf 89' lang='lat' dir='ltr'>dato</span> <span class='ocrx_word' id='word_1_274' title='bbox 1521 2700 1593 2747; x_wconf 91' lang='lat' dir='ltr'>die</span> <span class='ocrx_word' id='word_1_275' title='bbox 1613 2701 1657 2746; x_wconf 92' lang='lat'>8.</span> 
     </span>
     <span class='ocr_line' id='line_1_34' title="bbox 190 2776 1664 2846; baseline 0 -22"><span class='ocrx_word' id='word_1_276' title='bbox 190 2776 368 2825; x_wconf 89' lang='lat' dir='ltr'>Octobr.</span> <span class='ocrx_word' id='word_1_277' title='bbox 401 2779 542 2825; x_wconf 85' lang='lat'><strong>1803.</strong></span> <span class='ocrx_word' id='word_1_278' title='bbox 572 2779 682 2826; x_wconf 90' lang='lat' dir='ltr'>Cum</span> <span class='ocrx_word' id='word_1_279' title='bbox 708 2780 826 2826; x_wconf 86' lang='lat' dir='ltr'>enim</span> <span class='ocrx_word' id='word_1_280' title='bbox 851 2780 1131 2846; x_wconf 86' lang='lat' dir='ltr'>exposuisset</span> <span class='ocrx_word' id='word_1_281' title='bbox 1155 2778 1465 2827; x_wconf 89' lang='lat' dir='ltr'>nonnullorum</span> <span class='ocrx_word' id='word_1_282' title='bbox 1496 2776 1664 2825; x_wconf 89' lang='lat' dir='ltr'>theolo-</span> 
     </span>
     <span class='ocr_line' id='line_1_35' title="bbox 191 2852 1664 2916; baseline -0.001 -15"><span class='ocrx_word' id='word_1_283' title='bbox 191 2870 345 2916; x_wconf 77' lang='lat' dir='ltr'>gorum</span> <span class='ocrx_word' id='word_1_284' title='bbox 377 2855 640 2904; x_wconf 87' lang='lat' dir='ltr'>sententiam</span> <span class='ocrx_word' id='word_1_285' title='bbox 669 2857 989 2912; x_wconf 79' lang='lat' dir='ltr'>«matrimonia</span> <span class='ocrx_word' id='word_1_286' title='bbox 1013 2856 1335 2906; x_wconf 89' lang='lat' dir='ltr'>haereticorum</span> <span class='ocrx_word' id='word_1_287' title='bbox 1360 2870 1508 2902; x_wconf 84' lang='lat' dir='ltr'>coram</span> <span class='ocrx_word' id='word_1_288' title='bbox 1532 2852 1664 2901; x_wconf 86' lang='lat' dir='ltr'>mini-</span> 
     </span>
    </p>
   </div>
  </div>
 </body>
</html>
