1980 3260
360 232 450 277 430
615 244 696 285 un.
726 245 771 276 11.
801 244 914 276 ssscr.
944 245 1117 275 ALTERA.
1147 244 1198 275 ns
1223 243 1389 276 rorns‘r.
1420 244 1562 277 civlm.

356 324 462 371 bent
484 323 530 368 in
555 321 831 369 conscientia
858 322 1166 386 acquiescere:
1200 322 1413 387 quoniam
1448 322 1575 370 aliter
1603 340 1733 387 agere
1755 345 1827 375 ne-

342 408 545 465 queunt,
569 408 612 445 et
630 398 752 444 iuxta
772 397 986 445 rationem
1005 415 1188 446 necesse
1204 409 1274 446 est
1290 416 1362 446 res
1381 399 1559 446 tandem
1585 399 1828 464 aliquando

356 474 593 524 terminum
616 474 826 522 habeant.
849 475 942 522 Iam
969 492 1074 523 vero
1098 475 1357 524 huiusmodi
1385 476 1662 525 ratiocinatio
1685 494 1828 544 aeque

355 549 573 616 applicari
607 559 751 614 potest
783 550 910 598 casui
934 550 979 596 in
1005 567 1095 615 quo
1128 551 1351 599 sententia
1374 569 1401 599 a
1424 551 1572 600 iudice
1601 552 1723 601 civili
1749 553 1829 606 de-

357 625 606 674 nuncietur.

452 701 624 748 Interea
642 739 652 759 ,
687 701 725 748 si
760 718 1042 767 quacumque
1074 719 1128 750 ex
1163 712 1286 767 parte
1319 703 1460 750 oritur
1491 703 1746 761 conflictus,
1773 721 1826 754 eo

354 775 516 825 melius
549 787 668 842 patet
701 776 917 824 iudicium
952 777 1009 824 ad
1048 795 1161 842 quos
1202 788 1374 843 spectat
1412 778 1603 844 relinqui
1642 778 1820 837 debere,

354 869 515 918 nempe
549 851 796 900 auctoritati
831 852 968 899 civili.
1708 871 1710 873 ’

449 928 630 977 Accedit
655 928 775 994 quod
810 929 865 976 ad
900 928 1134 976 ecclesiam
1169 929 1350 976 minime
1384 930 1602 994 pertineat
1629 930 1827 979 iudicare

354 1005 401 1052 in
425 1005 519 1054 foro
542 1015 720 1053 externo
753 1005 974 1062 sententia
991 1043 1001 1063 ,
1039 1022 1156 1070 quae
1189 1023 1268 1070 per
1300 1005 1389 1054 vim
1424 1006 1671 1054 executioni
1706 1024 1828 1055 man-

344 1081 504 1138 danda
536 1081 620 1139 sit,
658 1098 760 1129 cum
794 1081 891 1129 eius
926 1081 1162 1146 imperium
1197 1081 1256 1129 sit
1289 1081 1334 1128 in
1369 1082 1828 1148 conscientias3ipsa

354 1157 517 1206 limites
551 1175 660 1207 suos
685 1158 1009 1222 transgreditur
1032 1158 1098 1205 sic
1122 1157 1319 1220 agendo,
1348 1167 1482 1222 atque
1505 1158 1638 1206 etiam
1666 1159 1827 1214 amittit

352 1235 564 1302 fiduciam
593 1252 684 1300 qua
716 1234 908 1281 maxime
931 1244 1044 1297 eget.
1061 1234 1143 1279 Si
1132 1250 1231 1298 ipsa
1254 1243 1458 1282 contenta
1481 1243 1600 1282 esset
1621 1234 1828 1289 iudicare

351 1311 399 1358 in
433 1311 528 1359 soro
561 1311 734 1358 interno
768 1328 846 1394 per
879 1325 988 1357 suos
1030 1309 1353 1366 confessarios,
1392 1310 1438 1356 id
1475 1324 1743 1395 numquam
1753 1329 1828 1366 ac,—

352 1386 546 1443 cideret‚
573 1386 681 1451 quia
705 1386 781 1450 qui
818 1385 875 1433 ad
910 1403 986 1433 eos
1021 1386 1232 1443 recurrit,
1261 1385 1336 1433 ille
1358 1386 1527 1451 estqui
1550 1403 1704 1435 vocem
1726 1400 1828 1441 con-

351 1462 566 1511 scientiae
599 1462 823 1526 experitur
838 1496 858 1519 ,2
883 1472 1017 1526 atque
1049 1472 1202 1526 utpote
1236 1461 1275 1509 is
1310 1462 1387 1527 qui
1421 1473 1620 1510 movetur
1653 1463 1827 1512 animae

350 1555 458 1587 suae
477 1538 719 1587 salvandae
737 1537 963 1595 desiderio
979 1576 989 1595 ,
1011 1549 1055 1586 et
1072 1538 1207 1587 cuius·
1219 1538 1409 1603 proinde
1425 1539 1608 1587 interest
1631 1539 1828 1604 pandere

349 1614 575 1672 veritatem
620 1613 757 1661 iudici
792 1631 873 1661 seu
906 1614 1179 1662 confessario
1218 1614 1289 1662 cui
1325 1630 1374 1662 se
1407 1614 1553 1672 sistit,
1598 1615 1825 1669 veritatem

350 1707 527 1755 semper
559 1689 838 1738 adamussim
873 1690 1055 1755 aperiet.
1376 1705 1379 1708 ·
1753 1740 1761 1746 „

444 1767 502 1815 Et
522 1784 632 1815 sane
654 1784 820 1815 causae
843 1767 1192 1815 matrimoniales
1225 1784 1390 1832 semper
1412 1767 1470 1815 ad
1493 1767 1733 1817 tribunalia
1764 1770 1829 1817 ci-

347 1842 456 1890 vilia
473 1852 744 1908 spectarunt.
762 1842 890 1899 Quod
909 1843 948 1890 si
969 1842 1160 1891 ecclesia
1176 1861 1226 1892 se
1242 1844 1288 1890 in
1307 1843 1410 1891 illas
1429 1836 1632 1908 ingerere
1648 1845 1824 1909 sategit,

350 1918 397 1965 id
426 1919 611 1983 contigit
640 1929 811 1966 tantum
845 1919 991 1966 medio
1025 1936 1161 1976 aevo,
1201 1919 1482 1978 tenebrarum
1509 1919 1686 1977 scilicet
1715 1931 1826 1974 tem—

350 2010 483 2059 pore,
520 2011 609 2060 quo
642 1994 832 2043 ecclesia
854 2004 917 2043 tot
938 1995 1084 2043 modis
1108 2006 1229 2044 extra
1252 1995 1456 2061 proprios
1480 1995 1593 2047 fines
1618 2013 1818 2087 egressa,

350 2070 463 2164 fines
496 2071 639 2119 civilis
674 2072 839 2121 invasit
872 2072 1066 2136 imperii.

397 2145 577 2201 Quod
611 2148 649 2195 si
686 2147 852 2213 aliquis
887 2148 1019 2204 modo
1052 2158 1294 2213 opponeret
1325 2165 1543 2196 canonem
1565 2148 1664 2201 xllj.
1690 2139 1816 2200 conc.

347 2221 576 2269 tridentini
613 2240 727 2271 sess.
749 2225 899 2271 XXIV.
934 2224 1251 2289 responderem
1286 2224 1507 2273 similiter
1525 2241 1579 2273 ac
1596 2225 1821 2290 respondi

345 2298 507 2347 canoni
528 2295 604 2344 lv.
632 2299 740 2346 Dico
765 2300 899 2363 igitur
921 2311 998 2348 aut
1020 2317 1234 2349 canonem
1258 2318 1345 2348 non
1370 2318 1473 2349 esse
1493 2291 1817 2385 dogmaticum,

347 2384 424 2422 aut
445 2373 570 2440 loqui
604 2374 662 2422 de
696 2386 912 2439 potestate
935 2395 1025 2442 qua
1047 2394 1132 2425 usa
1155 2386 1224 2425 est
1245 2376 1435 2424 ecclesia
1456 2393 1511 2424 ex
1533 2376 1821 2429 concessione

343 2449 485 2498 civili.
1738 2463 1773 2505 ,ζ
1786 2495 1787 2499 ,

445 2526 576 2584 Quod
590 2543 694 2576 vero
707 2527 904 2576 diximus
916 2528 973 2577 de
985 2531 1135 2578 causis
1152 2491 1572 2585 matrimonialibus,
1581 2528 1649 2580 ad
1657 2545 1817 2581 causas

347 2603 626 2670 sponsalium
659 2603 876 2669 applicari
909 2615 1079 2669 potest;
1118 2607 1208 2655 imo
1241 2617 1285 2655 et
1317 2624 1344 2653 a
1377 2604 1566 2661 fortiori3
1595 2605 1642 2650 in
1660 2604 1816 2655 causis

343 2680 464 2728 enim
504 2679 905 2732 matrimonialibus
951 2692 1204 2744 praetextus
1247 2682 1421 2736 aderat.¹
1435 2681 1707 2733 sacramenti
1723 2718 1734 2738 ‚
1773 2691 1818 2729 at

344 2755 394 2803 in
426 2756 714 2820 sponsalibus
748 2772 931 2821 prorsus
965 2755 1106 2804 deest.
1136 2758 1186 2806 In
1219 2755 1507 2829 sponsalibus
1542 2755 1818 2809 omnia-sunt

346 2831 631 2897 temporalia3
660 2832 915 2898 temporalis
933 2842 1003 2881 est
1018 2843 1269 2883 contractus
1285 2872 1296 2891 ‚
1325 2832 1582 2897 temporalis
1607 2831 1818 2895 obligatio
