1980 3260
312 185 403 231 240
642 194 722 227 Lm.
750 194 797 227 11.
826 194 939 227 secr.
968 194 997 225 1.
1026 193 1079 224 nn
1103 192 1268 224 rornsr.
1298 192 1462 225 sectas.

310 285 493 324 testatus
526 282 615 329 est,
649 271 705 319 de
737 271 885 320 valore
917 270 1134 318 eiusmodi
1177 269 1557 317 matrimoniorum
1597 273 1773 321 nullum

311 351 370 397 ibi
402 365 502 397 esse
536 347 744 404 dubium,
783 346 938 394 saltem
972 355 1074 410 post
1096 361 1251 409 pacem
1275 345 1695 405 monasteriensem,
1725 349 1771 395 in

309 443 397 490 qua
421 423 604 489 speciali
630 422 799 471 ratione
823 433 999 470 cautum
1024 421 1188 477 fuerat,
1221 420 1506 468 matrimonia
1540 421 1586 467 in
1602 422 1603 425 ’
1621 422 1774 471 foede-

309 511 402 548 rato
440 498 589 562 Belgio
629 498 849 546 celebrata
888 496 1049 544 debere
1087 496 1230 557 etiam>
1262 495 1308 542 in
1348 495 1498 559 Belgio
1538 495 1776 561 hispanico

309 575 502 641 reputari
535 573 684 622 valida
704 575 820 636 (61).

404 651 538 699 Hisce
570 649 777 699 omnibus
811 660 1035 715 permotus
1076 648 1342 697 Benedictus
1379 648 1490 694 XIV.
1536 665 1585 696 se
1625 648 1775 698 animo

310 726 573 793 pendentem
598 725 798 774 exhibuit
827 743 926 773 cum
950 725 1036 773 hoc
1059 724 1115 773 de
1139 724 1313 788 negotio
1337 724 1608 787 ageretur'in
1633 725 1778 774 sacris

309 802 745 867 congregationibus,
774 812 907 867 atque
940 801 1073 849 etiam
1107 801 1152 847 in
1186 804 1357 866 partem
1381 801 1602 848 faventem
1626 818 1676 849 se
1705 801 1776 848 in-

309 879 476 927 clinare
498 878 645 927 fassus
668 888 750 926 est.
780 878 981 925 Ceterum
1004 877 1061 925 ad
1085 877 1197 924 alias
1221 877 1422 941 regiones
1447 877 1567 942 quod
1592 878 1770 936 attinet,

310 971 530 1021 quaenam
564 972 690 1002 mens
716 954 885 1002 steterit
907 954 1144 1001 Benedicto
1167 953 1277 1000 XIV.
1307 953 1392 1001 hac
1421 972 1558 1019 super
1588 972 1635 1002 re
1657 966 1778 1021 patet

311 1041 402 1079 tum
436 1048 489 1079 ex
521 1031 622 1096 ipsa
654 1029 818 1078 celebri
852 1047 934 1078 sua
965 1029 1293 1086 Declaratione;
1338 1040 1430 1077 tum
1470 1047 1523 1077 ex
1563 1031 1621 1078 iis
1661 1034 1778 1096 quae

313 1107 566 1155 immediate
600 1116 702 1172 post
746 1107 843 1172 ipse
876 1106 1030 1170 gessit.
1068 1106 1242 1154 Etenim
1276 1106 1322 1152 in
1355 1106 1664 1155 Declaratione
1696 1111 1779 1173 pro

312 1183 608 1232 matrimoniis
631 1183 916 1240 Holland'iae',
946 1183 1120 1239 statuit,
1143 1192 1194 1229 ut
1219 1201 1242 1228 α
1256 1182 1312 1230 de
1335 1182 1393 1230 iis
1417 1184 1548 1230 iuxta
1571 1186 1780 1232 canonica

312 1260 423 1307 iuris
458 1261 690 1307 communis
710 1260 953 1324 principia,
979 1258 1264 1323 probatasque
1288 1260 1335 1306 in
1356 1259 1575 1307 similibus
1605 1261 1778 1308 casilms

310 1335 424 1383 alias
455 1335 593 1383 eda'tas
616 1352 644 1383 a
665 1337 1051 1399 s.'conqreqatione
1084 1335 1257 1383 concilii
1274 1336 1575 1392 resolutiones,
1610 1337 1690 1384 ubi
1709 1336 1778 1384 di-

308 1411 495 1475 sputatio
523 1400 754 1475 'continqat
787 1410 995 1459 decidant
1021 1412 1172 1475 (62).»
1211 1412 1261 1458 In
1302 1429 1394 1460 una
1423 1430 1528 1461 vero
1550 1411 1741 1462 ulmensi
1761 1451 1772 1471 ,

310 1504 425 1552 quae
447 1497 498 1535 ut
518 1487 734 1545 vidimus,
764 1487 958 1535 resoluta
979 1498 1049 1536 est
1070 1489 1314 1535 anq1742.
1354 1506 1435 1536 seu
1468 1506 1586 1537 anno
1612 1489 1778 1538 ‘imme-

309 1563 428 1611 diate
451 1563 700 1629 insequenti
725 1582 751 1611 a
771 1564 875 1612 data
896 1563 1201 1612 Declaratione
1225 1581 1306 1629 pro
1329 1563 1594 1622 Hollandia,
1621 1565 1778 1614 coniu-

311 1639 432 1702 gium
458 1639 615 1687 initum
638 1639 753 1689 inter
774 1640 1043 1688 catholicum
1067 1651 1111 1689 et
1131 1639 1424 1689 acatholicam
1449 1640 1547 1688 sine
1570 1647 1778 1728 praesen·

312 1715 374 1763 tia
406 1716 588 1781 parochi
623 1717 965 1782 pronunciatum
999 1716 1083 1765 suit
1104 1717 1290 1765 nullum
1773 1762 1777 1766 .

404 1792 591 1840 Demum
616 1811 705 1842 non
729 1794 838 1842 dicit
860 1794 1050 1841 absolute
1072 1793 1336 1842 Benedictus
1357 1794 1465 1841 xlv,
1491 1793 1614 1843 haud
1637 1793 1778 1843 fuisse

315 1866 428 1921 inter
460 1885 509 1916 se
543 1870 790 1918 conformes
814 1869 1107 1918 resolutiones
1132 1887 1223 1918 sac.
1252 1869 1667 1933 congregationum,
1696 1869 1776 1918 sed

309 1954 484 2008 propter
525 1948 775 1994 varietatem
815 1947 1256 2001 circumstantiarum,
1302 1963 1410 2009 quae
1448 1945 1570 1992 modo
1602 1946 1650 1993 in
1687 1963 1778 1994 una

312 2020 423 2084 facti
442 2023 576 2084 specie
600 2023 803 2078 aderant,
825 2023 947 2070 modo
971 2025 1017 2069 in
1039 2023 1178 2070 altera
1201 2021 1573 2070 desiderabantur:
1603 2021 1777 2078 Quibus

314 2095 444 2143 tacite
467 2096 624 2145 alludit
645 2099 700 2146 ad
725 2117 778 2147 ea
808 2117 924 2165 quae
947 2099 1183 2148 retulimus
1213 2098 1269 2146 de
1300 2098 1502 2182 episcopi
1532 2097 1777 2147 castorien-

313 2171 377 2225 sis
413 2172 757 2231 consultatione,
796 2175 941 2241 deque
973 2193 1064 2223 sac.
1093 2173 1448 2238 congregationis
1482 2173 1798 2231 resolutione„

312 2257 355 2295 et
377 2247 434 2295 iis
457 2265 572 2313 quae
601 2249 837 2298 subsecuta
865 2262 982 2300 sunt.
1017 2252 1207 2317 Dempta
1230 2250 1366 2315 igitur
1392 2250 1552 2298 harum
1587 2249 1779 2297 circum-

312 2323 582 2371 stantiarum
608 2324 886 2384 diversitate,
915 2327 1002 2374 sibi
1037 2328 1326 2376 constiterunt
1359 2336 1450 2374 tum
1484 2325 1660 2374 concilii
1686 2336 1779 2374 tum

313 2398 499 2447 aliarum
523 2402 909 2465 congregationum
933 2404 1130 2461 decreta;
1160 2403 1328 2452 scilicet
1342 2403 1389 2450 in
1408 2402 1656 2467 protuenda
1673 2418 1778 2450 con-

313 2475 534 2539 iugiorum
569 2476 788 2536 nullitate,
816 2496 930 2543 quae
954 2480 1048 2528 sive
1070 2480 1127 2535 ab
1157 2479 1392 2528 haereticis
1423 2478 1539 2526 inter
1571 2491 1643 2534 se,
1683 2476 1778 2525 sive

313 2551 426 2599 inter
458 2552 724 2601 catholicum
747 2564 791 2602 et
817 2555 1130 2614 acatholicam,
1170 2566 1214 2604 et
1240 2554 1462 2612 vicissim,
1499 2552 1778 2607 celebrantur

312 2627 403 2677 illis
437 2629 484 2676 in
517 2630 771 2694 regionibus
805 2631 851 2678 in
875 2632 1038 2697 quibus
1063 2633 1353 2681 tridentinum
1376 2630 1601 2679 decretum
1625 2628 1774 2695 publi-

406 2750 475 2845 (613
495 2751 546 2845 gs.
564 2753 611 2785 10.
628 2754 708 2795 Nep.
723 2754 867 2796 Tropper
881 2763 934 2795 op.
946 2756 979 2787 et
992 2755 1056 2788 loc.
1070 2755 1124 2788 cit.
1143 2765 1176 2788 n.
1192 2759 1264 2789 555.

409 2805 461 2843 (62
518 2829 525 2837 .
542 2806 611 2838 Ult.
