1980 3260
242 258 332 289 cm.
345 257 403 288 vi.
424 257 475 289 ni:
493 258 618 290 mna.
636 258 814 310 urinum.
829 258 912 289 mr.
930 258 977 289 sn
995 257 1073 289 vm.
1092 257 1175 290 cum
1197 256 1317 290 cun.
1334 257 1425 289 Aur.
1443 257 1505 290 111.
1551 242 1642 289 253

176 354 306 400 quam
331 336 600 383 observatum
624 346 848 400 tamquam
872 335 1072 383 eiusdem
1096 335 1273 383 concilii
1298 319 1543 392 decretum,
1571 346 1646 382 aut

177 413 216 459 si
240 413 420 477 quando
443 413 726 461 observatum
751 412 848 469 suit,
881 412 1011 475 longo
1041 411 1145 459 dein
1176 412 1385 477 temporis
1415 410 1646 459 intervallo

176 488 222 535 in
261 488 600 537 desuetudinem
635 488 744 536 abiit
772 508 781 545 ;
829 489 932 536 item
968 487 1044 535 ubi
1079 487 1359 535 benedictina
1398 487 1646 535 Declaratio

174 575 353 613 extensa
377 576 466 622 est,
495 576 544 612 ut
567 565 705 630 liquet
728 582 781 612 ex
805 564 952 611 allatis
977 565 1074 612 eius
1097 564 1260 612 verbis.
1291 564 1434 620 Quam
1471 574 1646 611 senten-

174 640 282 688 tiam
305 640 462 688 merito
479 640 542 687 uti
562 639 899 704 improbabilem
918 640 1114 704 pontifex
1138 640 1308 696 reiicit3
1337 639 1519 687 minime
1541 655 1646 686 vero

173 714 353 763 disserit
369 714 425 761 de
442 713 617 762 illorum
636 714 856 762 sententia
873 732 1008 779 quam
1027 724 1215 779 sequuta
1227 724 1294 762 est
1306 724 1645 779 constanterque

173 790 376 855 sequitur
403 788 592 837 ecclesia
616 806 799 837 romana
816 828 826 846 ,
853 801 902 838 ut
925 789 1225 847 ostendimus,
1249 790 1383 838 relate
1407 790 1464 837 ad
1490 791 1643 838 matri-

170 866 320 915 monia
348 865 405 913 ab
434 865 671 913 haereticis
698 866 812 913 inter
840 883 890 913 se
915 866 1027 913 inita
1056 883 1202 914 coram
1227 866 1432 914 ministro
1466 866 1644 914 acatho-

170 942 256 991 lico
279 943 335 991 iis
353 942 398 990 in
416 941 527 990 locis
546 942 593 988 in
612 941 776 1007 quibus
797 942 1020 989 decretum
1039 941 1325 989 tridentinum
1349 941 1638 1007 publicatum,

170 1028 303 1084 atque
340 1029 390 1066 ut
428 1017 514 1067 tale
554 1018 832 1066 observatum
863 1030 957 1074 est,
986 1017 1183 1082 alioquin
1217 1017 1302 1065 sibi
1339 1018 1437 1082 ipse
1470 1027 1642 1065 contra·

170 1094 375 1152 dixisset,
399 1095 477 1160 qui
502 1111 590 1142 non
615 1093 751 1142 semel
769 1093 839 1141 vel
858 1111 935 1159 per
952 1111 1024 1151 se,
1046 1093 1114 1141 vel
1135 1111 1213 1158 per
1236 1110 1449 1157 organum
1468 1110 1646 1158 congre-

169 1172 396 1234 gationum
421 1170 641 1219 eiusmodi
667 1170 875 1234 coniugia
900 1169 1023 1218 nulla
1035 1171 1224 1218 acirrita
1242 1170 1340 1235 ipse
1357 1170 1496 1218 edixit
1522 1172 1637 1233 (73).

268 1247 361 1295 Hac
394 1246 778 1295 animadversione
813 1246 869 1294 ad
903 1263 1076 1294 omnem
1119 1247 1528 1312 aequivocationem
1563 1247 1644 1294 eli-

168 1324 424 1372 minandam
458 1323 729 1388 praemissa,
769 1333 888 1387 patet
921 1340 974 1370 ex
1008 1323 1074 1369 Pii
1099 1323 1190 1369 V11.
1217 1323 1368 1371 verbis
1393 1341 1483 1372 non
1507 1323 1639 1372 modo

166 1399 315 1449 valida
342 1399 551 1447 habenda
586 1417 687 1447 esse
722 1398 1067 1447 acatholicorum
1104 1400 1313 1464 coniugia
1346 1400 1415 1448 vel
1447 1401 1561 1447 inter
1594 1418 1643 1449 se

168 1477 278 1524 inita
301 1493 450 1524 coram
467 1476 671 1523 ministro
695 1475 941 1523 acatholico
954 1514 964 1532 ,
987 1475 1055 1524 vel
1075 1493 1174 1523 cum
1194 1476 1427 1525 catholicis
1445 1477 1522 1524 ubi
1541 1494 1643 1541 pro-

169 1553 413 1617 mulgatum
438 1570 525 1601 non
549 1563 616 1601 est
639 1552 863 1600 decretum
899 1552 1213 1610 tridentinum,
1240 1563 1317 1601 aut
1346 1553 1422 1601 ubi
1459 1564 1641 1602 extensa

168 1641 236 1679 est
258 1630 542 1678 benedictina
552 1629 824 1687 Declaratio,
846 1646 999 1678 verum
1018 1630 1153 1678 etiam
1173 1630 1250 1677 ubi
1270 1630 1351 1678 etsi
1372 1630 1643 1696 publicatum

168 1706 239 1755 vel
279 1724 523 1772 numquam
560 1706 843 1755 observatum
878 1717 946 1754 est
978 1717 1028 1754 ut
1065 1706 1289 1754 decretum
1324 1706 1529 1763 concilii,
1567 1718 1644 1755 aut

169 1800 196 1831 a
218 1783 351 1847 longo
374 1783 582 1848 temporis
615 1782 846 1831 intervallo
876 1783 921 1829 in
953 1782 1290 1831 desuetudinem
1317 1783 1490 1831 abierit.
1516 1783 1644 1831 Circa

168 1877 302 1925 quam
338 1869 604 1925 postremam
633 1858 876 1907 clausulam
897 1898 907 1916 ,
936 1877 1036 1907 cum
1060 1859 1247 1907 dubium
1277 1859 1468 1908 suboriri
1502 1859 1645 1925 possit

168 1936 394 2000 quodnam
425 1935 636 2000 temporis
671 1934 952 1983 intervallum
988 1936 1236 2001 requiratur
1276 1947 1319 1984 et
1358 1935 1551 1984 sufficiat
1584 1933 1642 1983 ad

168 2011 290 2059 illam
320 2011 639 2060 desuetudinem
674 2011 997 2069 inducendam,
1041 2022 1090 2060 ut
1130 2012 1351 2060 connubia
1379 2011 1530 2060 valida
1566 2011 1643 2059 ha-

167 2087 262 2136 beri
288 2088 504 2146 debeant,
528 2088 573 2135 in
592 2088 772 2136 casibus
798 2087 1140 2153 particularibus
1158 2089 1288 2137 sedes
1307 2087 1551 2154 apostolica
1575 2098 1644 2135 est

168 2164 463 2221 consulenda,
492 2182 608 2230 quae
631 2165 840 2230 spectatis
876 2164 1084 2212 omnibus
1110 2182 1254 2213 rerum
1278 2164 1526 2223 adiunctis,
1564 2163 1642 2212 de-

169 2251 317 2308 cernet
350 2240 470 2306 quod
505 2241 551 2286 in
581 2241 693 2305 ipsis
723 2241 938 2288 iudicium
969 2242 1197 2290 ferendum
1233 2242 1306 2290 sit.

266 2317 431 2373 Quarto
449 2355 459 2373 ,
487 2317 804 2365 occurrendum
834 2328 904 2365 est
933 2318 1111 2367 iniustis
1135 2319 1220 2366 hac
1243 2318 1299 2366 de
1327 2337 1373 2366 re
1397 2319 1642 2366 haeretico-

170 2409 268 2440 rum
298 2392 492 2458 querelis
519 2393 558 2440 si
589 2410 703 2457 quas
727 2392 838 2440 forte
867 2405 1106 2442 moverent.
1130 2393 1354 2442 Sententia
1377 2411 1492 2460 quae
1515 2393 1643 2442 docet

169 2469 366 2517 invalida
383 2486 484 2518 esse
501 2469 748 2517 christiana
766 2470 1047 2518 matrimonia
1064 2488 1151 2519 non
1169 2471 1300 2519 modo
1318 2471 1641 2518 haereticorum

168 2545 283 2594 inter
295 2563 361 2603 se,
376 2563 526 2594 verum
541 2546 675 2594 etiam
690 2547 825 2594 mixta
838 2546 894 2594 ob
907 2546 1257 2595 ecclesiasticum
1271 2545 1641 2595 clandestinitatis

169 2621 550 2687 impedimentum,
573 2621 709 2670 dubio
733 2622 884 2688 procul
907 2622 996 2671 iras
1019 2623 1180 2671 excitat
1202 2623 1540 2677 haereticorum,
1563 2620 1638 2685 qui

171 2697 429 2746 nullatenus
453 2697 567 2746 ferre
590 2709 804 2763 possunt,
832 2709 880 2746 ut
904 2698 1110 2757 ecclesia,
1151 2717 1283 2765 quam
1312 2699 1398 2763 ipsi
1436 2696 1641 2744 reiiciunt

264 2809 330 2850 (73)
351 2811 547 2843 Recolantur
577 2811 787 2844 resolutiones
814 2821 895 2853 quas
910 2812 942 2845 in
956 2814 1017 2845 art.
1035 2812 1235 2855 praecedenti
1258 2811 1424 2845 retulimus
1439 2819 1477 2843 ex
1494 2818 1641 2850 congreg.

173 2871 200 2893 s.
217 2862 323 2896 Officii
342 2872 394 2896 an.
413 2868 500 2898 1808.
519 2873 577 2897 nec
594 2873 657 2897 non
677 2874 728 2897 an.
754 2867 885 2899 1829.et
899 2875 950 2898 an.
969 2870 1056 2899 ¹817.
