1980 3260
316 224 403 268 226
603 233 682 264 un.
714 232 758 263 η.
789 231 904 264 sacr.
934 231 963 262 ι.
992 231 1045 261 ΒΕ
1068 229 1235 261 ΡοτΕετ.
1266 229 1431 262 nectus.

311 312 641 362 matrimonium
669 311 848 357 inirent.
875 308 1004 366 Quod
1030 308 1067 356 si
1093 325 1241 355 rerum
1266 307 1709 371 adiunctaVurgeann
1735 328 1790 358 ac

310 407 412 455 pars
440 387 690 435 acatholica
711 404 875 434 novum
899 384 1112 450 praebere
1144 400 1416 431 consensum
1448 383 1688 432 reluctetur
1709 404 1790 435 co-

313 483 405 513 ram
441 464 635 529 parocho
668 462 910 519 catholico,
941 460 1053 509 solet
1074 459 1456 525 dispensationem
1479 459 1722 509 concedere
1739 463 1791 509 {a

313 541 458 588 radice
496 541 613 602 (45).
637 540 701 585 Ex
731 556 820 603 qua
855 537 1017 600 agendi
1052 536 1221 583 ratione
1255 546 1376 600 patet
1407 534 1546 583 veluti
1579 535 1790 600 couiugia

315 628 553 672 attentata,
594 616 794 680 adeoque
823 615 889 662 uti
926 614 1146 663 invalidas
1182 613 1403 661 eiusmodi
1438 612 1618 678 nuptias
1642 613 1795 662 asede

316 692 559 757 apostolica
586 692 791 757 spectari,
807 702 964 756 ‘utpote
988 709 1075 739 non
1100 690 1346 738 celebratas
1370 690 1494 737 iuxta
1510 689 1697 737 formam
1719 689 1796 737 tris

314 770 557 816 dentinam.
584 770 814 816 Praeterea
841 769 998 815 eadem
1033 785 1125 815 sac.
1149 784 1300 830 congr.
1323 766 1515 814 absolvit
1537 783 1564 813 a
1587 766 1791 816 censuris

313 846 509 893 incursis
533 846 571 892 si
606 845 666 892 iis
701 844 950 892 interfuerit
983 843 1186 891 minister
1218 843 1518 899 acatholicus,
1556 853 1691 908 atque
1721 841 1794 903 in„

314 921 458 984 iungit
493 921 821 968 renovationem
855 937 1102 968 consensus
1137 937 1286 967 coram
1320 918 1515 984 parocho
1549 918 1788 978 catholico,

314 1008 391 1044 aut
413 997 615 1045 concedit
639 996 915 1045 sanationem
932 998 979 1043 in
995 996 1157 1043 radice.
1179 996 1302 1043 Adeo
1322 1012 1478 1043 verum
1499 1007 1569 1043 est
1591 1005 1793 1044 sanctam

317 1072 468 1120 sedem
496 1073 730 1138 'tamquam
765 1072 888 1120 nulla
921 1090 974 1120 ac
1008 1072 1133 1119 irrita
1166 1081 1368 1136 spectare
1411 1070 1624 1135 coniugia*
1651 1070 1792 1119 mixta

315 1152 360 1196 in
377 1150 544 1197 Galliis
572 1149 792 1197 celebrata
825 1149 1000 1214 quoties
1033 1147 1251 1196 omittitur
1283 1146 1425 1195 forma
1447 1164 1475 1194 a
1497 1146 1687 1195 concilio
1711 1146 1795 1195 tri-

318 1225 502 1272 dentino
533 1224 823 1290 praescripta.
919 1224 921 1226 ’

415 1301 539 1356 Quae
573 1300 645 1346 de‘
665 1299 820 1347 Galliis
854 1300 1082 1356 diximus,
1121 1299 1274 1347 eadem
1308 1299 1365 1347 de
1398 1298 1501 1347 aliis
1533 1297 1797 1363 regionibns

318 1377 413 1424 sive
456 1375 691 1423 catholicis
711 1376 822 1423 sive
865 1375 1125 1424 acatholicis
1160 1373 1255 1424 sive
1287 1375 1439 1423 mixtis
1472 1375 1562 1423 dici
1595 1375 1760 1424 debent
1779 1413 1792 1432 ‚

315 1452 426 1499 adeo
456 1462 506 1499 ut
532 1450 737 1515 generale
771 1452 829 1499 sit
862 1452 1154 1517 principium,
1182 1453 1390 1516 coniugia
1421 1453 1516 1501 sive
1549 1451 1797 1500 haeretico-

317 1547 413 1575 rum
438 1528 533 1589 sive
558 1528 717 1585 mixta,
744 1528 821 1575 ubi
847 1528 1117 1592 publicatum
1142 1528 1227 1576 fuit
1247 1530 1472 1578 decretum
1505 1528 1795 1577 tridentinum

321 1606 511 1651 Tametsi
536 1615 580 1651 et
602 1621 692 1669 quo
716 1603 998 1652 benedictina
1033 1605 1289 1653 constitutio
1317 1622 1399 1671 pro
1430 1604 1798 1669 Hollandiassspe-

316 1681 417 1728 ciali
455 1682 625 1729 ratione
640 1680 706 1728 ‘ab
730 1680 976 1746 apostolica
1002 1682 1108 1729 sede
1131 1692 1312 1729 extensa
1346 1699 1434 1730 non
1469 1691 1562 1738 est,
1599 1696 1703 1728 esse
1732 1679 1798 1727 ir·-

318 1751 414 1805 rita'
438 1775 490 1805 ac
525 1758 661 1805 nulla.
698 1759 744 1805 Si
778 1776 868 1823 qua
903 1757 969 1806 sit
1001 1757 1120 1806 circa
1162 1758 1370 1823 generale
1403 1758 1488 1806 hoc
1521 1756 1795 1823 principium

318 1835 537 1899 exceptio,
578 1851 675 1882 eam
702 1846 859 1900 postea
883 1853 1172 1901 exponemus.
1765 1832 1768 1835 ⁵

415 1912 509 1959 Hoc
539 1930 645 1960 vero
679 1913 952 1977 principium
980 1909 1107 1962 novis
1131 1912 1406 1960 adstruimus
1428 1909 1713 1960 documentis
1732 1927 1799 1960 ro-

320 2005 550 2035 manarum
583 1989 970 2054 congregationum
1003 1990 1217 2056 pontificu
1264 2006 1353 2055 que
1388 1985 1634 2054 responsis.

417 2065 555 2121 Sane,
583 2067 788 2130 quamvis
822 2066 1009 2114 celebris
1042 2066 1268 2114 Benedicti
1291 2062 1407 2112 xlv.
1434 2064 1685 2113 Declaratio
1717 2073 1801 2130 pro

321 2140 561 2188 Hollandia
595 2160 667 2188 an.
709 2144 849 2190 1741.
888 2143 946 2191 ob
984 2143 1297 2191 adiunctorum
1335 2142 1570 2207 paritatem
1604 2141 1651 2198 in
1685 2140 1799 2189 alias

319 2233 498 2282 quoque
539 2218 741 2281 regiones
785 2219 1046 2284 implicitam
1087 2219 1253 2268 habere
1284 2218 1427 2268 videri
1463 2228 1616 2284 posset
1646 2228 1800 2266 exten-

321 2292 492 2340 sionem
528 2310 608 2357 pro
639 2293 788 2341 valore
820 2286 1041 2344 eiusmodi
1081 2295 1390 2359 coniugiorum
1412 2333 1422 2351 ‚
1461 2304 1656 2342 attamen
1690 2310 1799 2342 con-

322 2369 504 2416 trarium
539 2379 714 2417 constat
746 2387 799 2416 ex
836 2372 1152 2436 responsione,
1191 2389 1308 2438 quae
1347 2389 1464 2420 anno
1507 2367 1761 2438 insequenti
1783 2407 1796 2427 ,

320 2440 494 2493 scilicet
515 2446 658 2492 1742.
688 2446 802 2494 facta
825 2459 894 2494 est
916 2466 942 2495 a
966 2449 1310 2514 congregatione
1341 2448 1520 2497 concilii
1547 2448 1637 2496 sub
1655 2443 1798 2496 oculis

321 2518 366 2569 et
402 2521 727 2586 approbatione
760 2523 984 2572 Benedicti
1021 2526 1131 2573 xlv.
1172 2520 1341 2591 ipsius.¹
1373 2523 1603 2589 Siquidem
1643 2522 1799 2571 Ulmae

321 2597 367 2643 in
408 2597 603 2646 dioecesi
649 2599 970 2648 constantiensi
1014 2602 1198 2666 quidam
1231 2602 1406 2649 Marcus
1445 2598 1799 2665 christophorus

379 2784 381 2786 Ι
415 2743 483 2786 (45)
504 2746 553 2777 Ex
565 2744 627 2777 hac
641 2753 708 2778 sac.
725 2747 983 2788 congregationis
995 2749 1089 2790 praxi
1101 2749 1204 2791 magis
1215 2749 1426 2782 confirmatur
1438 2748 1527 2790 quod
1541 2747 1800 2788 unimammas,

321 2796 362 2828 ad
372 2797 587 2847 'sanationem
600 2798 828 2840 coniugiorum
843 2800 877 2832 in
891 2801 1000 2834 radice
1017 2811 1100 2844 opus
1112 2803 1200 2835 haud
1213 2811 1283 2835 esse
1299 2802 1518 2836 renovationis
1531 2810 1719 2844 consensus,
1736 2801 1805 2834 imo

318 2851 350 2882 et
362 2850 551 2884 obluctante
565 2852 720 2886 alterutra
736 2854 827 2895 parte
836 2878 847 2895 ‚
860 2862 955 2895 posse
967 2855 1156 2896 coniugium
1174 2855 1295 2889 sanari.
