1980 3260
290 209 380 255 242
621 218 701 250 un.
726 217 771 250 11.
796 217 909 249 sacr.
933 216 962 247 1.
987 216 1038 246 nn
1065 213 1231 246 rornsr.
1255 213 1421 246 nectus.

290 296 599 359 adstringitur,
636 311 692 341 ne
725 293 922 357 alioquin
966 291 1100 355 culpa
1137 291 1237 354 ipsa
1276 289 1557 337 commodum
1596 292 1755 342 afferat

289 370 580 436 exemptionis
602 371 718 432 (65).
747 368 959 431 Adeoque
993 384 1046 413 ex
1081 364 1177 413 sola
1210 365 1411 429 ipsorum
1436 364 1759 416 haereticorum

289 447 458 495 malitia
491 446 540 493 fit
573 455 621 492 ut
663 443 816 508 gravia
849 442 1050 491 oriantur
1078 440 1389 498 incommoda,
1426 458 1527 488 cum
1561 458 1615 488 ex
1648 443 1762 508 ipsis

289 523 479 589 pendeat
512 522 654 584 legem
688 519 895 567 servandi
932 527 1145 583 potestas.

384 598 473 644 Nos
496 614 600 645 vero
624 595 832 642 addimus
849 633 859 652 ,
889 594 1010 659 quod
1035 593 1074 641 si
1098 593 1332 658 quidpiam
1368 591 1540 640 roboris
1578 593 1765 642 haberet

290 673 507 721 eiusmodi
531 671 745 737 exceptio,
773 671 937 718 frustra
965 670 1145 718 omnino
1173 669 1258 718 hoc
1282 669 1506 716 decretum
1540 669 1762 717 sancitum

290 766 317 796 a
340 747 577 795 tridentino
606 746 793 795 concilio
817 757 861 794 et
882 745 1168 794 constitutum
1198 745 1358 793 fuisset
1382 755 1586 809 respectu
1611 744 1766 794 haere-

291 825 476 872 ticorum
493 824 706 880 omnium,
736 823 814 888 qui
840 823 935 870 sive
959 821 1044 869 sub
1069 821 1349 887 principibus
1382 821 1643 869 acatholicis
1667 821 1766 870 sive

291 900 376 948 sub
403 899 681 966 principibus
715 898 945 947 catholicis
980 898 1229 962 degerent3„
1243 898 1406 946 frustra
1429 897 1534 946 item
1558 908 1764 964 respectu

291 975 595 1039 coniugiorum
629 975 881 1023 mixtorum.
902 975 968 1021 De
990 973 1147 1040 primis
1173 991 1262 1021 non
1294 983 1363 1021 est
1389 973 1598 1032 dubium,
1626 984 1672 1022 et
1692 990 1766 1022 res

292 1061 412 1116 patet
446 1068 525 1117 per
556 1069 628 1108 se,
657 1068 756 1098 cum
782 1051 970 1098 istorum
1006 1050 1226 1113 coniugiis
1260 1049 1482 1114 parochus
1517 1050 1766 1098 catholicus

293 1128 508 1176 interesse
530 1144 618 1175 non
642 1127 810 1192 possit;
839 1126 1040 1190 adeoque
1067 1125 1217 1174 omnia
1245 1125 1428 1173 omnino
1454 1125 1653 1190 ipsorum
1675 1142 1766 1174 ma-

292 1204 500 1252 trimonia
531 1203 682 1251 valida
713 1213 863 1250 essent
895 1203 991 1249 sine
1023 1202 1274 1267 praesentia
1312 1201 1496 1267 parochi
1537 1202 1649 1250 inita
1686 1201 1764 1250 ubi

292 1280 568 1345 publicatum
592 1289 661 1327 est
682 1279 858 1327 concilii
883 1279 1125 1326 decretum.
1149 1278 1307 1334 Quoad
1330 1279 1615 1327 matrimonia
1629 1279 1768 1327 mixta

292 1356 338 1403 id
368 1365 570 1420 apertum
599 1355 649 1402 fit
680 1372 733 1402 ex
766 1354 1166 1402 communicatione
1200 1355 1339 1420 partis
1374 1366 1604 1420 exemptae
1636 1354 1764 1403 alteri

292 1432 408 1497 parti
442 1431 499 1479 ob
533 1430 890 1478 individuitatem
924 1441 1204 1487 contractus;
1247 1431 1451 1496 adeoque
1482 1441 1527 1479 et
1555 1431 1667 1479 haec
1690 1449 1766 1497 pa-

292 1508 398 1556 riter
422 1507 574 1556 omnia
596 1506 746 1554 valida
769 1507 928 1554 forent.
946 1508 997 1553 ln
1021 1506 1105 1554 hac
1128 1507 1394 1573 hypothesi,
1417 1507 1582 1555 frustra
1604 1508 1765 1556 iterum

293 1595 356 1632 tot
388 1602 467 1650 per
500 1583 584 1631 tria
618 1584 893 1631 continentia
939 1583 1089 1631 sec-ula
1132 1584 1270 1632 dubia
1310 1584 1538 1649 proposita
1576 1583 1770 1632 fuissent

293 1661 434 1709 sacris
467 1660 884 1724 congregationibus
912 1660 1031 1708 circa
1057 1660 1253 1708 valorem
1286 1660 1507 1708 eiusmodi
1544 1660 1771 1724 coniugio-

294 1755 419 1793 rum;
448 1736 622 1793 inania,
651 1736 740 1784 imo
763 1746 808 1784 et
830 1737 944 1784 falsa
971 1736 1209 1784 evaderent
1241 1737 1496 1785 earumdem
1529 1754 1763 1802 responsa,

294 1831 347 1861 ac
379 1813 670 1861 resolutiones
695 1813 860 1878 quibus
885 1812 1008 1860 nulla
1030 1812 1254 1861 declarata
1287 1824 1392 1861 sunt
1423 1813 1646 1862 eiusmodi
1668 1830 1771 1862 con-

296 1889 432 1936 nubia
456 1889 550 1937 sive
568 1889 915 1938 acatholicorum
940 1890 1055 1937 inter
1077 1907 1127 1937 se
1144 1928 1154 1947 ‚
1184 1890 1280 1939 sive
1306 1890 1457 1938 mixta.
1481 1890 1639 1938 Falsae
1662 1890 1768 1938 item

297 1965 531 2013 evaderent
572 1975 635 2013 tot
675 1982 785 2013 rom.
821 1966 1078 2031 pontificum
1118 1965 1459 2014 declarationes.
1500 1966 1768 2014 Nominatim

296 2057 400 2088 vero
440 2058 766 2106 supervacanea
806 2042 917 2090 foret
960 2041 1246 2089 celeberrima
1284 2039 1509 2089 Benedicti
1541 2041 1652 2088 XIV.
1687 2041 1771 2088 De-

296 2116 477 2164 claratio
502 2134 581 2181 pro
614 2118 907 2166 matrimoniis
930 2118 1196 2166 Hollandiae
1213 2157 1224 2176 ‚
1246 2118 1434 2183 eiusque
1448 2117 1495 2164 in
1511 2127 1574 2166 tot
1590 2117 1770 2183 provin-

297 2193 414 2249 cias,
440 2202 490 2239 ut
510 2192 787 2251 videbimus⁷
826 2194 882 2241 ab
914 2194 1012 2242 eius
1048 2193 1385 2242 successoribus
1411 2193 1527 2241 facta
1548 2193 1763 2242 extensio.

300 2268 522 2324 Quorsum
546 2268 665 2315 enim
692 2279 735 2316 et
750 2270 997 2318 Declaratio
1020 2280 1065 2318 et
1086 2269 1285 2318 extensio
1307 2268 1531 2317 eiusmodi
1555 2268 1594 2317 si
1618 2268 1769 2317 omnia

298 2344 619 2392 haereticorum
652 2345 930 2392 matrimonia
953 2364 1006 2393 ea
1029 2346 1086 2393 de
1109 2363 1247 2394 causa
1270 2345 1420 2394 valida
1447 2344 1635 2393 essent?
1657 2344 1767 2392 Cum

298 2437 402 2468 vero
424 2419 534 2467 haec
562 2419 711 2466 omnia
738 2419 907 2467 absona
931 2438 1114 2485 prorsus
1139 2422 1253 2480 sint,
1283 2420 1379 2469 sedi
1404 2419 1676 2485 apostolicae
1698 2419 1768 2465 in-

300 2495 469 2544 iuriosa
501 2511 554 2542 ac
585 2494 707 2542 dictu
740 2494 873 2542 etiam
905 2496 1070 2560 impia,
1117 2497 1297 2563 planum
1331 2495 1381 2543 fit
1413 2505 1457 2542 et
1489 2495 1576 2542 hoc
1609 2492 1769 2541 funda-

301 2581 499 2619 mentum
527 2588 628 2619 esse
653 2571 987 2618 eliminandum.

399 2761 465 2802 (65)
486 2763 536 2794 lta
559 2761 592 2793 in
617 2769 714 2794 causa
736 2762 972 2794 wormaciens.
991 2765 1020 2794 7.
1039 2763 1100 2795 lul.
1122 2765 1211 2795 1731.
1229 2759 1427 2793 disserebant
1447 2758 1601 2799 theologi.
1619 2757 1669 2790 Cf.
1690 2756 1771 2790 The-

301 2822 399 2847 saur.
419 2813 561 2847 resolvat.
575 2816 657 2846 tom.
674 2815 714 2845 V.
729 2822 801 2854 pag.
820 2816 888 2846 157.
