1980 3260
296 226 386 256 mv.
405 227 448 256 11.
464 227 514 256 ni:
535 225 648 256 neci„
668 224 829 256 rorrsr.
847 224 959 255 cosr.
979 224 1063 255 mr.
1085 224 1208 255 mm.
1228 224 1357 255 mmm.
1374 225 1466 255 ΛΒΤ.
1486 224 1514 255 1.
1589 212 1645 256 35

203 303 246 347 in
289 302 436 365 Belgio
476 313 606 366 atque
639 302 683 347 in
721 301 845 348 Italia
868 338 877 354 ‚
916 317 1058 346 rerum
1088 317 1296 347 novarum
1333 300 1481 365 cupidi
1518 311 1648 365 atque

200 377 347 423 animo
388 378 431 422 in
473 376 702 424 ecclesiam
749 375 930 430 hostili,
975 374 1199 437 regiminis
1242 375 1405 438 politici
1453 387 1649 423 assenta—

202 463 315 499 tores
332 490 341 507 ,
365 453 439 517 qui
460 462 509 498 ut
532 451 594 497 illi
615 451 714 516 plus
738 467 877 515 aequo
902 449 1094 496 faverent
1114 449 1223 495 nihil
1242 450 1380 496 moliti
1406 468 1492 497 non
1517 462 1642 507 sunt,

202 539 249 573 ut
273 528 476 591 politicae
500 527 702 590 potestati
736 526 816 573 soli
849 535 1094 572 assererent
1117 525 1186 571 ius
1211 526 1429 571 statuendi
1462 527 1650 590 impedi-

202 613 346 650 menta
380 602 705 648 matrimonium
731 601 997 647 dirimentia.
1022 601 1076 646 Hi
1101 600 1279 664 quidem
1307 601 1547 647 inauditam
1572 601 1649 648 ab-

203 677 470 740 surdamque
503 677 685 723 canonis
713 677 780 722 lv.
819 676 1043 722 tridentini
1080 675 1358 723 launoianam
1393 676 1650 740 interpreta-

202 754 360 799 tionem
394 752 706 807 deseruerunt,
745 750 955 797 rationem
991 750 1279 798 nihilominus
1312 752 1567 799 invenerunt
1602 769 1650 799 se

199 845 249 875 se
272 827 326 873 ab
350 827 626 874 anathemate
649 864 658 882 ‚
696 836 744 872 ut
767 826 880 890 ipsis
898 825 1151 882 videbatur,
1181 826 1473 873 subducendi.
1503 828 1650 892 Siqui-

198 905 299 951 dem
324 903 724 950 animadverterunt
747 902 980 949 concilium
1001 902 1044 947 in
1064 902 1260 966 praefato
1279 920 1447 949 canone
1470 904 1651 951 minime

198 979 449 1026 declarasse
466 991 610 1026 utrum
637 997 689 1026 ex
708 978 872 1025 Christi
898 978 1172 1025 institutione
1195 1017 1204 1034 ,
1243 996 1299 1025 an
1323 996 1426 1025 vero
1450 996 1501 1025 ex
1530 980 1652 1043 prin-

198 1054 346 1119 cipum
383 1055 655 1118 indulgentia
688 1054 875 1101 ecclesia
909 1064 1078 1101 asserta
1102 1064 1315 1118 potestate
1348 1054 1524 1117 polleat.
1556 1054 1652 1110 Qua

199 1130 445 1194 praemissa
478 1129 879 1184 animadversione,
918 1129 994 1176 toti
1020 1129 1064 1175 in
1090 1130 1133 1175 id
1159 1129 1475 1185 incubuerunt,
1503 1140 1551 1176 ut
1573 1130 1653 1176 ad-

200 1215 417 1253 struerent
449 1205 681 1252 ecclesiam
716 1222 803 1252 non
837 1204 1013 1269 proprio
1047 1222 1098 1251 ac
1132 1205 1278 1252 nativo
1318 1205 1442 1261 iure,
1482 1204 1560 1252 sed
1600 1223 1652 1251 ex

201 1282 449 1347 principum
484 1281 768 1328 concessione
802 1291 1059 1344 potestatem
1092 1281 1206 1328 hanc
1240 1281 1492 1328 exercuisse
1531 1291 1654 1328 ante-

199 1356 310 1403 actis
336 1356 521 1412 seculis,
550 1366 682 1420 atque
711 1373 763 1402 ex
795 1355 1046 1403 eorumdem
1070 1356 1349 1403 conniventia
1379 1355 1524 1403 adhuc
1548 1355 1652 1402 dum

198 1449 416 1479 exercere.

295 1509 446 1572 ltaque
479 1508 524 1553 in
550 1507 733 1571 imperio
757 1507 976 1554 austriaco
999 1508 1116 1555 hanc
1150 1518 1408 1573 potestatem
1432 1508 1654 1555 exclusive

200 1583 476 1648 principibus
511 1584 631 1630 iuxta
665 1584 860 1632 nativum
896 1601 946 1631 ac
971 1584 1197 1648 proprium
1223 1584 1292 1631 ius
1329 1584 1475 1630 inesse
1506 1583 1655 1631 docuit

201 1659 460 1706 Benedictus
485 1658 768 1707 Oberhauser
800 1659 910 1706 iuris
934 1659 1136 1706 canonici
1161 1658 1409 1723 professor,
1440 1658 1656 1706 ecclesiae

202 1750 303 1780 vero
337 1733 513 1780 nonnisi
549 1751 601 1780 ex
633 1734 848 1781 beneficio
873 1734 984 1780 iuris
1008 1733 1138 1781 alieni
1171 1735 1254 1796 (7).
1284 1734 1413 1781 Hunc
1447 1751 1546 1781 cum
1570 1734 1655 1779 im-

202 1809 488 1872 pugnavisset
515 1809 623 1856 alter
648 1810 756 1857 iuris
784 1810 982 1857 canonici
1010 1810 1234 1874 professor
1260 1809 1507 1858 Ludovicus
1540 1809 1656 1857 Beck

201 1895 332 1948 atque
366 1884 599 1932 haereseos
634 1885 957 1941 insimulasset,
997 1885 1279 1932 Oberhauser
1312 1885 1479 1949 duplici
1507 1885 1655 1931 libello

201 1970 346 2007 notam
383 1960 496 2008 hanc
525 1979 551 2007 a
576 1978 624 2008 se
657 1978 856 2008 amovere
888 1971 1071 2008 conatus
1105 1971 1173 2008 est
1194 1962 1280 2024 (8).
1304 1962 1354 2007 In
1388 1961 1461 2007 his
1492 1960 1653 2007 libellis
1710 2005 1722 2014 ,

199 2034 483 2083 Oberhauser
505 2075 513 2092 ,
553 2037 829 2100 separatione
853 2037 966 2083 facta
1002 2036 1114 2083 inter
1137 2046 1407 2083 contractum
1431 2036 1656 2083 matrimo-

200 2111 360 2158 nialem
394 2123 438 2159 et
461 2123 781 2159 sacramentum
805 2151 814 2167 ‚
846 2112 1048 2176 potestati
1074 2111 1191 2159 civili
1217 2112 1287 2159 ius
1312 2111 1466 2159 tribuit
1490 2112 1535 2157 in
1561 2129 1656 2158 ma-

200 2186 454 2232 trimonium
477 2225 486 2242 ‚
526 2198 653 2250 prout
688 2198 754 2233 est
788 2197 1035 2234 contractus
1069 2186 1235 2244 civilis,
1275 2197 1317 2234 et
1343 2187 1414 2234 ius
1443 2187 1656 2234 ecclesiae

200 2262 245 2308 in
270 2262 598 2310 matrimonium
626 2263 778 2310 tribuit
802 2301 811 2318 ,
849 2274 977 2326 prout
1009 2273 1075 2310 est
1098 2273 1419 2310 sacramentum
1443 2282 1453 2320 ;
1492 2281 1544 2310 ex
1569 2281 1656 2327 qua

200 2336 369 2384 theoria
398 2338 545 2384 intulit
574 2338 629 2384 ad
658 2338 878 2402 principes
904 2349 1100 2402 spectare
1131 2338 1445 2402 impedimenta
1463 2339 1553 2386 veri
1579 2355 1657 2386 no—

201 2412 332 2460 minis
363 2430 441 2460 seu
475 2412 725 2460 dirimentia
763 2414 1048 2471 constituere,
1093 2414 1149 2461 ad
1184 2414 1418 2462 ecclesiam
1462 2431 1565 2461 vero
1605 2431 1657 2461 ea

290 2554 334 2594 (7)
356 2555 393 2584 In
416 2562 469 2593 op.
496 2554 616 2585 Fuldae
643 2557 728 2586 1763.
755 2554 816 2586 hoc
843 2554 883 2586 de
905 2556 1091 2594 argumento
1115 2554 1213 2586 edito.

292 2606 336 2646 (s)
358 2606 449 2637 Prior
484 2606 656 2646 inscriptus
688 2608 759 2638 est:
788 2608 939 2647 systema
972 2607 1310 2639 historico-criticum
1338 2606 1534 2638 divisarum
1564 2608 1656 2647 pote-

200 2659 332 2689 statum
354 2660 391 2690 in
421 2658 552 2699 lembus
579 2658 894 2691 matrimonialibus
919 2660 1238 2700 impedinwntorum
1261 2659 1501 2691 dirimentium
1525 2666 1569 2690 ex
1587 2660 1658 2690 avi·

201 2712 246 2742 tis
280 2712 462 2752 principiis
497 2720 603 2744 sanae
641 2711 828 2752 theoloqtae
870 2714 902 2744 et
942 2712 1239 2753 im·t³przcdentiae
1281 2714 1477 2745 canonicae.
1523 2713 1657 2743 Franco·

198 2763 275 2794 furti
311 2767 399 2796 1771.
427 2765 588 2796 Posterior
615 2773 717 2796 vero:
756 2765 919 2806 Apoloqia
947 2765 1245 2799 historico-critica
1286 2764 1481 2797 divisarum
1511 2766 1657 2805 potesta-

202 2818 277 2847 tum
302 2818 363 2850 etc.
395 2817 476 2849 thid.
1547 2852 1551 2857 .

1570 2867 1596 2895 ³1<
