1980 3260
310 248 401 294 184
614 258 695 290 un.
724 257 771 289 11.
800 256 914 289 sacr.
942 255 972 287 1.
1001 254 1054 286 ni:
1078 253 1245 287 forest.
1276 253 1444 287 necrus.

309 337 597 403 proprietates
626 333 947 381 determinasse
964 369 974 388 ‚
1016 330 1095 378 sed
1120 340 1351 395 praeterea
1382 330 1500 377 idem
1522 333 1775 397 coniugiu-

306 410 653 478 patresfamilias
688 427 768 457 seu
793 407 1070 474 patriarchas
1091 445 1101 463 ,
1135 406 1213 471 qui
1247 417 1373 453 erant
1402 405 1488 453 sub
1519 405 1618 469 lege
1648 420 1776 458 natu-

307 506 384 536 rae
415 487 666 536 sacerdotes
694 487 779 548 (4),
809 485 1059 532 moderatos
1084 483 1226 530 fuisse
1248 520 1257 539 ,
1285 493 1334 529 ut
1362 491 1535 529 constat
1563 499 1616 529 ex
1643 483 1777 534 Abrae

305 563 408 610 ham
423 601 433 619 ,
461 563 537 627 qui
567 561 708 609 noluit
730 572 778 607 ut
795 561 922 607 Isaac
946 560 991 606 in
1020 575 1200 605 uxorem
1225 557 1403 605 duceret
1426 557 1655 605 mulierem
1672 558 1778 607 cha÷

302 656 517 686 nanaeam
546 638 729 700 (Genes.
751 637 899 683 XXIV.
925 637 996 697 3.)
1019 645 1062 683 et
1081 652 1134 682 ex
1159 636 1285 682 Isaac
1308 634 1386 699 qui
1409 633 1548 681 vetuit
1570 652 1626 681 ne
1646 633 1778 682 Iacob

305 732 355 762 se
377 731 476 761 cum
501 713 652 778 aliqua
675 713 875 760 eiusdem
899 711 1043 776 gentis
1067 711 1356 774 coniungeret
1377 709 1457 773 (ib.
1473 710 1666 756 XXVIII.
1682 711 1773 773 1.).

306 791 462 838 Postea
483 807 587 838 vero
611 789 696 837 sub
724 789 820 852 lege
844 787 1011 852 scripta
1034 804 1343 853 quaecumque
1366 786 1423 833 ad
1447 786 1657 850 coniugia
1679 803 1779 851 spe-

303 875 423 913 ctant
445 883 472 913 a
493 866 586 913 Deo
609 883 689 930 per
706 866 873 913 Mosem
892 864 1184 912 determinata
1206 862 1506 928 conspicimus
1542 864 1629 927 (5).
1652 863 1779 911 quta

302 940 424 1005 leges
459 959 486 988 a
517 942 612 989 Deo
644 941 837 988 sancitas
869 957 1032 988 causae
1067 939 1417 987 matrimoniales
1456 938 1778 987 dirimebantur

305 1035 334 1066 a
361 1018 669 1066 sacerdotibus
685 1056 695 1075 ‚
719 1017 960 1082 praecipue
985 1034 1089 1065 vero
1108 1034 1134 1063 a
1158 1015 1367 1081 pontifice
1381 1053 1391 1072 ,
1418 1025 1469 1062 ut
1491 1015 1602 1064 satis
1625 1027 1777 1081 aperte

305 1104 427 1158 patet
459 1112 513 1142 ex
550 1088 681 1142 Deut.¹
718 1094 849 1140 XVII.
890 1095 999 1150 12.‚
1038 1102 1314 1157 testaturque
1346 1091 1564 1156 Iosephus
1598 1092 1777 1140 Flavius

303 1170 530 1218 scribens:
557 1170 844 1218 «Sacerdotes
865 1186 1062 1217 summos
1087 1168 1284 1233 omnium
1308 1167 1586 1233 quaesitores
1611 1177 1656 1215 et
1677 1184 1778 1216 con-

303 1246 614 1294 troversiarum
641 1246 812 1294 iudices
845 1256 887 1293 et
917 1246 1225 1292 damnatorum
1254 1244 1481 1309 punitores
1500 1244 1775 1292 'constitutos

305 1339 405 1368 esse
440 1339 466 1367 a
498 1322 651 1385 Moyse
683 1324 767 1383 (6).
801 1322 950 1368 «Sane
983 1320 1191 1384 nuspiam
1221 1320 1410 1383 legimus
1437 1320 1579 1367 Deum
1602 1319 1776 1384 aliquid

302 1396 482 1459 regibus
516 1396 573 1442 de
606 1396 812 1459 coniugio
837 1396 1122 1461 praecepisse
1149 1406 1225 1444 aut
1259 1396 1584 1453 demandasse;
1623 1405 1776 1444 contra

300 1489 405 1520 vero
441 1489 568 1535 reges
607 1472 694 1537 ipsi
733 1471 907 1536 legibus
949 1490 976 1519 a
1003 1473 1095 1520 Deo
1130 1473 1382 1521 constitutis
1423 1472 1775 1521 subiiciebantur

301 1548 424 1595 iuxta
458 1548 738 1597 sacerdotum
772 1548 1179 1614 interpretationem
1197 1587 1208 1607 ,
1236 1549 1275 1598 si
1308 1549 1429 1614 quod
1452 1548 1638 1597 dubium
1661 1549 1776 1613 exci-

304 1634 444 1672 tatum
468 1624 642 1673 fuisset.

401 1701 450 1746 In
475 1718 590 1748 nova
613 1711 759 1748 autem
792 1702 890 1766 lege
920 1703 966 1748 in
991 1702 1136 1766 primo
1157 1702 1259 1748 libri
1294 1701 1433 1750 huius
1459 1702 1604 1767 capite
1626 1710 1776 1750 osten-

300 1776 449 1823 dimus
484 1776 710 1824 Christum
735 1778 994 1825 auctoritate
1018 1796 1101 1825 sua
1118 1816 1128 1833 ‚
1157 1778 1280 1826 nulla
1309 1778 1518 1842 politicae
1541 1778 1772 1842 potestatis

300 1852 453 1899 habita
475 1853 668 1910 ratione,
697 1853 944 1902 absolutam
968 1854 1221 1902 decrevisse
1244 1854 1570 1918 monogamiam
1592 1892 1602 1911 ,
1631 1854 1775 1903 indis-

302 1927 709 1994 solubilitatemque
741 1939 1002 1993 perpetuam
1026 1930 1242 1993 coniugii.
1275 1931 1382 1977 Item
1410 1929 1670 1995 Apostolum
1693 1946 1775 1994 pro

301 2003 508 2051 facultate
542 2004 627 2051 sihi
652 2023 678 2052 a
700 2005 877 2053 Christo
902 2005 1016 2059 facta
1033 2044 1043 2063 ‚
1071 2005 1200 2070 plura
1223 2006 1270 2052 in
1293 2005 1442 2054 causis
1472 2005 1775 2052 matrimonia-

301 2078 421 2126 libus
454 2080 765 2138 constituisse‚
805 2098 921 2147 quae
954 2081 1249 2129 versabantur
1281 2081 1376 2129 sive
1409 2081 1527 2128 circa
1559 2081 1772 2144 coniuges

302 2154 572 2202 christianos
603 2156 715 2203 inter
749 2175 823 2214 se,
863 2158 956 2206 sive
990 2158 1105 2205 inter
1138 2157 1293 2205 fideles
1326 2175 1379 2204 ac
1413 2156 1640 2215 infideles,
1677 2157 1774 2206 sive

302 2230 421 2278 circa
441 2229 622 2287 viduas,
644 2232 752 2295 quin
776 2250 829 2280 ea
851 2232 952 2282 heic
975 2233 1136 2282 iterare
1159 2250 1273 2298 opus
1300 2233 1374 2281 sit.
1397 2232 1479 2280 His
1503 2249 1633 2298 porro
1655 2231 1775 2298 Apo·-

390 2388 436 2430 (4)
455 2402 471 2418 «
487 2389 601 2431 capita
624 2389 820 2422 familiarum
836 2415 845 2431 ,
868 2392 974 2433 inquit
1001 2394 1087 2426 Corn
1108 2394 1170 2427 lius
1192 2402 1212 2426 a
1232 2393 1378 2435 Lapide,
1400 2393 1588 2426 earumdem
1611 2394 1704 2426 erant
1722 2401 1773 2427 sa,-

297 2440 454 2474 cerdotes.
488 2444 544 2474 Ius
573 2443 662 2474 enim
689 2443 859 2475 sacerdotii
885 2403 1109 2537 ilffl
1134 2456 1191 2488 per
1218 2446 1454 2488 generationem
1477 2447 1639 2479 carnalem
1664 2445 1774 2479 devol-

300 2492 481 2526 vebaturin
505 2495 671 2535 posteros,
700 2495 822 2527 scilicet
846 2496 880 2527 in
946 2499 1152 2540 imogenitos‚
1173 2500 1254 2532 etin
1280 2499 1386 2541 capita
1403 2498 1598 2532 familiarum
1612 2523 1622 2539 ,
1649 2499 1683 2531 et
1698 2506 1773 2530 con-

298 2547 469 2587 sequenter
481 2555 577 2580 omne
602 2547 819 2580 sacerdotium
848 2549 1059 2583 hebraeorum
1080 2552 1247 2585 descendit
1271 2552 1312 2584 ab
1329 2551 1491 2587 Abraham
1513 2551 1647 2592 eiusque
1669 2559 1773 2585 sacer-

300 2598 401 2631 dotio.
415 2611 431 2627 »
450 2600 636 2632 Commeat.
653 2603 690 2633 in
703 2603 802 2642 episc.
819 2601 866 2634 ad
880 2602 1009 2634 Haehr.
1026 2605 1100 2636 Vll.
1117 2607 1147 2637 4.

389 2652 434 2693 (5)
455 2652 560 2685 Levit.
576 2662 606 2685 c.
623 2654 739 2686 xvlll.
759 2659 777 2686 3
792 2662 859 2695 seq.
880 2656 975 2687 Deut.
1001 2658 1087 2688 XXI.
1112 2662 1147 2690 15
1162 2667 1230 2699 seq.
1248 2659 1362 2690 xxiv.
1383 2661 1395 2689 ι
1413 2665 1503 2697 seqq.
1522 2655 1584 2687 etc.

388 2703 434 2746 (6)
454 2705 525 2737 Lib.
541 2707 583 2738 11.
599 2707 686 2738 cont.
709 2707 887 2748 Appionem
907 2712 957 2740 22.
978 2708 1029 2740 ed.
1047 2711 1258 2751 Havercamp.
1273 2711 1354 2743 tom.
1369 2711 1412 2741 11.
1429 2717 1502 2750 pag.
1522 2710 1593 2741 485.
1609 2706 1711 2740 cuius
1724 2708 1771 2740 rei

298 2758 542 2789 monumentum
569 2757 774 2791 ineluctabile
798 2758 893 2791 nobis
918 2759 1049 2793 exhibet
1076 2760 1157 2794 adeo
1179 2761 1267 2803 apud
1290 2761 1370 2802 legis
1393 2760 1560 2801 doctores,
1586 2768 1644 2792 seu
1668 2768 1770 2792 sacer-

296 2808 389 2842 dotes
411 2810 531 2852 agitata
555 2811 774 2847 controversia
793 2812 880 2845 circa
901 2812 1034 2846 divortii
1056 2822 1170 2848 causas
1183 2813 1225 2848 ad
1245 2815 1386 2848 mentem
1407 2813 1489 2855 legis
1506 2812 1667 2846 mosaicae
1684 2813 1770 2846 Deu-

296 2862 356 2898 ter.
373 2864 488 2898 XXIV.
506 2864 547 2897 de
565 2872 631 2907 qua
654 2864 689 2898 in
712 2863 796 2898 libro
823 2863 1017 2909 insequenti,
