1980 3260
270 238 360 270 CAP.
379 238 436 270 lv.
455 238 506 269 DE
521 235 636 270 scm..
654 236 793 268 POTES.
811 235 959 268 SANAN.
974 234 1100 268 nun.
1119 233 1162 268 IN
1176 233 1270 267 mn.
1286 233 1379 266 nir.
1393 231 1455 268 111.
1530 218 1552 263 Ῑ
1565 217 1624 263 Ἶ5

160 315 329 378 fugerat
366 332 446 380 pro
482 314 707 371 remedio,
747 313 803 361 ad
837 312 1072 362 consilium
1106 310 1285 374 Bolgeni
1304 349 1316 367 ,
1355 310 1440 359 hoc
1485 311 1631 376 ipsum

158 391 413 454 coniugium
450 390 625 438 sanavit
658 390 702 436 in
738 389 887 436 radice
924 390 1040 452 (35).

255 469 408 533 ltaque
432 476 600 514 tantum
625 466 750 514 abest
783 475 832 513 ut
855 464 1077 514 renovatio
1100 470 1349 513 consensus
1379 464 1634 512 necessaria

160 543 250 600 sit,
294 553 344 591 ut
377 561 457 608 per
490 560 539 591 se
572 559 628 590 ne
662 541 912 607 requiratur
945 539 1126 606 quidem
1160 540 1342 589 moralis
1387 557 1634 588 consensus

163 619 445 685 perduratio,
485 619 574 666 imo
604 635 749 682 neque
775 617 1043 682 quandoque
1076 617 1195 665 obsit
1228 634 1474 665 consensus
1498 626 1635 664 retra—

165 697 313 744 ctatio.
343 694 610 741 Prudentiae
632 711 736 757 ergo
760 693 844 740 erit
868 703 1059 742 statuere
1083 694 1262 759 quando
1285 693 1508 742 renovatio
1531 709 1637 741 con-

163 789 324 820 sensus
358 769 576 832 exigenda
607 769 680 816 sit.
721 770 945 816 Interdum
970 770 1090 817 enim
1123 787 1176 817 ea
1208 770 1292 817 erit
1314 770 1632 836 inopportuna,

162 865 215 896 ac
247 846 403 894 litibus
438 845 608 892 aditum
641 845 865 909 aperiret,
904 856 947 893 et
971 844 1232 893 scandalum
1258 855 1462 909 pareret;
1500 845 1637 894 inter-

162 924 270 971 dum
302 939 406 971 vero
441 932 687 987 opportuna
718 921 828 978 erit,
867 921 1056 986 litesque
1091 921 1318 986 praecidet
1343 931 1477 986 atque
1511 922 1638 969 aedi-

167 1000 361 1049 ficationi
397 998 622 1047 inserviet.

264 1075 634 1141 Quandoquidem
663 1086 808 1122 autem
832 1074 888 1123 de
910 1075 1196 1122 renovatione
1222 1091 1468 1123 consensus
1491 1075 1640 1123 disse-

166 1154 305 1201 rimus
339 1154 384 1199 in
422 1152 652 1200 sanatione
674 1151 943 1199 matrimonii
968 1151 1014 1198 in
1039 1151 1215 1208 radice,
1250 1169 1339 1200 non
1368 1151 1450 1200 abs
1484 1169 1531 1199 re
1555 1152 1639 1200 erit

163 1247 317 1278 casum
352 1229 510 1277 afferre
549 1229 627 1295 qui
660 1229 822 1277 Romae
855 1228 1090 1277 discussus
1132 1239 1231 1286 est,
1276 1247 1415 1295 quum
1448 1228 1637 1276 Benedi-

164 1318 262 1354 ctus
292 1306 400 1352 XIV.
436 1315 555 1353 esset
588 1323 615 1354 a
647 1305 829 1353 secretis
854 1305 899 1351 in
932 1322 1138 1370 congreg.
1176 1305 1353 1353 concilii
1384 1305 1441 1353 ob
1475 1322 1636 1353 nexum

165 1399 298 1448 quem
333 1382 469 1430 habet
502 1400 603 1430 cum
634 1382 690 1430 iis
729 1399 846 1448 quae
879 1382 1076 1430 diximus
1110 1382 1166 1430 de
1200 1383 1530 1447 opportunitate
1562 1393 1638 1429 aut

165 1459 540 1524 inopportunitate
574 1458 705 1507 istius
740 1458 1040 1507 renovationis
1074 1476 1338 1507 consensus.
1377 1458 1526 1514 Quum
1549 1458 1640 1506 duo

164 1534 374 1600 coniuges
399 1553 427 1583 a
450 1535 584 1585 Paulo
608 1536 658 1583 V.
695 1535 968 1584 sanationem
999 1536 1266 1583 matrimonii
1303 1536 1349 1582 in
1386 1535 1534 1583 radice
1556 1534 1637 1583 ob-

167 1612 404 1660 tinuissent
422 1612 506 1660 sub
525 1611 728 1660 clausula
751 1611 807 1659 de
830 1612 1113 1660 renovatione
1137 1628 1401 1668 consensus,
1430 1611 1515 1659 hac
1539 1611 1639 1675 ipsa

166 1687 222 1736 de
256 1705 393 1736 causa
426 1699 526 1753 post
557 1689 759 1754 elapsum
793 1688 1015 1752 integrum
1050 1688 1249 1736 seculum
1284 1687 1489 1754 quaestio
1521 1698 1639 1736 mota

168 1775 237 1813 est
265 1765 323 1812 ad
355 1764 679 1812 exturbandum
704 1764 844 1812 filium
878 1765 934 1812 ab
959 1765 1232 1813 haereditate
1249 1803 1259 1823 ,
1297 1781 1350 1813 eo
1373 1764 1492 1830 quod
1518 1774 1640 1812 ortus

166 1859 254 1890 non
279 1852 399 1890 esset
421 1852 523 1906 post
555 1841 883 1889 renovationem
917 1859 1179 1890 consensus.
1207 1841 1287 1889 Ast
1309 1842 1460 1889 inanis
1483 1841 1639 1889 habita

167 1919 250 1968 fuit
265 1919 484 1967 eiusmodi
503 1918 818 1984 expostulatio;
841 1936 961 1976 nam,
982 1929 1031 1967 ut
1048 1918 1199 1966 subdit
1217 1918 1379 1966 Bened.
1399 1919 1507 1965 XIV.
1535 1917 1636 1964 «Di-

168 1996 359 2044 cendum
391 2005 485 2052 est,
514 1995 634 2061 quod
659 1994 851 2060 primum
875 1995 1202 2043 matrimonium
1237 2005 1510 2043 contractum
1539 2011 1639 2042 con-

167 2073 407 2130 validavit,
441 2073 521 2120 sed
545 2090 646 2120 cum
680 2072 932 2121 conditione
966 2090 1106 2121 novae
1139 2071 1517 2121 solemnizationis
1547 2088 1642 2118 ser-

166 2161 269 2198 vata
300 2150 441 2198 forma
474 2149 653 2197 concilii
695 2167 773 2214 pro
813 2149 1019 2198 evitando
1059 2149 1298 2206 scandalo,
1336 2149 1456 2214 quod
1492 2158 1643 2214 posset

168 2227 272 2274 oriri
303 2228 418 2274 inter
451 2226 703 2289 ignorantes
733 2227 924 2291 primum
947 2227 1275 2274 matrimonium
1302 2226 1357 2274 de
1381 2225 1496 2274 facto
1532 2242 1638 2273 con-

259 2440 325 2480 (35)
347 2442 394 2472 Ex
408 2448 484 2472 mss.
508 2439 597 2480 quod
617 2440 706 2472 extat
727 2440 761 2472 in
784 2439 979 2473 bibliotheca
1003 2440 1076 2474 coll.
1096 2440 1221 2473 romani
1245 2440 1390 2473 eiusdem
1416 2440 1568 2481 Bolgeni,
1586 2440 1643 2480 qui

170 2494 274 2525 totum
308 2494 369 2526 hoc
402 2491 567 2534 negotium
595 2492 664 2525 fuse
699 2492 807 2525 refert.
834 2494 881 2525 Ex
907 2492 963 2526 illo
998 2493 1148 2535 coniugio
1175 2494 1241 2526 iam
1270 2493 1336 2526 duo
1359 2493 1417 2526 filii
1446 2493 1512 2524 nati
1534 2493 1645 2530 erant,

168 2555 270 2587 quum
289 2545 522 2587 deprehensum
541 2547 590 2578 est
611 2546 740 2578 irritum
762 2545 843 2578 illud
863 2545 981 2587 fuisse,
1006 2554 1044 2579 ac
1058 2548 1223 2589 praeterea
1238 2546 1447 2588 gravissimae
1469 2546 1551 2577 inter
1563 2544 1644 2576 duas

170 2599 310 2632 familias
344 2599 598 2632 concertationes
624 2600 713 2632 ortae
736 2599 892 2640 fuissent,
916 2600 979 2634 nisi
999 2601 1186 2642 coniugium
1209 2603 1358 2634 sanatum
1382 2601 1474 2632 esset.
1497 2600 1644 2631 Attamen

170 2654 208 2685 P.
234 2653 335 2685 Mozzi
366 2653 440 2685 huic
466 2653 642 2685 sententiae
665 2654 842 2694 refragatus
864 2655 932 2695 est3
960 2654 1050 2687 ratus
1073 2663 1137 2687 non
1164 2663 1257 2695 posse
1271 2663 1353 2686 rom.
1382 2652 1566 2693 pontificem
1588 2651 1644 2682 illa

171 2713 285 2737 sanare
308 2705 456 2746 coniugia
479 2705 513 2736 in
532 2705 650 2746 quibus
670 2714 844 2738 consensus
866 2706 1029 2739 moraliter
1056 2707 1169 2739 saltem
1187 2716 1251 2738 non
1275 2706 1465 2747 perseveret.
1489 2705 1524 2735 In
1543 2702 1643 2735 relato

171 2758 279 2790 autem
306 2767 382 2790 casu
398 2758 515 2791 mulier
541 2767 635 2790 suum
660 2767 849 2791 consensum
865 2759 1002 2800 positive
1025 2761 1266 2792 retractaverat.
1287 2757 1503 2791 Nihilominus
1522 2758 1646 2789 certum

172 2810 222 2842 est
244 2810 334 2843 iuxta
361 2810 469 2843 datam
492 2811 668 2845 sanationis
693 2812 727 2843 in
754 2811 862 2844 radice
888 2811 1046 2845 theoriam
1073 2813 1133 2845 rite
1149 2812 1290 2853 potuisse
1305 2810 1488 2851 pontificem
1514 2810 1547 2841 et
1570 2809 1644 2841 huic

175 2861 295 2894 mederi
320 2863 538 2896 matrimonio.
