1980 3260
269 275 359 308 cst.
379 275 440 307 111.
456 275 509 307 ni:
528 273 644 306 scer..
664 271 937 305 ror.n1sr.1N
956 272 1044 304 mr.
1061 272 1186 304 uun.
1206 273 1291 305 nm.
1306 273 1402 306 aar.
1421 273 1481 306 iv.
1554 258 1646 305 145

171 365 291 403 recta
310 356 404 403 sive
423 355 467 401 in
486 354 606 400 linea
623 351 867 400 collaterali
884 351 1033 400 varios
1051 351 1242 415 gradus,
1266 351 1423 400 saltem
1443 363 1649 418 respectu

171 430 601 494 consanguineitatis
637 446 690 477 ex
723 446 812 494 qua
846 427 1148 493 progignitur,
1186 427 1353 476 habere
1386 439 1546 494 potest.

269 507 538 555 Affinitatem
570 522 727 570 parere
760 504 1126 570 impedimentum
1149 515 1192 552 et
1215 505 1398 570 quidem
1433 506 1650 555 dirimens

174 583 527 638 matrimonium,
555 599 685 629 nemo
719 591 789 629 est
822 581 900 646 qui
934 580 1120 628 dubitet.
1142 579 1402 646 Antiquitus
1426 592 1651 647 receptum

174 672 294 718 erat,
319 670 369 707 ut
390 659 520 721 longe
549 657 698 721 plures
731 657 898 720 gradus
935 657 1205 721 impedirent
1235 657 1491 721 coniugium
1515 668 1650 723 atque

175 737 458 789 dirimerent;
493 749 607 780 novo
631 742 778 779 autem
808 732 903 779 iure
932 732 1127 780 affinitas
1151 743 1247 781 orta
1268 751 1322 781 ex
1346 733 1504 799 copula
1528 733 1652 782 licita

175 811 342 860 dirimit
371 824 516 873 usque
548 807 605 855 ad
639 817 845 872 quartum
880 808 1093 870 gradum,
1129 819 1225 856 orta
1256 826 1361 857 vero
1396 827 1450 858 ex
1488 810 1649 875 copula

174 887 329 935 illicita
355 883 552 932 cohibita
581 892 648 930 est
679 900 825 947 usque
853 883 910 930 ad
938 883 1184 930 secundum
1214 885 1419 947 gradum.

267 961 349 1008 His
378 958 638 1025 praelibatis
673 958 731 1006 ad
765 976 858 1006 rem
894 970 1091 1006 nostram
1114 969 1159 1007 et
1182 959 1240 1006 ad
1265 959 1400 1007 finem
1424 977 1556 1025 quem
1581 962 1650 1008 in-

171 1035 421 1093 tendimus,
460 1035 664 1100 quaestio
699 1034 812 1082 inter
856 1044 1057 1082 auctores
1104 1035 1199 1083 sive
1239 1034 1469 1099 theologos
1499 1074 1509 1094 ‚
1555 1037 1650 1085 sive

170 1111 282 1159 iuris
318 1110 522 1159 canonici
550 1111 813 1175 interpretes
843 1109 1091 1175 disceptata
1125 1110 1283 1174 attingi
1313 1111 1448 1159 etiam
1473 1111 1547 1158 hic
1571 1111 1649 1159 de-

169 1186 269 1244 bet3
311 1187 520 1234 nimirum
553 1196 699 1233 utrum
734 1184 955 1233 eiusmodi
1000 1185 1367 1251 impedimentum
1410 1196 1650 1234 enascatur

168 1282 222 1312 ex
246 1264 341 1311 iure
365 1273 575 1320 naturae,
605 1280 662 1310 an
683 1279 787 1310 vero
805 1279 858 1308 ex
876 1262 972 1309 iure
997 1272 1167 1309 tantum
1191 1262 1510 1311 ecclesiastico.
1535 1264 1646 1310 Nam

169 1340 209 1388 si
233 1357 260 1387 a
283 1340 380 1387 iure
404 1338 594 1386 naturali
620 1339 769 1386 stricte
803 1348 980 1403 sumpto
1013 1350 1319 1397 enasceretur,
1358 1339 1481 1386 iuxta
1505 1339 1642 1397 dicta,

168 1433 257 1464 non
299 1426 451 1481 posset
484 1415 673 1463 ecclesia
694 1453 704 1473 ,
743 1425 818 1462 aut
852 1432 962 1462 rom.
992 1415 1188 1480 pontifex
1221 1415 1312 1463 ullo
1351 1415 1397 1461 in
1433 1432 1542 1463 casu
1577 1433 1645 1464 re-

166 1492 344 1549 laxare,
374 1502 528 1539 contra
560 1509 664 1540 vero
699 1491 781 1538 rite
811 1491 856 1537 id
881 1501 1059 1556 posset,
1100 1491 1139 1538 si
1173 1509 1227 1539 ex
1262 1491 1359 1539 iure
1393 1491 1538 1539 solum
1573 1508 1645 1540 ec-

167 1568 418 1617 clesiastico
453 1585 505 1616 ac
538 1567 729 1633 positivo
763 1578 1060 1632 promanaret.

264 1647 399 1694 Porro
434 1664 522 1694 non
557 1646 716 1711 pauci,
754 1645 876 1710 iique
909 1644 1164 1709 gravissimi
1200 1656 1401 1694 auctores
1424 1645 1531 1694 olim
1556 1645 1648 1711 opi—

169 1722 263 1770 nati
284 1732 388 1770 sunt
406 1722 617 1769 maiorem
642 1721 875 1769 affinitatis
900 1721 1113 1784 gradum,
1136 1738 1216 1768 seu
1241 1721 1428 1785 gradum
1453 1722 1647 1786 primum

168 1800 214 1846 in
237 1798 357 1846 linea
381 1809 502 1846 recta
524 1798 586 1846 ita
610 1797 695 1845 iuri
723 1807 907 1845 naturae
930 1797 1156 1844 adversari
1182 1797 1239 1844 ab
1263 1815 1404 1862 eoque
1428 1797 1490 1844 ita
1513 1797 1648 1844 inter—

167 1875 258 1923 dici
291 1874 575 1938 coniugium‚
612 1885 662 1921 ut
695 1891 804 1921 rom.
842 1874 1038 1939 pontifex
1074 1873 1130 1921 ab
1164 1873 1241 1921 illo
1274 1873 1539 1939 dispensare
1571 1890 1644 1921 ne-

167 1961 302 2017 queat
323 1951 473 2014 (107).
498 1949 808 1997 Innitebantur
830 1959 976 1997 autem
1001 1948 1286 2014 potissimum
1310 1948 1481 2014 duplici
1514 1966 1647 2013 argu-

168 2037 316 2076 mento
345 2065 355 2085 ,
394 2026 532 2075 altero
577 2026 710 2074 ducto
740 2043 794 2074 ex
830 2025 1081 2073 indecentia
1099 2064 1109 2083 ,
1149 2043 1229 2073 seu
1263 2025 1438 2073 defectu
1471 2024 1649 2073 debitae

170 2104 376 2168 sanguini
422 2103 694 2152 reverentiae
722 2123 731 2160 ;
782 2102 919 2150 altero
957 2119 1062 2150 vero
1102 2119 1156 2149 ex
1195 2101 1462 2167 aequalitate
1491 2139 1501 2159 ‚
1556 2100 1647 2150 imo

169 2190 212 2228 et
242 2181 544 2245 superioritate
579 2179 849 2244 quandoque
894 2178 1058 2226 iurium
1093 2195 1197 2242 erga
1230 2177 1331 2226 illos
1367 2177 1532 2242 quibus
1567 2195 1648 2226 na-

173 2266 296 2305 turae
319 2257 414 2304 iure
443 2254 631 2302 subesse
658 2254 882 2302 deberent.
924 2254 1048 2310 Quae
1081 2271 1163 2301 nos
1196 2253 1330 2318 paulo
1363 2263 1465 2301 ante
1499 2253 1649 2318 attigi-

174 2348 273 2381 mus
306 2349 407 2381 cum
437 2348 476 2379 s.
500 2330 668 2378 Thoma
698 2330 969 2379 disserentes
993 2330 1049 2378 de
1073 2330 1415 2395 impedimento,
1449 2330 1567 2396 quod
1592 2348 1645 2378 ex

174 2408 318 2473 primo
350 2407 775 2470 consanguineitatis
810 2406 953 2471 gradu
986 2407 1199 2455 dimanat.

267 2574 354 2616 (107)
374 2575 462 2608 Inter
485 2575 609 2608 ceteros
624 2584 650 2608 s.
666 2575 847 2608 Antoninus
862 2579 891 2609 3.
907 2584 940 2617 p.
958 2575 1009 2609 tit.
1025 2576 1053 2608 1.
1069 2583 1141 2617 cap.
1158 2576 1199 2607 11.
1216 2574 1247 2616 §.
1266 2578 1295 2607 1.
1310 2575 1389 2607 Soto
1405 2573 1438 2606 in
1453 2576 1483 2606 4.
1499 2572 1641 2606 sentent.

169 2625 247 2659 dist.
263 2629 314 2660 41.
332 2628 456 2668 quaest.
472 2627 559 2661 unic.
584 2629 645 2661 art.
668 2633 697 2661 3.
718 2627 934 2661 covarruvias
947 2637 980 2670 p.
998 2633 1028 2661 2.
1044 2629 1094 2661 De
1111 2626 1301 2669 sponsalib.
1318 2635 1388 2668 cap.
1407 2625 1479 2667 6.§.
1497 2629 1545 2659 ιο.
1560 2634 1593 2658 n.
1611 2630 1640 2658 2.

168 2680 384 2713 Bellarminns
396 2681 454 2714 lib.
468 2681 555 2714 unic.
571 2683 621 2714 De
634 2683 789 2714 matrim.
800 2683 984 2715 c.XXV111.
994 2691 1026 2715 n.
1039 2686 1070 2715 2.
1082 2681 1293 2714 cabassutius
1307 2682 1368 2714 lus
1382 2687 1506 2712 canon.
1518 2678 1574 2712 lib.
1585 2680 1643 2711 111.

168 2741 240 2775 cap.
257 2736 307 2767 24.
322 2743 355 2766 n.
374 2738 424 2767 28.
442 2734 578 2767 luvenin
598 2736 648 2768 De
664 2736 816 2767 matrim.
833 2734 911 2768 diss.
926 2736 998 2767 ΧΠ.
1017 2743 1046 2767 c.
1072 2739 1119 2768 10.
1137 2734 1241 2767 conci.
1261 2739 1290 2767 3.
1307 2732 1439 2773 Pirhing
1458 2732 1492 2764 in
1509 2733 1641 2764 Decret.

165 2786 213 2819 De
227 2787 464 2828 consanguinit.
477 2787 510 2820 et
522 2787 637 2820 affinit.
653 2796 686 2820 n.
701 2792 750 2821 3¹2.
766 2787 975 2820 Reifsenstuel
990 2788 1024 2820 in
1041 2789 1174 2821 Decret.
1193 2787 1250 2819 lib.
1263 2788 1319 2818 lv.
1334 2786 1386 2818 tit.
1405 2787 1453 2818 14.
1469 2793 1501 2817 n.
1515 2787 1566 2818 49.
1583 2785 1644 2817 Na-

166 2838 392 2873 tahAlexand.
413 2840 526 2874 Theol.
543 2840 697 2882 deamat.
715 2842 763 2873 De
776 2849 867 2874 sacr.
884 2842 1038 2874 matrim.
1049 2841 1112 2874 art.
1130 2845 1161 2874 6.
1178 2848 1244 2881 reg.
1263 2843 1290 2872 1.
1309 2839 1428 2871 Pontus
1442 2836 1475 2870 in
1490 2838 1640 2871 Diction.

164 2899 311 2925 casuum
334 2895 518 2927 conscient.
539 2895 621 2927 tom.
635 2897 657 2926 1.
673 2894 762 2927 verb.
784 2895 979 2936 Dispensat.
1001 2902 1066 2928 cas.
1084 2899 1114 2926 ³.

290 2962 323 2997 11
1536 2964 1579 2996 10
