1980 3260
395 244 486 273 mr.
506 242 545 273 ·ι.
576 240 672 272 usn.
703 239 797 270 inni
822 237 986 270 rornsr.
1016 236 1182 269 accras.
1206 237 1307 269 Aur:
1326 237 1388 269 111.
1563 222 1618 268 3}

160 321 361 385 aliasque
386 319 702 384 proprietates:
730 318 834 364 item
853 312 983 363 'eirca
1015 312 1229 379 Personas
1246 353 1256 372 ‚
1284 330 1400 380 quae
1423 315 1479 363 ad
1503 315 1623 364 hunc

158 398 427 444 contractum
445 391 867 443 valide-ineundum
885 389 1060 438 habiles
1077 402 1153 437 aut
1171 391 1395 439 inhabiles
1419 410 1506 442 non
1530 394 1624 440 exi-

159 484 344 521 sterent.
368 472 475 519 Gen.
497 470 554 515 11.
577 470 654 514 28.
677 468 856 515 Levitic.
878 467 1107 512 XVII-XX.
1131 467 1258 514 Deut.
1281 467 1373 512 XX.
1393 469 1618 525 22‚26....

164 550 278 596 Hinc
299 544 626 595 matrimonium
661 562 687 591 a
721 562 759 591 s.
791 542 959 590 Thoma
993 552 1243 590 contractus
1272 544 1517 606 spiritualis
1546 562 1625 609 ap·

164 625 372 690 pellatur;
391 660 398 667 .
418 660 453 667 ..
479 622 583 668 hinc
607 637 783 685 quoque
808 619 883 675 fit,
913 619 1031 683 quod
1057 618 1233 683 publica
1257 628 1453 682 potestas
1472 657 1482 676 ,
1511 637 1624 684 quae

164 700 277 747 alius
311 707 560 744 contractus
587 695 669 742 etsi
693 694 840 741 valide
874 693 1007 740 initos
1042 694 1310 758 quandoque
1343 695 1620 754 rescindere,

166 777 267 824 item
292 772 554 837 requisitum
579 772 623 816 in
643 769 1004 817 contrahentibus
1024 786 1290 816 consensum
1309 771 1440 818 certis
1458 771 1503 817 in
1522 789 1628 819 con-

165 849 406 899 ditionibus
431 847 638 912 supplere
666 845 808 902 valet,
848 844 960 891 nihil
993 853 1140 891 tamen
1174 845 1332 892 horum
1367 847 1485 894 circa
1523 865 1628 895 con-

165 935 349 973 tractum
373 920 739 969 matrimonialem
766 930 990 985 praestare
1013 919 1182 984 possit,
1220 937 1301 967 nec
1333 938 1531 986 unquam
1555 941 1630 987 po-

166 1001 297 1049 tuerit
336 1000 450 1061 (44).
479 1018 500 1042 »

261 1076 342 1122 Cui
376 1074 601 1121 doctrinae
629 1074 869 1139 assentitur
904 1073 1069 1136 pariter
1097 1072 1218 1119 card.
1250 1071 1493 1131 Gerdilius,
1523 1074 1629 1121 dum

169 1152 382 1199 adversus
407 1152 654 1214 apostatam
685 1147 989 1212 Spalatensem
1014 1147 1209 1195 ostendit
1232 1147 1388 1211 ingens
1419 1149 1537 1214 quod
1562 1150 1631 1196 in-

169 1227 411 1293 terponitur
433 1226 673 1273 discrimen
706 1225 820 1271 inter
844 1226 1093 1272 contractus
1130 1224 1325 1290 reliquos
1343 1264 1353 1282 ,
1374 1226 1430 1272 'et
1457 1237 1630 1274 contra-

166 1315 284 1352 ctum
322 1302 646 1351 connubialem.
677 1301 804 1357 Quod
835 1301 1016 1366 quidem
1042 1301 1205 1365 duplex
1228 1311 1297 1348 est
1313 1340 1322 1358 ‚
1350 1300 1538 1349 alterum
1562 1303 1630 1349 in-

168 1379 407 1426 trinsecum
429 1416 438 1434 ‚
477 1378 770 1425 extrinsecum
816 1377 1018 1424 alterum.
1069 1377 1363 1424 lntrinsecum
1409 1377 1519 1424 illud
1564 1388 1632 1426 est

166 1456 286 1521 quod
322 1455 461 1503 oritur
493 1472 547 1501 ex
581 1455 680 1519 ipsa
724 1453 786 1501 rei
822 1465 1003 1511 natura,
1043 1464 1262 1519 quatenus
1298 1471 1543 1502 consensus
1578 1453 1630 1502 ex

168 1542 291 1598 parte
324 1531 678 1580 contrahentium
711 1530 967 1594 coniugium
1002 1530 1067 1577 sic
1094 1530 1253 1578 debeat
1284 1530 1396 1577 liber
1417 1548 1519 1579 esse
1539 1568 1549 1588 ,
1586 1542 1634 1579 ut

168 1608 274 1655 huic
306 1607 497 1655 defectui
529 1606 652 1654 nulla
674 1607 871 1654 humana
894 1608 964 1654 lex
989 1607 1197 1672 supplere
1220 1607 1365 1671 possit
1387 1645 1395 1664 ,
1429 1623 1558 1655 secus
1582 1623 1633 1655 ac

170 1695 373 1749 respectu
406 1694 650 1731 ceterorum
686 1694 990 1732 contractuum
1015 1684 1218 1749 pluribus
1252 1684 1299 1730 in
1323 1684 1504 1731 casibus
1529 1684 1634 1732 con-

171 1762 327 1825 tingat.
365 1762 673 1808 Extrinsecum
696 1779 800 1809 vero
835 1761 945 1808 illud
980 1771 1186 1809 censetur
1209 1762 1328 1826 quod
1353 1761 1554 1826 provenit
1571 1778 1634 1808 *ex

171 1838 266 1885 iure
300 1837 450 1886 divino
475 1837 664 1902 positivo
683 1873 694 1894 ,-
726 1848 945 1903 quatenus
981 1838 1100 1886 Deus
1134 1838 1180 1883 in
1214 1838 1314 1902 ipsa
1345 1837 1540 1901 coniugii
1564 1838 1633 1884 in·-

172 1914 398 1962 stitutione
422 1931 449 1960 a
471 1914 626 1961 mundi
661 1914 918 1978 primordiis
941 1914 1055 1962 duas
1079 1915 1335 1980 apposuerit
1354 1912 1634 1963 'conditiones

172 1990 413 2038 contractui
458 1990 759 2046 matrimonii,
806 2007 920 2056 quae
958 2007 985 2037 a
1018 1989 1141 2049 nulla
1182 1990 1376 2037 humana
1419 1999 1636 2054 potestate

171 2068 393 2133 pendeant
414 2106 423 2124 ‚
462 2068 713 2116 cuiusmodi
740 2079 843 2115 sunt
867 2068 1015 2115 unitas
1040 2077 1083 2114 et
1106 2062 1498 2122 indissolubilitas,
1520 2081 1634 2130 quas

172 2161 273 2191 cum
307 2144 427 2190 Deus
464 2144 561 2207 ipse
585 2144 681 2190 iure
705 2161 786 2190 suo
820 2143 866 2189 in
899 2143 1034 2190 veteri
1069 2142 1166 2206 lege
1194 2141 1484 2204 mitigaverit,
1508 2141 1637 2188 Chri-

174 2230 270 2267 stus
294 2220 339 2265 in
359 2236 473 2266 nova
492 2219 548 2266 ad
568 2219 801 2283 pristinam
821 2220 1098 2266 sanctitatem
1122 2218 1342 2266 revocavit
1363 2218 1480 2280 (45).
1509 2216 1637 2272 Quod

175 2295 356 2360 quidem
391 2295 436 2341 in
461 2295 647 2360 reliquis
678 2295 974 2343 contractibus
1009 2295 1102 2343 sive
1135 2292 1412 2342 naturalibus
1447 2292 1542 2341 sive
1571 2292 1637 2351 ‚ci—

175 2371 338 2420 vilibus
372 2389 461 2419 non
496 2374 656 2418 evenit.

272 2446 390 2504 Quid
414 2447 543 2512 plura
562 2446 585 2492 ⁶?
620 2448 733 2495 inter
756 2443 878 2514 ipsos
903 2447 1195 2514 philosophos
1219 2464 1308 2495 non
1331 2446 1533 2502 defuere,
1558 2440 1635 2510 qui

177 2523 427 2587 analogiam
463 2524 577 2571 inter
611 2525 936 2573 matrimonium
971 2536 1014 2573 et
1055 2524 1207 2573 civiles
1241 2533 1490 2572 contractus
1523 2522 1639 2568 iusta

177 2599 281 2656 crisi
321 2601 664 2665 perstringerent
703 2603 817 2663 (46).
858 2600 985 2657 Quod
1021 2601 1060 2649 si
1096 2601 1206 2648 ratio
1246 2609 1465 2665 spectetur
1498 2614 1641 2645 sacra-

266 2748 331 2788 (44)
356 2749 402 2780 Dc
423 2749 596 2790 impedim.
615 2749 768 2781 matrim.
789 2756 866 2789 cap.
886 2749 1034 2780 XXIII.
1052 2747 1082 2789 ἓ.
1102 2753 1132 2780 8.
1151 2751 1180 2780 9.
1204 2751 1251 2780 ιο.
1278 2751 1327 2778 11.

266 2802 333 2841 (45)
347 2803 512 2834 Tractato
532 2801 590 2834 del
610 2803 831 2833 matrimonio
852 2802 934 2842 part.
953 2803 978 2833 1.
995 2801 1026 2842 §.
1048 2806 1074 2834 ι.
1092 2809 1168 2842 opp.
1186 2799 1237 2831 ed.
1254 2801 1346 2832 Rom.
1364 2799 1443 2830 tom.
1462 2799 1532 2829 XV.

268 2855 332 2894 (46)
352 2855 424 2895 lpse
444 2855 540 2895 Hegel
563 2855 682 2895 carpsit
698 2855 860 2887 notionem
884 2854 1080 2887 matrimonii
1096 2863 1114 2886 a
1133 2854 1218 2886 Kant
1230 2852 1423 2892 exhibitam,
1440 2851 1472 2890 et
1493 2859 1511 2881 a
1535 2858 1639 2882 recem
