1980 3282
275 264 298 302 ϋ
588 271 665 301 Lm.
696 269 739 299 n.
769 268 879 299 secr.
910 269 938 298 1.
970 267 1019 297 DE
1044 266 1206 297 roTnsr.
1238 265 1401 297 nectas.

362 352 422 396 Ac
452 350 591 413 primo
625 347 867 394 asserimus
902 345 1133 393 ecclesiam
1170 344 1213 389 in
1248 344 1574 391 matrimonium
1602 347 1720 394 chri-

267 427 457 473 stianum
492 432 750 487 potestatem
775 420 938 468 habere
966 430 1008 467 et
1031 419 1246 484 quidem
1224 435 1331 467 jure
1351 418 1526 466 divino:
1555 429 1723 467 utrum-

268 519 353 565 que
377 498 559 545 iisdem
578 495 846 560 argumentis
879 512 907 541 a
936 495 1079 558 priori
1102 505 1145 541 et
1169 511 1197 540 a
1219 494 1450 557 posteriori
1471 483 1719 541 confiettur.

268 576 302 620 A
334 575 490 638 priori,
529 583 747 637 quatenus
780 589 832 617 ex
868 571 966 633 ipsa
998 580 1155 616 natura
1189 569 1452 616 sacramenti
1487 586 1540 615 ca
1573 568 1726 616 divina

271 660 462 713 potestas
498 648 747 709 colligitur3
785 662 811 691 a
838 645 1098 708 posteriori,
1137 654 1359 708 quatenus
1392 643 1579 691 ecclesia
1623 644 1723 708 ipsa

269 724 451 771 eandem
482 733 737 787 potestatem
768 720 927 783 iugiter
950 719 994 765 in
1020 719 1349 767 matrimonium
1378 720 1573 767 exercuit
1598 731 1647 767 ut
1680 720 1723 766 in

270 807 359 846 rem
374 801 582 855 fsacra'm‘,
612 796 767 854 ecdem
790 795 923 860 plane
946 795 1078 842 modo
1100 805 1191 860 quo
1212 805 1472 859 potestatem
1495 795 1613 845 'circa
1637 795 1725 843 alia

271 861 544 921 sacramenta
576 872 800 928 exercuit,
841 871 1046 917 nimirum
1084 870 1178 917 iure
1218 870 1383 917 divino.

364 951 477 996 Sanc
517 949 554 997 si
590 947 842 1010 coniugium
893 946 1183 993 christianum
1230 957 1296 993 est
1338 957 1661 993 sacramentum
1701 964 1728 993 a

270 1026 444 1072 Christo
468 1025 652 1071 Domino
683 1023 930 1070 institutum
946 1060 955 1077 ‚
982 1012 1079 1068 eius
1106 1021 1432 1069 administratio
1456 1039 1507 1069 ac
1532 1023 1726 1085 regimen

271 1101 481 1148 ecclesiae
522 1118 547 1147 a
581 1099 755 1146 Christo
789 1096 1072 1146 commissum
1107 1108 1211 1154 est,
1249 1105 1378 1161 prout
1410 1097 1554 1144 eidem
1588 1097 1730 1144 eccle-

271 1177 361 1222 siae
394 1176 550 1222 collata
588 1174 803 1222 divinitus*
834 1183 901 1220 est
934 1172 1203 1236 reliquorum
1237 1181 1610 1219 sacramentorum
1639 1190 1731 1220 mo-

271 1252 438 1298 deratio
473 1261 602 1315 atque
636 1249 975 1296 administratio.
1020 1246 1193 1295 Etenim
1234 1265 1286 1295 co
1319 1248 1417 1312 ipso
1445 1286 1455 1305 ,
1500 1247 1619 1312 quod
1656 1266 1729 1296 sa-

273 1336 493 1372 cramenta
532 1326 619 1372 sint
653 1325 820 1387 gratiae
862 1323 1152 1371 conferendae
1192 1323 1337 1370 media
1371 1341 1423 1371 ac
1458 1323 1663 1371 vehicula
1703 1341 1730 1370 a

271 1401 442 1447 Christo
478 1400 674 1447 instituta
708 1400 764 1446 ad
800 1398 995 1446 fidelium
1032 1416 1209 1445 suorum
1254 1399 1646 1447 sanctificationem
1678 1416 1731 1446 ac

273 1476 484 1532 salutem,
518 1478 666 1522 e'o'rum
705 1474 1029 1522 administratio
1064 1474 1274 1522 ecclesiae
1318 1474 1483 1523 Christi
1519 1492 1731 1522 concessa

273 1562 359 1608 est,
399 1569 511 1615 quac
545 1552 721 1598 eosdem
759 1550 911 1597 fideles
950 1568 1099 1614 regere
1134 1550 1262 1598 debet
1287 1562 1329 1598 et
1353 1551 1407 1597 ad
1434 1551 1620 1599 salutem
1655 1569 1732 1598 ae-

275 1639 441 1673 ternam
483 1628 736 1691 perducere.
777 1628 911 1673 Nemo
946 1626 1020 1690 qui
1057 1626 1200 1691 sapiat
1232 1627 1315 1674 hoc
1349 1627 1393 1673 in
1439 1627 1623 1674 dubium
1658 1644 1727 1674 re-

275 1715 430 1750 vocare
465 1703 654 1766 poterit,
693 1719 826 1767 quum
861 1713 903 1748 et
937 1713 1212 1749 sacramenta
1236 1703 1325 1750 sint
1348 1702 1494 1749 media
1527 1703 1583 1749 ad
1612 1702 1734 1750 salu-

277 1790 359 1824 tem
379 1779 633 1841 potissima,
663 1789 704 1824 ct
728 1790 903 1824 aeterna
927 1777 1049 1824 salus
1075 1795 1308 1841 supremus
1333 1778 1391 1825 sit
1415 1778 1517 1825 finis
1537 1796 1587 1825 ac
1612 1789 1734 1826 meta

274 1854 427 1905 ultima
457 1854 513 1901 ob
545 1861 693 1917 quam³
711 1853 941 1900 aedificata
974 1852 1164 1900 ecclesia
1195 1865 1278 1901 est.
1307 1854 1393 1901 Aut
1415 1855 1550 1917 igitur
1571 1854 1629 1901 ab
1657 1851 1748 1921 ad-

276 1929 483 1976 versariis
508 1928 756 1991 negandum
771 1938 847 1975 est
870 1928 1200 1975 matrimonium·
1230 1944 1467 1976 esse-vere
1488 1941 1531 1976 et
1554 1929 1733 1994 propt-ie

276 2021 414 2051 novae
439 2004 918 2066 legissacramentum,
948 2010 1028 2050 aut'
1046 2004 1314 2066 negandum,
1345 2015 1526 2052 aucme-
1553 2004 1734 2053 Christo

276 2078 510 2129 ecclesiam
537 2086 905 2140 sacramentorum
940 2077 1306 2141 dispensatricem
1336 2082 1511 2127 esseae
1534 2080 1733 2127 modera-

278 2154 443 2201 tricem.
469 2153 582 2200 Cum
610 2170 711 2201 vero
736 2167 937 2203 neutrum
962 2157 1060 2203 sine
1080 2157 1185 2203 fidei
1209 2157 1451 2221 dispendio:
1466 2157 1520 2203 in
1544 2157 1744 2204 dubium·

277 2229 470 2276 revocari
496 2230 639 2293 possit
652 2258 668 2285 ‚·
691 2230 867 2278 omnino
893 2232 1077 2279 infertur
1109 2233 1377 2280 matrimonii
1401 2232 1747 2293 christiam-*baffi

279 2316 566 2370 (usamentum,
591 2307 775 2370 perinde
791 2325 843 2354 ac
862 2311 1135 2356 sacramenta
1156 2313 1315 2366 cetera,
1343 2309 1562 2357 ecclesiae
1581 2320 1744 2356 aucto-⁴·

278 2380 414 2428 iitati
429 2386 505 2428 ac
517 2382 721 2444 potestati
757 2382 896 2430 fuisse
929 2384 1155 2431 tributum.
1212 2388 1215 2390 ’
1401 2419 1403 2423 -
1658 2414 1660 2416 -
1740 2416 1742 2418 -

318 2455 489 2502 Dum
519 2461 621 2503 vero
655 2457 844 2504 dicimus
874 2470 1148 2506 sacramenta
1175 2462 1438 2524 eorumque
1415 2411 1744 2506 mdmnistrae·

278 2530 441 2578 tionem
465 2531 680 2579 ccclesiae
702 2533 932 2596 regimini,
931 2535 1181 2582 custodiae
1197 2537 1275 2582 aut
1291 2534 1495 2599 potestati
1511 2533 1737 2582 achristo

279 2606 694 2658 fnissescOmmissa
715 2647 726 2664 ‚
766 2626 854 2656 non
888 2610 933 2656 id
967 2610 1024 2657 de
1058 2611 1444 2675 intima-ipsorum
1476 2610 1736 2658 ‘substantia

279 2698 351 2728 aot„
362 2683 405 2730 vi
437 2683 707 2731 intellectum
736 2685 940 2733 volumus
958 2724 968 2742 ,
997 2704 1110 2750 quae
1132 2686 1644 2751 independens,prorsins
1663 2695 1739 2733 ‘est

279 2757 345 2804 ab'
369 2758 554 2806 ecclesia
568 2762 589 2816 ‚‘
605 2777 657 2808 ac
679 2762 769 2808 tota
793 2761 956 2825 pendet
976 2779 1029 2808 ex
1051 2762 1218 2810 Christi
1248 2761 1540 2809 institutione.
1560 2760 1742 2809 Scilicet-

279 2843 458 2881 catenus
489 2846 761 2883 sacramenta
793 2837 1021 2885 ecclesiae·
1036 2838 1242 2901 potestati
1272 2837 1481 2895 subsunt,
1511 2847 1747 2901 quatenus
