1980 3260
356 300 444 344 118
629 313 707 343 mn.
746 312 791 343 11.
827 312 939 343 sacr.
978 311 1006 341 1.
1042 309 1092 340 nn
1125 308 1288 339 rornsr.
1325 307 1488 339 nectus.

354 392 484 454 igitur
522 389 674 436 evitari
708 399 896 453 nequeat
929 386 1192 450 disciplinae
1235 384 1443 431 relaxatio
1482 401 1560 448 per
1590 385 1804 434 eiusmodi

352 464 710 512 consuetudinem
733 501 743 520 ,
782 481 1020 528 numquam
1061 460 1349 526 praescriptio
1373 460 1533 524 poterit
1566 478 1666 508 esse
1699 462 1808 525 legi-

354 542 482 596 tima,
520 558 571 587 ac
607 541 676 587 ius
702 540 923 586 inducere.

444 616 668 663 Absonum
693 626 837 662 autem
855 624 922 661 est
939 614 1055 678 quod
1081 614 1128 659 in
1147 612 1366 675 theologia
1393 611 1622 659 nanciensi
1647 611 1806 660 adiici-

351 702 419 738 tur
451 692 506 738 de
541 692 721 739 sedibus
755 709 895 755 nuper
926 690 1082 737 erectis
1106 728 1115 745 ,
1153 689 1271 753 quod
1308 706 1395 736 non
1427 688 1570 752 possit
1605 705 1807 736 summus

351 767 541 830 pontifex
572 767 784 813 adversus
810 784 884 813 eas
924 764 1250 830 praescribere,
1284 764 1413 828 quasi
1448 782 1604 829 nempe
1636 764 1807 829 quaeli-

349 843 421 890 bet
452 860 564 890 nova
599 843 728 889 sedes
764 860 790 889 a
822 843 917 889 iure
958 841 1178 889 communi
1212 840 1420 886 immunis
1461 840 1586 887 foret.
1626 841 1690 887 Ex
1724 840 1808 888 hoc

348 918 568 982 principio
607 928 948 981 consequeretur
990 917 1035 962 in
1077 915 1203 962 novis
1247 909 1450 962 offinibus
1490 914 1770 963 dioecesibus
1792 952 1802 972 ,

347 1011 461 1056 quae
495 1011 521 1039 a
554 994 630 1040 Pio
662 993 731 1039 VI.
774 993 848 1039 Pio
883 993 974 1038 Vll.
1014 993 1156 1038 Leone
1186 991 1284 1037 XII.
1323 990 1530 1053 Gregorio
1561 991 1669 1037 XVI.
1708 1000 1753 1038 et
1779 1008 1807 1038 a

350 1069 425 1115 Pio
452 1070 523 1114 lx.
558 1079 725 1116 erectae
749 1079 851 1115 sunt
874 1069 919 1114 in
943 1067 1143 1114 America
1167 1065 1425 1129 praesertim
1451 1066 1802 1129 septentrionali,

347 1144 391 1189 in
426 1145 602 1207 regione
625 1144 863 1190 canadensi
883 1182 892 1200 ,
930 1154 974 1190 et
996 1142 1102 1190 alibi
1127 1152 1216 1188 tam
1239 1157 1398 1203 magno
1415 1157 1621 1197 numero,
1648 1158 1805 1188 omnes

312 1251 315 1253 -
344 1218 516 1264 illarum
552 1219 723 1266 sedium
759 1219 990 1282 episcopos
1016 1233 1148 1281 posse
1179 1216 1273 1262 iure
1295 1215 1473 1280 proprio
1494 1215 1667 1263 veniam
1698 1215 1805 1263 dare

345 1293 389 1337 in
420 1293 744 1357 impedimentis
769 1292 1095 1339 dirimentibus.
1126 1291 1246 1338 Idem
1271 1291 1343 1337 dic
1371 1290 1427 1337 de
1450 1290 1700 1355 episcopis,
1723 1291 1802 1356 qui

344 1368 398 1413 ad
434 1369 727 1415 hierarchiam
762 1368 980 1431 pertinent
1015 1384 1155 1431 nuper
1194 1367 1438 1413 restitutam
1474 1384 1500 1413 a
1533 1366 1613 1414 Pio
1645 1367 1718 1413 lx.
1758 1367 1803 1414 in

342 1442 499 1505 Anglia
532 1454 575 1490 et
607 1444 651 1489 in
683 1443 949 1498 Hollandia3
996 1442 1079 1490 hoc
1112 1453 1180 1490 est
1212 1459 1313 1489 vere
1354 1442 1571 1507 desipere.
1616 1442 1803 1489 Demum

343 1518 453 1565 falso
487 1520 729 1566 assumitur
752 1519 821 1566 ius
856 1518 1168 1566 reservationis
1198 1518 1242 1564 in
1270 1535 1379 1566 rom.
1407 1518 1657 1582 pontificem
1688 1518 1807 1565 deri-

341 1595 432 1641 vari
462 1613 512 1641 ex
549 1595 672 1643 titulo
703 1595 1087 1660 praescriptionis,
1127 1612 1214 1642 non
1247 1606 1392 1641 autem
1416 1612 1468 1642 ex
1491 1596 1686 1658 primatu
1715 1612 1806 1660 quo

341 1671 549 1717 divinitus
567 1672 727 1734 gaudet
760 1672 804 1717 in
823 1671 1053 1719 ecclesiam
1078 1671 1346 1718 universam.
1387 1671 1484 1726 Quo
1516 1670 1806 1719 fundamento

341 1762 519 1801 everso,
553 1746 639 1792 ruit
670 1757 1016 1810 superstructum
1053 1745 1319 1792 aedificium.

435 1821 624 1868 Tertium
665 1822 933 1886 principium
969 1821 1240 1878 desumitur,
1280 1831 1328 1868 ut
1363 1821 1617 1878 innuimus,
1651 1839 1703 1868 ex
1736 1821 1807 1868 di—

343 1896 573 1944 stinctione
596 1897 709 1944 inter
740 1898 1095 1963 dispensationes
1111 1936 1120 1954 ,
1149 1915 1264 1961 quae
1285 1897 1493 1944 dicuntur
1516 1915 1594 1961 per
1615 1898 1806 1960 qratiam

341 1981 384 2018 et
407 1989 483 2018 eas
514 1990 627 2036 quae
652 1975 841 2020 iustitiae
871 1983 1199 2037 nuncupantur.
1228 1973 1372 2020 Huius
1398 1972 1697 2020 distinctionis
1721 1973 1807 2038 pri-

342 2065 439 2093 mus
475 2048 739 2097 architectus
773 2061 816 2097 et
850 2050 1052 2097 inventor
1084 2049 1225 2096 extitit
1258 2048 1451 2096 Aloisius
1488 2047 1601 2095 Litta
1635 2049 1805 2096 medio—

340 2122 552 2170 lanensis.
599 2126 721 2172 quta
754 2125 874 2173 hunc
919 2136 1140 2173 auctorem
1182 2124 1408 2172 vinculum
1451 2124 1562 2187 legis
1606 2124 1804 2171 relaxare

340 2216 396 2245 eat·
416 2201 562 2261 qratia
581 2202 803 2265 proprium
828 2213 894 2248 est
912 2202 1051 2250 solius
1077 2201 1345 2265 legislatoris
1359 2239 1369 2257 ,
1390 2200 1590 2264 adeoque
1607 2200 1802 2264 supremi

341 2273 620 2338 imperantis;
642 2287 791 2323 contra
813 2295 915 2324 vero
940 2277 1137 2324 relaxare
1160 2294 1213 2324 ex
1237 2275 1458 2341 aequitate
1474 2275 1803 2340 quodammodo

340 2387 373 2410 sc
389 2388 428 2411 ne
445 2379 634 2412 concedesse
653 2381 821 2414 sarebbero
848 2385 928 2414 stato
943 2384 1025 2415 assai
1042 2383 1097 2423 piu
1123 2383 1278 2424 frequenti
1301 2382 1334 2414 di
1351 2383 1470 2423 quante
1491 2390 1531 2413 ne
1546 2381 1630 2413 fosse
1649 2390 1704 2422 per
1726 2381 1802 2413 dare

337 2431 411 2471 ogni
430 2432 518 2473 largo
541 2433 706 2473 pontefice.
723 2436 822 2465 senza
844 2434 923 2474 che,
947 2435 1090 2467 eziandio
1116 2435 1249 2468 tacendo
1270 2435 1402 2476 rispetto
1421 2435 1469 2466 t'ra
1485 2434 1561 2474 quei
1587 2434 1647 2465 che
1664 2443 1806 2474 possono

338 2484 541 2525 dispensare,
562 2485 592 2517 d'
602 2495 667 2517 uno
690 2495 749 2517 con
766 2496 850 2526 111103
868 2490 987 2527 quanto
1005 2489 1015 2519 i
1032 2489 1117 2528 pomi
1133 2490 1246 2521 stanno
1262 2488 1316 2529 piu
1341 2487 1373 2519 in
1389 2488 1454 2519 aito
1473 2495 1562 2518 ramo
1580 2486 1654 2518 dess'
1668 2486 1798 2527 albei-03

338 2538 427 2568 tanto
444 2546 537 2569 meno
550 2547 608 2570 son
628 2538 715 2571 colti.
732 2552 747 2566 υ
764 2541 802 2571 Et
815 2548 883 2580 cap.
907 2541 945 2571 X.
962 2549 993 2571 n.
1019 2546 1064 2572 12.
1082 2541 1126 2572 ita
1142 2541 1347 2582 prosequitur
1367 2539 1658 2580 historiographus:
1678 2541 1805 2580 «sopra

337 2588 369 2619 la
392 2588 541 2628 pubblica
561 2590 666 2622 utilita
679 2590 713 2622 di
733 2593 845 2632 questa
861 2591 1070 2623 riservazione
1083 2617 1091 2631 ,
1108 2593 1134 2624 si
1150 2593 1306 2624 ritornino
1329 2591 1394 2624 aua
1415 2591 1568 2623 memoria
1581 2591 1592 2622 i
1607 2590 1713 2623 lettori
1729 2590 1779 2622 cio
1790 2615 1803 2630 ,

337 2641 396 2673 che
410 2642 534 2674 altrove
554 2642 703 2675 abbiamo
727 2643 947 2675 considerato:
963 2647 1083 2685 quanto
1097 2646 1128 2677 la
1141 2645 1255 2678 chiave
1274 2645 1358 2676 delle
1375 2643 1608 2685 dispensationi
1621 2643 1640 2675 ὸ
1658 2643 1692 2675 in
1705 2652 1804 2675 mano

337 2692 391 2732 piu
413 2691 546 2735 debete,
567 2695 658 2727 tanto
678 2695 735 2736 piu
758 2695 985 2736 leggermente,
1002 2706 1020 2728 e
1033 2697 1089 2737 piu
1112 2706 1220 2738 spesso
1236 2698 1378 2729 trarsene
1392 2696 1423 2728 ia
1441 2696 1546 2736 grazia
1557 2705 1578 2727 o
1595 2703 1656 2727 con
1677 2695 1799 2735 favori,

334 2752 355 2774 o
380 2753 441 2776 con
463 2746 649 2788 pregium-e,
668 2756 689 2779 o
710 2756 771 2779 con
788 2748 914 2779 terrori.
941 2750 966 2779 E
985 2749 1091 2789 percio
1114 2749 1198 2780 nelle
1215 2747 1400 2789 republiche
1418 2747 1479 2779 ben
1502 2746 1649 2779 ordinate
1669 2746 1700 2778 ia
1715 2746 1802 2778 balla

338 2797 389 2828 nel
414 2798 597 2840 dispensare
612 2800 645 2832 in
668 2809 742 2833 cose
756 2801 846 2841 gravi
868 2801 939 2832 suoi
966 2801 1158 2841 ristrignersi
1175 2802 1203 2833 a’
1220 2800 1396 2841 magistrati
1412 2799 1572 2840 supremi:
1594 2799 1603 2831 i
1628 2798 1718 2840 quati
1738 2799 1799 2831 sic-

335 2861 427 2886 come
449 2853 505 2893 piu
527 2853 671 2893 potenti,
686 2853 752 2885 cosi
766 2862 846 2886 sono
872 2862 966 2886 meno
988 2853 1148 2894 bisognosi
1170 2862 1188 2886 e
1210 2862 1283 2886 men
1305 2852 1452 2885 timorosi
1466 2877 1475 2892 ,
1502 2861 1520 2884 e
1541 2852 1617 2894 pero
1636 2851 1802 2893 guardiam

334 2907 389 2947 piu
414 2906 646 2947 inespugnabiti
671 2906 755 2939 delle
778 2906 896 2947 leggi.»
