1980 3260
248 273 338 307 cir.
355 272 417 308 111.
432 274 484 321 nr
501 273 584 308 ειν.
604 274 767 309 rorrsr.
785 273 921 317 rame.
935 273 1021 309 mr.
1038 274 1131 308 nsi..
1149 276 1201 308 An
1219 275 1343 309 nra.
1358 275 1450 309 aar.
1465 274 1495 309 1.
1548 259 1633 308 441

278 353 343 400 Ne
373 363 519 402 tamen
552 354 775 420 quispiam
808 353 919 401 mihi
953 363 1211 401 succenseat
1247 353 1376 419 quasi
1407 352 1540 401 velim
1578 352 1642 401 ci-

180 426 313 475 vilem
346 439 606 494 potestatem
640 428 755 476 ultra
786 428 984 477 debitum
1007 438 1228 486 coercere,
1257 427 1469 477 nonnulla
1505 427 1641 476 veluti

178 502 387 552 lemmata
429 505 504 553 hic
537 506 794 562 subiiciam,
832 522 946 571 quae
979 504 1245 570 patefacient
1276 522 1347 553 me
1379 504 1557 553 Caesari
1588 504 1643 552 il-

178 578 254 627 lud
288 581 473 628 reddere
505 582 624 647 quod
658 582 862 630 Caesaris
896 592 980 631 est.

273 655 337 704 Ac
363 659 506 721 primo
540 658 670 706 facile
702 652 921 708 aseentior
953 658 1073 723 leges
1106 658 1357 724 principum
1385 657 1514 705 etiam
1539 657 1642 705 infi-

176 729 344 779 delium
359 724 374 788 ,’
397 749 512 797 quae
529 734 725 782 sancitae
742 734 904 783 fuerint
921 735 967 781 in
985 751 1216 783 commune
1233 733 1457 782 societatis
1475 732 1641 782 bonum

176 823 382 873 quaeque
415 825 502 856 non
537 809 829 858 adversentur
860 811 955 858 sive
987 810 1072 858 iuri
1107 808 1294 857 naturali
1329 809 1423 858 sive
1460 808 1638 867 divino,

175 882 453 948 obstringere
486 884 688 934 subditos
724 887 769 933 in
795 886 1092 943 conscientia,
1120 886 1232 934 adeo
1253 895 1302 933 ut
1325 885 1398 934 isti
1421 894 1644 949 nequeant

175 954 277 1007 illas
310 960 408 1008 sine
441 972 623 1025 peccato
656 962 910 1026 infringere.
938 963 1034 1010 Hoc
1056 963 1174 1010 enim
1198 972 1349 1028 aperte
1370 961 1499 1029 docet
1525 960 1643 1026 Apo-

175 1034 317 1084 stolus
350 1036 632 1099 generalibus
657 1037 746 1085 illis
768 1037 942 1085 verbis:
962 1037 1148 1087 «Omnis
1172 1037 1320 1086 anima
1349 1036 1642 1103 potestatibus

174 1110 510 1160 sublimioribus
544 1112 722 1162 subdita
755 1113 831 1161 sit.
870 1113 966 1161 Non
999 1123 1068 1161 est
1099 1113 1218 1161 enim
1257 1122 1453 1178 potestas
1492 1112 1580 1159 nisi
1614 1129 1642 1159 a

172 1187 292 1235 Deo:
320 1205 436 1253 quae
469 1198 613 1236 autem
647 1198 772 1246 sunt,
800 1205 828 1236 a
849 1189 942 1236 Deo
974 1188 1203 1236 ordinatae
1236 1198 1355 1236 sunt.
1384 1189 1539 1253 ltaque
1563 1187 1640 1253 qui

173 1263 342 1312 resistit
374 1265 608 1330 potestati,
645 1264 728 1312 Dei
762 1264 1030 1313 ordinationi
1065 1264 1246 1312 resistit.
1271 1264 1366 1321 Qui*
1397 1274 1543 1312 autem
1573 1281 1643 1312 re-

172 1340 365 1397 sistunt,
403 1339 492 1405 ipsi
525 1339 613 1388 sibi
647 1340 974 1389 damnationem
998 1333 1292 1406 acquirunt...
1321 1341 1427 1389 Ideo
1450 1340 1642 1389 necessi-

172 1427 261 1466 tate
293 1415 462 1465 subditi
495 1427 666 1474 estote,
705 1434 794 1465 non
828 1417 972 1465 solum
1007 1427 1185 1482 propter
1217 1416 1362 1474 iram,
1398 1416 1478 1464 sed
1507 1416 1640 1464 etiam

169 1502 352 1558 propter
383 1490 717 1541 conscientiam.
747 1493 851 1541 Ideo
883 1493 1003 1540 enim
1037 1502 1082 1540 et
1113 1491 1278 1540 tributa
1319 1491 1613 1561 praestatis...

169 1568 356 1617 Reddite
389 1585 493 1632 ergo
526 1567 733 1617 omnibus
767 1566 942 1616 debita:
969 1567 1041 1616 cui
1067 1566 1278 1616 tributum
1302 1567 1539 1625 tributum3
1567 1567 1639 1616 cui

167 1644 385 1710 vectigal,
420 1643 634 1709 vectigal3
662 1644 735 1693 cui
769 1645 1003 1701 timorem,
1040 1637 1267 1701 timorem;
1295 1644 1367 1692 cui
1400 1644 1636 1700 honorem.

169 1720 382 1770 honorem
427 1723 511 1785 (4).
532 1742 556 1767 »
595 1721 771 1778 Quibus
803 1731 1051 1769 consonant
1091 1737 1208 1786 quae
1246 1720 1381 1769 habet
1410 1720 1642 1786 Apostolo-

168 1814 266 1845 rum
287 1797 512 1863 'Princeps
540 1799 636 1861 (5):
671 1797 727 1845 Et
758 1807 860 1845 ante
892 1813 1046 1846 omnes
1080 1796 1286 1844 Christus
1318 1788 1536 1844 Dominus
1575 1787 1641 1843 di-

166 1889 298 1921 cens:
329 1892 353 1918 α
369 1873 555 1921 Reddite
588 1890 692 1937 ergo
725 1890 841 1939 quae
863 1883 969 1921 sunt
990 1872 1194 1921 Caesaris
1218 1864 1423 1929 Caesari,
1451 1882 1495 1920 et
1522 1888 1639 1937 quae

165 1959 271 1997 sunt
300 1949 382 1997 Dei
415 1950 508 1997 Deo
545 1951 630 2012 (6).
651 1968 675 1996 »ι
711 1949 865 1996 Sermo
908 1964 1040 2013 porro
1071 1948 1118 1995 in
1152 1943 1226 1995 his
1265 1957 1335 1996 est
1372 1947 1440 1995 de
1473 1946 1640 2013 princi-

165 2024 299 2091 pibus
333 2024 611 2073 infidelibus.

250 2101 452 2149 Secundo
485 2112 529 2150 et
560 2100 671 2150 illud
704 2100 819 2150 ultro
843 2101 1052 2166 profiteor
1073 2097 1163 2149 vim
1187 2116 1316 2148 suam
1328 2094 1496 2147 horum
1520 2092 1640 2164 prin-⁵

163 2176 314 2243 cipum
337 2177 457 2241 leges
475 2177 640 2226 babere
656 2194 745 2226 non
763 2177 897 2226 modo
911 2194 1049 2243 quum
1068 2176 1238 2243 aliquid
1255 2169 1499 2224 decernunt
1516 2175 1639 2223 iuxta

163 2252 305 2318 legem
339 2253 586 2301 naturalem
620 2270 673 2302 ac
706 2253 902 2302 divinam
923 2292 933 2312 ,
970 2271 1122 2302 verum
1155 2248 1289 2301 etiam
1322 2269 1425 2301 oum
1464 2252 1636 2317 aliquid

163 2331 370 2379 sanciunt
413 2330 533 2397 quod
568 2330 628 2379 sit
659 2341 833 2397 praeter
873 2331 1016 2395 legem
1059 2330 1304 2379 naturalem
1344 2348 1396 2379 ac
1436 2329 1635 2377 divinam

162 2407 398 2472 positivam
413 2444 424 2465 ‚
463 2424 578 2474 quae
611 2407 807 2473 profecto
840 2424 929 2455 non
971 2424 1117 2473 pauca
1154 2417 1288 2466 sunt,
1326 2417 1432 2472 quot
1476 2422 1636 2470 nempe

161 2493 349 2549 utraque
380 2483 452 2532 lex
485 2500 568 2532 nec
602 2483 819 2549 praecipit
851 2501 934 2533 nec
964 2494 1098 2534 vetat.

257 2560 399 2608 Immo
434 2561 556 2608 tertio
589 2560 708 2609 addo
742 2577 876 2626 posse
907 2560 1133 2627 principes
1157 2559 1359 2608 infideles
1383 2567 1635 2606 contractus

160 2635 238 2702 qui
272 2635 562 2685 adversentur
596 2636 777 2703 publico
810 2654 863 2688 ac
897 2636 1052 2688 sociali
1083 2637 1201 2688 bono
1226 2633 1504 2692 rescindere,
1530 2650 1637 2683 con-

254 2781 301 2823 (⁴)
321 2784 414 2816 nom.
429 2784 518 2816 xm.
538 2786 600 2817 ιη.

252 2834 301 2876 (ε)
321 2836 349 2868 1.
366 2837 453 2869 petr.
469 2837 512 2869 11.
532 2840 580 2870 ιε.

255 2887 301 2930 (a)
321 2889 437 2923 unuh.
454 2891 555 2924 xxn.
573 2894 625 2924 ιι.
