1980 3260
260 251 350 282 GAP.
369 251 430 282 111.
449 251 499 282 DE
514 249 628 282 EGCL.
647 249 811 281 POTEST.
830 249 934 281 mse.
954 249 1096 281 1N11ut’.
1117 249 1242 280 MATR.
1262 250 1348 282 mn.
1368 251 1459 282 ΛΒΤ.
1484 250 1512 283 l.
1565 234 1621 280 97

162 328 231 391 gis
268 327 528 375 infractione
551 365 561 384 ,
601 338 734 391 atque
775 338 822 374 ut
862 326 1083 380 medium,
1123 344 1212 390 quo
1247 326 1520 375 difficiliores
1557 328 1625 373 ‹li-

163 404 471 467 spensationes
496 402 759 458 reddantur,
793 419 906 466 quas
938 401 1126 449 ecclesia
1155 402 1330 448 nonnisi
1366 420 1495 464 aegre
1528 419 1627 451 con-

161 478 293 525 cedit.
337 480 392 526 Ut
423 478 542 525 enim
578 478 710 542 paulo
744 488 846 525 ante
877 477 1103 532 vidimus,
1142 493 1242 523 cum
1278 477 1465 540 primum
1503 478 1623 540 gravi

162 564 344 617 urgente
376 571 512 601 causa
531 553 615 600 hae
647 553 742 600 dari
776 562 1036 616 coeperunt,
1063 551 1272 615 coniuges
1296 552 1499 617 publicae
1523 570 1627 616 poe—

163 629 371 676 nitentiae
404 628 774 684 subiiciebantur,
797 628 998 693 ipsisque
1032 639 1257 691 praeterea
1289 629 1410 692 pium
1446 628 1625 693 aliquod

163 705 472 767 iniungebatur
505 721 616 768 opus
639 741 648 759 ‚
686 722 754 751 ex.
785 721 851 766 gr.
893 704 1161 751 monasteria
1196 704 1486 761 aedificandi,
1523 705 1627 752 alia·

161 797 248 844 que
280 780 552 827 huiusmodi.
575 779 683 826 Cum
708 790 855 826 autem
881 779 990 826 haec
1024 779 1080 826 ob
1106 780 1400 843 poenitentiae
1424 780 1627 845 publicae

159 854 449 902 cessationem
483 854 528 900 in
562 853 898 901 desuetudinem
931 853 1146 909 abierint,
1176 853 1361 900 suffecta
1384 865 1451 901 est
1475 854 1626 918 aliqua

161 930 373 994 pecuniae
394 947 569 978 summa
593 930 734 978 maior
755 930 952 977 minorve
985 946 1063 993 pro
1082 927 1255 976 ratiOne
1281 939 1421 976 status
1445 947 1595 976 eorum
1612 968 1622 984 ‚

159 1006 238 1070 qui
273 1006 648 1070 dispensationem
684 1015 863 1070 petunt,
890 1015 934 1052 et
962 1005 1126 1068 gradus
1162 1004 1479 1069 impedimenti.
1510 1005 1628 1052 Haec

160 1099 288 1146 porro
322 1083 511 1146 pecunia
541 1082 699 1146 partim
733 1082 789 1128 ad
823 1099 1065 1146 pauperum
1100 1080 1396 1128 sublevandas
1433 1082 1628 1128 necessi-

161 1169 271 1206 tates
298 1158 590 1222 impenditur,
629 1158 788 1223 partim
822 1174 925 1205 vero
950 1157 994 1204 in
1029 1156 1140 1204 alios
1166 1175 1274 1204 usus
1298 1157 1396 1222 pios
1426 1159 1543 1219 (28),
1572 1157 1628 1203 de

159 1233 324 1298 quibus
358 1251 443 1281 non
476 1244 544 1281 est
575 1233 708 1281 huius
742 1233 827 1281 loci
863 1233 1120 1297 singillatim
1145 1233 1380 1281 disserere.

714 1387 986 1423 ARTICULUS
1013 1387 1060 1423 ll.

182 1499 354 1548 Episcopi
375 1501 455 1538 sive
475 1511 644 1538 seorsum
665 1501 806 1548 sumpti
824 1501 903 1538 sive
923 1501 1035 1537 etiam
1056 1485 1093 1536 in
1113 1499 1284 1537 conciliis
1305 1498 1600 1547 particularibus

284 1564 504 1613 congregati
533 1563 703 1602 relaxare
731 1567 924 1612 nequeunt
946 1564 1029 1600 iure
1055 1564 1208 1612 proprio
1241 1563 1498 1601 ecclesiastiea

466 1627 736 1676 impedimenta
766 1627 1054 1666 Matrimonium
1084 1627 1314 1666 dirimentio-

255 1763 526 1812 Disserimus
570 1764 654 1812 hoc
686 1765 732 1811 in
765 1763 951 1812 articulo
987 1763 1203 1812 adversus
1237 1763 1370 1816 illos,
1414 1763 1490 1827 qui
1524 1762 1627 1810 data

158 1856 293 1904 opera
324 1857 411 1886 non
445 1839 593 1887 minus
617 1839 839 1904 episcopis
874 1856 1008 1903 quam
1044 1856 1225 1887 romano
1259 1837 1455 1902 pontifici
1489 1837 1628 1884 facul-

162 1925 292 1962 tatem
311 1915 548 1962 relaxandi
574 1915 889 1980 impedimenta
912 1914 1167 1961 dirimentia
1193 1917 1426 1962 convenire
1448 1924 1628 1961 conten—

160 1989 297 2047 dunt,
333 2007 415 2039 seu
449 1991 718 2038 contendunt
748 2008 880 2055 posse
912 1991 1147 2055 episcopos
1172 2007 1261 2037 non
1285 2006 1415 2038 secus
1439 2006 1491 2037 ac
1513 2005 1622 2036 rom.

161 2066 414 2131 pontificem
449 2068 688 2115 concedere
713 2063 1070 2131 dispensationes
1107 2066 1227 2114 illius
1252 2066 1406 2114 saltem
1442 2065 1624 2130 speciei,

159 2160 294 2207 quam
319 2142 405 2207 ipsi
440 2161 495 2190 ex
527 2145 698 2190 iustitia
726 2154 909 2199 vocant,
938 2153 986 2189 ut
1009 2142 1124 2190 infra
1146 2141 1484 2207 explicabimus.
1508 2141 1626 2188 Talis

159 2218 271 2264 inter
316 2228 484 2265 ceteros
529 2229 596 2266 est
628 2235 876 2282 anonymus
912 2217 1095 2282 quidam
1135 2228 1287 2274 auctor
1324 2217 1492 2275 saeculi
1536 2216 1627 2272 ela-

160 2294 230 2357 psi
254 2295 369 2356 (29),
393 2304 436 2341 et
458 2312 559 2341 cum
583 2312 634 2342 eo
658 2295 858 2350 Nestius‚
888 2294 1022 2350 Litta‚
1051 2293 1215 2358 aliique
1239 2293 1440 2341 eiusdem
1467 2305 1630 2358 tempo-

161 2370 222 2416 ris
257 2370 492 2435 scriptores
527 2371 795 2419 novitatibus
815 2371 1042 2419 studentes
1061 2370 1275 2436 pacisque
1300 2369 1627 2418 ecclesiasticae

247 2480 313 2521 (28)
336 2481 439 2513 Huius
461 2481 506 2513 rei
529 2481 644 2514 vadem
659 2481 774 2513 damus
786 2483 949 2514 auctorem
962 2482 1048 2514 certe
1062 2490 1126 2514 non
1145 2482 1329 2523 suspectum
1342 2506 1351 2521 ,
1373 2482 1419 2513 De
1437 2481 1631 2513 Herincourt

158 2542 211 2574 op.
241 2533 297 2565 cit.
315 2534 477 2567 troisieme
493 2536 576 2575 part.
593 2535 643 2566 cli.
661 2536 701 2566 V.
717 2536 778 2567 art.
797 2539 827 2567 3.
844 2534 874 2576 §.
890 2536 961 2567 ΧΠ.
986 2535 1038 2568 ed.
1064 2536 1118 2567 cit.
1135 2544 1208 2576 pag.
1225 2538 1275 2567 54.
1295 2533 1350 2566 ubi
1363 2533 1475 2566 scribit
1496 2546 1531 2564 ια
1541 2535 1630 2565 ceux

157 2587 213 2627 qui
233 2589 307 2619 sont
329 2587 432 2620 ricbes
453 2597 493 2620 ne
514 2589 560 2620 les
582 2588 790 2629 (dispenses)
812 2588 999 2621 obtienneut
1025 2589 1115 2630 point
1134 2588 1382 2628 gratuitement;
1404 2587 1484 2619 mais
1507 2594 1633 2618 comme

154 2639 174 2671 a
196 2642 296 2672 Rome
317 2641 337 2672 l'
351 2643 462 2681 argent
483 2642 578 2682 qu'en
601 2642 748 2682 provient
767 2642 816 2674 cst
832 2641 956 2674 destine
976 2642 995 2674 a
1016 2642 1073 2675 des
1086 2651 1213 2674 oeuvres
1233 2641 1274 2673 de
1285 2641 1424 2680 charite,
1446 2649 1502 2681 par
1525 2648 1629 2671 exem-

156 2693 209 2732 ple
234 2693 254 2724 a
278 2693 395 2726 marier
417 2693 474 2726 des
496 2702 633 2735 pauvres
654 2694 737 2726 lilles
763 2695 825 2726 etc.
847 2696 892 2727 Ge
922 2695 1019 2737 qu'on
1042 2695 1148 2727 donne
1169 2703 1250 2736 pour
1271 2695 1303 2726 la
1324 2693 1472 2734 dispenso
1497 2694 1546 2724 est
1566 2700 1630 2732 une

157 2746 270 2787 espece
281 2745 452 2779 d’aumone
467 2756 525 2788 par
540 2747 679 2788 laquelle
692 2756 734 2779 on
748 2747 860 2780 merite
874 2747 1034 2780 d’obteuir
1049 2749 1080 2780 la
1100 2748 1195 2788 grAce
1205 2772 1215 2788 ,
1233 2756 1297 2788 que
1313 2747 1442 2790 lePape
1453 2744 1600 2777 accorde.
1614 2757 1629 2771 ν

245 2798 312 2839 (29)
333 2801 463 2832 Diritto
483 2799 590 2832 libero
611 2799 669 2832 del
686 2808 835 2833 sovrano
854 2800 912 2834 sul
942 2802 1174 2834 matrimonio.
1203 2802 1293 2841 Opus
1313 2799 1383 2831 sine
1408 2798 1538 2831 nomine
1559 2799 1629 2829 tum

153 2851 298 2882 auctoris
315 2853 387 2884 tum
409 2852 484 2884 loci.

242 2921 276 2955 11
1550 2926 1567 2956 7
