1980 3260
260 259 491 291 cii-sirm:
510 257 625 289 neci..
644 256 807 288 rornsr.
824 255 927 286 msr.
946 254 988 286 m
1007 255 1089 287 mr.
1106 255 1327 287 mmmm.
1353 254 1487 285 Anni.
1559 240 1616 283 95

165 337 232 384 sia
268 337 353 382 iam
382 335 585 400 publicae
617 333 910 398 poenitentiae
933 331 1192 378 addixerant
1215 331 1534 394 Theutbergam
1552 347 1620 378 re-

162 413 310 475 ginam
341 412 475 460 veluti
509 411 665 458 incesti
701 426 851 464 ream;
894 418 993 472 post
1023 407 1192 472 aliquot
1229 425 1405 454 menses
1439 407 1619 455 tertium·

165 489 398 535 concilium
423 487 587 552 pariter
621 485 968 549 aquisgranense
993 484 1080 546 regi
1107 483 1311 531 Lothario
1336 483 1546 539 indulsit,
1573 492 1622 531 ut

165 566 395 629 repudiata
435 564 676 625 Teutberga
698 599 707 617 ,
745 560 1027 607 Waldradam
1062 577 1241 607 uxorem
1290 559 1499 616 duceret,
1538 577 1619 606 nec

167 641 299 688 aliam
323 640 581 686 sententiam
617 638 715 684 tulit
737 636 973 683 concilium
1001 646 1194 682 metense
1228 636 1394 683 Nicolai
1420 637 1455 681 1.
1493 636 1620 683 iussu

167 724 451 763 convocatum
485 730 557 758 an.
582 714 689 758 863.
719 711 846 766 Quod
876 728 976 757 cum
1010 712 1253 775 accepisset
1276 712 1497 768 NicolauS‚
1521 728 1621 759 coa-

166 800 235 838 cto
265 789 420 837 eodem
450 804 565 835 anno
591 788 698 832 863.
724 787 884 832 Romae
914 787 1099 833 concilio
1129 787 1213 833 sub
1246 787 1419 834 initium
1454 787 1622 837 mensis

168 864 449 918 novembris,
484 880 570 910 non
604 862 735 909 modo
776 861 932 909 horum
970 863 1166 909 omnium
1211 863 1492 909 conciliorum
1526 873 1623 910 acta

168 940 385 996 irritavit,
425 939 503 985 sed
542 948 767 1002 praeterea
797 937 1018 1000 dignitate
1052 938 1295 1002 episcopali
1329 938 1458 1002 plane
1490 938 1624 985 desti-

169 1016 251 1064 tuit
282 1014 642 1079 archiepiscopos
676 1013 977 1063 Trevirensem
1009 1024 1052 1060 et
1075 1014 1403 1070 Coloniensem,
1424 1013 1625 1060 Waldra—

169 1092 272 1139 dam
313 1090 760 1138 excommunicatione
793 1089 1017 1138 mulctavit
1039 1090 1251 1154 ,aliaque
1275 1106 1447 1137 summo
1476 1089 1625 1152 vigore

171 1167 414 1232 praestitit,
451 1177 499 1213 ut
532 1166 781 1228 coniugium
815 1165 1006 1212 Lotharii
1047 1183 1146 1212 cum
1189 1165 1466 1228 Theutberga
1500 1164 1626 1212 resti-

173 1254 365 1291 tueretur
403 1244 516 1305 (25).

265 1321 336 1367 Sic
368 1320 499 1366 etiam
535 1318 764 1381 Gregorius
798 1319 845 1363 V.
886 1336 958 1365 an.
999 1320 1106 1364 998.
1147 1319 1191 1365 in
1225 1317 1411 1365 concilio
1447 1333 1626 1364 romano

172 1395 405 1442 anathema
434 1394 593 1440 inflixit
617 1392 911 1440 Ermanhaldo
938 1393 1270 1457 archiepiscopo
1303 1392 1527 1440 turonensi
1556 1409 1628 1438 ce-

172 1470 365 1534 terisque
406 1470 646 1534 episcopis,
685 1469 760 1534 qui
796 1469 980 1516 Roberto
1023 1469 1269 1517 francorum
1309 1469 1399 1532 regi
1446 1467 1627 1515 faculta-

175 1557 261 1592 tem
295 1545 517 1602 fecerant,
555 1555 604 1592 ut
626 1545 811 1592 Berthae
844 1545 1199 1608 consanguineae
1227 1545 1439 1601 nuberet,
1477 1544 1629 1591 distri-

173 1631 329 1685 cteque
348 1621 595 1685 praecepit,
624 1631 671 1668 ut
689 1621 896 1684 coniuges
917 1632 1248 1686 separarentur,
1270 1638 1434 1685 eosque
1459 1630 1628 1684 septem

172 1714 386 1744 annorum
409 1697 703 1760 poenitentiae
728 1697 930 1762 publicae
949 1698 1135 1745 subiecit
1159 1700 1273 1760 (26).
1298 1697 1394 1744 Alia
1418 1696 1628 1744 nonnulla

173 1773 391 1821 eiusmodi
421 1772 620 1837 exempla
645 1773 818 1821 silentio
841 1784 1089 1838 praetereo,
1113 1774 1157 1820 in
1188 1774 1350 1838 quibus
1378 1790 1501 1820 rom..
1517 1790 1627 1837 pon-

179 1849 320 1896 tifices
345 1866 520 1896 severos
546 1866 594 1895 se
617 1849 909 1896 exhibuerunt
931 1850 976 1896 in
1002 1867 1219 1897 canonum
1248 1850 1391 1912 rigore
1414 1848 1629 1896 servando

180 1925 326 1989 quoad
365 1925 572 1987 coniugia
605 1943 703 1972 cum
740 1925 888 1990 aliquo
924 1926 1031 1976 inita
1065 1926 1403 1991 impedimento,
1440 1924 1550 1971 adeo
1581 1934 1630 1969 ut

175 2010 424 2048 constanter
457 2001 676 2049 eiusmodi
711 2001 964 2065 nuptiarum
1001 2002 1259 2050 solutionem
1294 2010 1512 2065 urgerent.

270 2076 452 2124 Constat
479 2078 612 2141 igitur
646 2078 739 2125 sive
772 2095 798 2124 a
826 2080 969 2142 priori
1001 2079 1095 2126 sive
1128 2096 1154 2125 a
1185 2078 1433 2142 posteriori,
1472 2093 1630 2140 nempe

176 2163 267 2200 tum
296 2155 389 2199 iure
423 2164 514 2200 tum
538 2155 674 2217 sacto,
709 2166 837 2218 prout
863 2155 1197 2211 constituimus,
1228 2171 1358 2219 posse
1389 2170 1497 2200 rom.
1526 2169 1631 2217 pon-

177 2229 338 2277 tificem
367 2247 446 2293 pro
476 2248 681 2294 suprema
708 2248 789 2278 sua
818 2231 862 2277 in
881 2231 1068 2279 ecclesia
1098 2231 1354 2279 auctoritate
1372 2229 1631 2294 dispensare

179 2304 224 2350 in
259 2305 584 2370 impedimentis
627 2306 950 2353 matrimonium
993 2306 1331 2362 dirimentibus,
1370 2305 1504 2370 idque
1540 2314 1630 2351 tum

179 2380 326 2444 quoad
357 2382 636 2429 matrimonia
660 2382 747 2428 iam
772 2391 991 2430 contracta
1014 2421 1023 2439 ,
1062 2393 1153 2430 tum
1179 2382 1325 2447 quoad
1356 2381 1502 2429 adhuc
1530 2398 1629 2428 con-

180 2455 395 2504 trahenda
427 2459 542 2519 (27).

269 2543 335 2584 (25)
356 2544 406 2576 Gr.
428 2545 544 2577 Baron.
566 2546 692 2578 Annal.
709 2546 826 2579 eccles.
849 2546 889 2578 ad
912 2555 963 2578 an.
982 2552 1052 2580 863.
1076 2556 1108 2579 n.
1125 2548 1242 2579 xvlll.
1267 2555 1359 2588 seqq.
1376 2554 1528 2578 unacum
1549 2545 1634 2577 notis

179 2596 267 2637 Pagi.
286 2596 335 2628 Cf.
356 2596 485 2639 insuper
498 2599 570 2631 Nat.
596 2598 749 2631 Alexand.
768 2598 844 2631 diss.
861 2600 916 2631 lx.
932 2599 965 2631 in
979 2608 1042 2632 sec.
1059 2601 1115 2632 IX.
1130 2600 1162 2632 et
1180 2601 1220 2631 X.
1241 2601 1288 2632 De
1309 2599 1457 2632 divortio
1481 2598 1634 2630 Locharii

177 2649 267 2688 reyis
286 2650 320 2680 et
344 2648 575 2691 Theutberyae
591 2652 739 2691 reyinae.

269 2701 335 2742 (26)
355 2702 406 2735 cs.
429 2704 503 2735 Nat.
526 2703 699 2736 Alexandr.
721 2705 812 2736 Hist.
828 2703 945 2737 eccles.
962 2712 1025 2737 sec.
1046 2705 1101 2736 lx.
1121 2705 1154 2736 et
1167 2706 1206 2736 x.
1224 2705 1286 2736 art.
1302 2705 1400 2736 xxv.

272 2753 336 2795 (27)
354 2754 404 2787 cs.
428 2755 469 2787 de
487 2756 557 2788 toto
578 2756 639 2788 hoc
659 2756 845 2797 argumento
864 2755 989 2788 Ludov.
1011 2756 1258 2788 Thomassinum
1293 2757 1394 2789 Vetus
1413 2756 1447 2787 et
1467 2762 1558 2787 nova
1586 2753 1635 2786 dt-

181 2806 329 2847 sciplina
348 2808 427 2839 tom.
446 2809 488 2840 11.
510 2808 565 2840 lib.
582 2809 639 2840 111.
663 2817 753 2849 acap
773 2809 886 2840 XXIX.
903 2807 942 2840 ad
965 2809 1077 2848 XXX„
1098 2808 1152 2840 ubi
1174 2817 1240 2840 rem
1263 2808 1345 2839 hanc
1365 2807 1405 2838 de
1425 2805 1631 2848 dispensatio-

181 2858 275 2891 nibus
292 2860 356 2892 late.
373 2862 488 2893 versat.
