1980 3260
286 210 375 242 CAP.
392 209 449 241 vl.
469 208 520 240 DE
535 208 659 241 MATR.
677 208 856 242 mnam.
869 209 953 242 INT.
967 209 1014 241 SE
1034 209 1114 242 vm.
1132 208 1214 243 CUM
1233 210 1354 243 cun.
1371 211 1465 244 ΛΒΤ.
1479 211 1525 244 11.
1599 197 1691 245 207

319 289 460 345 Quam
495 285 656 334 durum
691 288 775 336 hoc
808 289 929 336 dictu
963 288 1188 347 videatur,
1228 307 1358 338 nemo
1391 301 1459 339 est
1491 291 1569 356 qui
1605 308 1694 340 non

221 366 399 415 sentiat.
427 362 498 412 Nil
533 364 694 411 mirum
730 365 916 429 proinde
950 366 989 414 si
1026 365 1073 412 in
1106 365 1414 432 discrepantes
1449 368 1693 417 sententias

224 442 452 507 theologos
469 454 783 505 canonumque
795 442 1058 507 interpretes
1078 441 1321 489 concedere
1332 442 1582 501 videamus,
1595 443 1696 492 aliis

226 517 607 585 propugnantibus
625 516 821 564 valorem
842 519 1147 582 coniugiorum
1165 518 1221 565 de
1240 518 1405 584 quibus
1424 519 1584 583 agitur,
1602 520 1698 568 sive

227 596 338 643 haec
362 595 451 643 sint
472 593 629 648 mixta,
653 592 698 638 id
718 603 786 640 est
803 594 916 641 inter
941 594 1184 642 catholicos
1207 605 1251 642 et
1273 594 1543 643 acatholicos
1557 634 1567 652 ,
1602 595 1697 644 sive

228 673 342 720 inter
359 669 628 720 acatholicos
642 668 830 716 invicem
851 671 976 729 inita,
993 682 1069 718 aut
1086 670 1280 719 ineunda
1293 671 1395 719 aliis
1413 689 1518 719 vero
1537 689 1697 735 negan-

227 748 362 796 tibus.
378 747 490 795 Utin
502 763 549 793 re
566 744 676 792 tanti
693 746 903 793 momenti
921 763 974 794 ea
991 763 1081 811 qua
1093 763 1175 811 par
1187 756 1255 794 est
1268 747 1584 812 perspicuitate
1601 763 1699 812 pro-

225 825 478 888 grediamur
493 822 608 871 hanc
623 821 880 870 methodum
906 822 1288 879 consectabimur3
1318 823 1444 887 prius
1469 833 1691 880 auctores,

228 900 383 948 saltem
411 898 672 965 praecipuos
689 935 699 954 ,
730 898 1060 946 recensebimus
1078 898 1156 964 qui
1181 915 1260 963 pro
1277 898 1453 946 illorum
1473 899 1698 963 coniugio-

231 993 327 1023 rum
344 976 495 1025 valore
513 983 707 1042 pugnant
723 991 814 1021 una
837 992 937 1022 cum
962 974 1264 1023 fundamentis
1283 974 1448 1041 quibus
1466 992 1594 1023 suam
1612 975 1698 1023 sul-

227 1054 350 1101 ciunt
369 1052 654 1108 sententiam;
681 1050 844 1099 deinde
869 1051 1314 1100 commemorabimus
1337 1051 1503 1117 pariter
1527 1052 1697 1117 praeci-

231 1145 347 1193 puos
382 1139 582 1177 auctores
615 1127 691 1194 qui
725 1128 992 1176 contrarium
1027 1126 1237 1193 placitum
1265 1136 1576 1176 consectantur
1605 1145 1697 1176 una

230 1224 330 1254 cum
355 1207 575 1254 rationum
598 1204 829 1254 momentis
855 1204 1019 1270 quibus
1043 1204 1308 1253 innituntur.
1333 1203 1480 1252 Crisin
1504 1204 1698 1270 denique

227 1293 586 1346 argumentorum
608 1280 839 1346 utriusque
862 1280 1002 1345 partis
1027 1280 1338 1339 instituemus,
1361 1291 1406 1329 et
1433 1280 1543 1347 quid
1568 1280 1696 1329 nobis

225 1359 516 1408 verisimilius
544 1355 822 1408 sentiendum
845 1359 904 1406 sit
924 1359 1144 1418 videatur,
1168 1361 1436 1426 aperiemus.
1458 1359 1691 1408 Distinctis

227 1437 526 1502 paragraphis
557 1453 646 1485 rem
677 1453 851 1485 omnem
883 1436 1182 1486 absolvemus.

897 1576 937 1636 g.
979 1576 1013 1620 1.

233 1684 368 1717 Illorum
390 1687 578 1727 argumenta
594 1686 652 1727 qui
670 1687 815 1728 pugnant
837 1695 896 1728 pro
920 1686 1030 1719 valore
1047 1685 1272 1726 coniugiorum
1299 1685 1590 1726 clandestinorum,
1602 1692 1687 1726 quae

316 1737 388 1770 sim
407 1737 609 1772 celebrantur
627 1739 711 1771 inter
729 1739 910 1772 catholicos
928 1740 962 1771 et
979 1738 1192 1778 acatholicos,
1206 1738 1275 1771 sive
1295 1738 1378 1770 inter
1393 1738 1480 1770 solos
1493 1737 1689 1771 acatholicos

314 1791 348 1823 in
363 1791 444 1824 locis
458 1792 491 1824 in
505 1791 625 1833 quibus
639 1792 838 1834 publicatum
853 1795 902 1824 est
916 1792 1081 1824 decretum
1095 1792 1233 1825 concilii
1246 1791 1426 1824 Tridentini
1440 1791 1656 1832 proferuntur.

319 1897 448 1946 Haud
478 1899 637 1963 pauci,
665 1910 715 1947 ut
743 1899 1000 1956 innuimus,
1031 1899 1124 1946 sive
1148 1897 1340 1961 theologi
1367 1897 1461 1945 sive
1489 1897 1599 1944 iuris
1623 1913 1698 1944 ca-

223 1974 370 2023 nonici
400 1976 532 2040 periti
563 1993 644 2041 pro
677 1976 827 2025 valore
856 1987 1025 2024 certant
1058 1975 1389 2039 coniugiorum,
1423 1991 1539 2040 quae
1561 1975 1698 2022 mixta

222 2050 454 2108 dicuntur,
493 2063 569 2100 aut
603 2070 782 2109 eorum,
820 2069 935 2117 quae
970 2051 1204 2099 acatholici
1242 2051 1395 2099 ineunt
1427 2051 1542 2098 inter
1568 2068 1617 2099 se
1640 2050 1697 2099 iis

222 2127 267 2174 in
302 2127 413 2175 locis
449 2128 494 2174 in
533 2128 697 2194 quibus
732 2129 1022 2176 tridentinum
1062 2128 1289 2177 decretum
1328 2126 1571 2193 aliquando
1615 2127 1697 2174 rite

223 2203 497 2266 publicatum
531 2214 614 2250 est.
644 2205 852 2252 Eminent
885 2205 1000 2252 inter
1031 2215 1199 2253 ceteros
1230 2204 1435 2262 Pichler,
1466 2204 1544 2270 qui
1576 2204 1693 2251 hanc

223 2281 486 2328 sententiam
529 2280 723 2328 affirmat
768 2298 870 2329 esse
917 2283 1239 2330 communiorem
1284 2282 1397 2329 inter
1437 2281 1697 2329 Germaniae

223 2357 460 2422 scriptores
493 2368 535 2404 et
565 2357 900 2421 probabiliorem
937 2361 1055 2422 (10);
1085 2369 1128 2406 et
1156 2359 1305 2424 reipsa
1338 2359 1500 2423 allegat
1529 2374 1609 2423 pro
1645 2374 1697 2404 ea

222 2432 410 2480 Dianam
440 2472 449 2489 ,
490 2433 704 2481 Gonzalez
734 2474 743 2491 ‚
793 2436 1041 2483 Tannerum
1070 2475 1080 2494 ,
1119 2437 1347 2502 Laymann
1378 2475 1387 2493 ,
1435 2435 1659 2483 Stalenum
1681 2472 1691 2490 ,

221 2508 402 2573 Kugler.
432 2509 631 2557 Eandem
659 2522 837 2559 tuentur
860 2511 1042 2577 Pirhing
1060 2553 1069 2570 ,
1098 2513 1367 2570 Marchand,
1408 2514 1590 2577 Sporer,
1619 2511 1696 2576 qui

221 2583 332 2633 alios
369 2586 475 2634 citat
511 2587 722 2635 tredecim
754 2598 953 2637 auctores
983 2591 1101 2653 (11);
1125 2589 1230 2638 item
1264 2590 1390 2655 Mayr
1412 2589 1529 2651 (12);
1553 2587 1695 2634 Theo-

315 2735 380 2775 (10)
405 2735 624 2769 candidatus
642 2737 868 2771 abbreviatus
890 2740 978 2771 iuris
998 2737 1208 2781 prudentiae
1224 2739 1279 2771 lib.
1298 2741 1351 2770 lV.
1374 2738 1424 2770 tit.
1439 2739 1495 2769 111.
1514 2746 1546 2769 n.
1566 2740 1595 2769 4.
1616 2742 1643 2769 5

314 2788 380 2827 (11)
407 2789 519 2821 Theol.
541 2790 666 2822 moral<
684 2792 734 2823 ,Dc
750 2798 901 2824 sacram.

316 2842 382 2881 (12)
407 2843 570 2876 [ur-‘carr
587 2843 634 2876 ad
654 2846 707 2876 m.
724 2847 772 2876 De
788 2845 905 2878 clami.
924 2846 1079 2889 despons,
1099 2856 1129 2879 n.
1151 2851 1200 2878 So.
