1980 3260
896 266 1076 299 mnu.
1628 251 1715 298 4⁹3

286 377 406 426 CAP.
435 378 556 424 V‚-
569 395 621 426 nn
640 393 858 428 Ecctnsmss
877 395 1105 428 rorssurs
1123 394 1165 427 m
1182 394 1334 428 causas
1352 391 1683 427 nrumouuus

795 459 847 492 Ac
870 459 913 492 m
936 459 1171 492 sronsuu.

254 545 358 594 Am.
389 546 424 593 1.
484 547 656 595 Causae
683 564 837 596 omnes
860 548 1228 606 matrimoniales,
1255 565 1369 614 quae
1392 548 1590 595 intimam

547 633 799 671 contractus
823 634 1025 672 naturam
1049 624 1269 688 attingunt
1291 623 1348 672 ad
1372 622 1491 672 solos
1515 639 1587 670 ec-

546 697 820 748 clesiasticos
853 699 1024 748 iudices
1057 710 1257 765 spectant
1264 736 1552 746 ..............
1561 718 1584 743 »
1622 697 1712 744 180

252 772 354 822 Aur.
385 773 441 820 ll.
479 774 716 839 Sponsalia
748 786 969 841 quatenus
997 777 1054 825 ad
1083 787 1407 825 sacramentum
1439 774 1589 822 matri-

546 851 684 898 monii
708 851 954 917 disponunt
971 852 1202 901 subiacent
1218 851 1304 900 iuri
1320 850 1583 900 ecclesiae.»
1621 849 1711 896 192

336 970 458 1018 CAP.
486 971 555 1018 vl.
579 1001 643 1008 —
671 988 724 1022 nr.
758 988 979 1023 recursui:
1011 989 1243 1023 tonsura
1276 989 1319 1022 m
1353 985 1611 1023 uumnouu

457 1051 776 1087 mznmcoauu
801 1053 923 1086 mrsu
945 1054 994 1087 sr.
1016 1054 1096 1087 vm.
1117 1054 1202 1087 cun
1226 1051 1481 1087 cunonem.

247 1156 350 1206 Aur.
379 1157 412 1204 1.
475 1156 726 1206 Generatim
760 1159 1099 1208 matrimonialis
1127 1159 1341 1208 ecclesiae
1365 1156 1587 1222 legislatio

541 1234 823 1283 matrimonia
856 1236 1039 1301 respicit
1065 1253 1155 1285 non
1185 1235 1317 1284 modo
1350 1233 1589 1284 catholico-

539 1327 636 1356 rum
653 1327 806 1358 verum
823 1311 958 1359 etiam
975 1311 1112 1360 mixta
1126 1322 1170 1359 et
1186 1311 1526 1359 haereticorum.
1540 1327 1582 1355 ,ι
1620 1307 1710 1354 199

238 1383 342 1432 Anr.
372 1384 412 1431 ll
469 1385 740 1433 Nominatim
768 1387 914 1452 quoad
949 1387 1313 1453 impedimentum
1346 1385 1587 1434 clandesti-

536 1460 692 1511 nitatis
709 1501 720 1520 ‚
767 1464 971 1529 quaestio
1010 1465 1224 1513 enodatur
1263 1462 1475 1511 iuridica:
1522 1478 1579 1509 an

533 1537 813 1587 clandestina
848 1541 1129 1590 matrimonia
1162 1540 1257 1589 sive
1288 1539 1424 1587 mixta
1444 1575 1455 1595 ,
1490 1537 1586 1586 sive

535 1613 858 1663 haereticorum
889 1616 980 1665 sint
1013 1617 1137 1665 irrita
1145 1651 1546 1664 ...................
1557 1633 1580 1659 ι
1620 1614 1711 1661 204

302 1688 349 1753 §-
381 1688 415 1736 1.
445 1688 625 1738 Illorum
644 1702 904 1754 argumenta
922 1692 998 1758 qui
1018 1702 1218 1757 pugnant
1234 1707 1313 1757 pro
1324 1690 1474 1740 valore
1486 1706 1585 1738 con-

532 1765 752 1830 iugiorum
782 1767 1181 1826 clandestinorum,
1213 1784 1329 1833 quae
1352 1766 1448 1815 sive
1470 1766 1584 1815 cele-

533 1840 717 1890 brantur
731 1843 846 1891 inter
862 1843 1106 1892 catholicos
1124 1854 1167 1892 et
1189 1842 1477 1899 acatholicos,
1491 1842 1586 1890 sive

536 1917 650 1967 inter
681 1918 804 1969 solos
839 1920 1110 1969 acatholicos
1134 1920 1180 1967 in
1205 1919 1316 1968 locis
1345 1920 1391 1967 in
1422 1918 1586 1985 quibus

533 1993 805 2058 publicatum
840 2006 908 2044 est
943 1995 1168 2044 decretum
1209 1994 1385 2044 concilii
1418 1994 1585 2042 triden-

536 2069 617 2116 tini
643 2071 927 2135 proferuntur
933 2107 1546 2118 .............................
1557 2089 1580 2116 υ
1619 2070 1708 2116 207

304 2145 352 2209 §.
382 2145 439 2191 11.
468 2144 738 2209 Argumenta
771 2146 1052 2212 proferuntur
1078 2163 1230 2195 eorum
1253 2146 1331 2211 qui
1359 2145 1586 2194 matrimo-

536 2222 612 2269 nia
629 2222 724 2271 sive
746 2223 882 2277 mixta
895 2260 905 2280 ,
928 2224 1024 2271 sive
1039 2221 1382 2272 acatholicorum
1404 2222 1520 2270 inter
1534 2238 1585 2270 se

538 2297 660 2346 nulla
683 2315 736 2347 ac
759 2298 884 2347 irrita
906 2315 1008 2347 esse
1037 2298 1308 2348 contendunt
1328 2297 1406 2346 ubi
1429 2298 1581 2346 decre-

535 2384 627 2421 tum
646 2373 932 2423 tridentinum
956 2374 1040 2423 fuit
1062 2374 1336 2440 publicatum
1343 2411 1543 2421 ..........
1554 2392 1577 2419 »
1617 2373 1706 2419 218

304 2450 353 2514 §-
384 2449 461 2496 111.
490 2449 772 2515 Apostolicae
793 2450 916 2500 sedis
948 2450 1124 2500 decreta
1151 2450 1271 2499 circa
1303 2448 1582 2499 matrimonia

534 2526 880 2576 acatholicorum
926 2527 1042 2575 inter
1085 2544 1137 2576 se
1163 2564 1174 2584 ,
1217 2538 1261 2575 et
1302 2524 1581 2574 matrimonia

534 2602 671 2651 mixta
711 2603 789 2651 ubi
836 2603 1109 2669 publicatum
1152 2620 1205 2651 ac
1246 2611 1468 2667 receptum
1514 2610 1581 2648 est

534 2678 759 2727 decretum
794 2679 970 2728 concilii
1001 2679 1225 2728 tridentini
1233 2713 1542 2725 ...............
1553 2695 1575 2721 1>
1615 2676 1704 2722 222

302 2754 335 2818 5
381 2755 447 2802 lv.
477 2755 846 2819 Argumentorum
879 2773 994 2821 quae
1030 2774 1108 2821 pro
1138 2766 1322 2819 utraque
1361 2751 1578 2801 sententia

535 2830 669 2880 allata
704 2844 807 2880 sunt
848 2833 1049 2897 epicrisis
1060 2867 1516 2879 .....................
1550 2847 1571 2873 »
1612 2828 1703 2875 235
