1980 3260
261 229 351 260 cnr.
365 228 407 258 v.
422 229 472 259 ns
493 227 607 259 scer..
625 227 716 260 ror.
733 226 775 259 m
789 226 906 259 cius.
922 227 1047 259 uun.
1063 226 1112 259 Ac
1130 226 1172 258 m
1192 226 1332 259 spons.
1351 227 1444 258 Aur.
1461 226 1507 259 11.
1584 213 1673 258 195

196 303 325 352 hensi
344 342 354 360 ‚
383 304 582 352 excusati
621 313 752 351 erunt
775 313 1008 368 parentes;
1038 303 1076 350 si
1107 303 1153 349 in
1184 302 1339 350 eodem
1377 304 1544 351 fuerint
1565 303 1673 352 vitio

194 391 238 428 et
273 379 514 445 polluerint
546 394 602 428 'se
641 379 987 436 consentiendo,
1025 379 1228 446 superior
1267 380 1486 427 sententia
1529 397 1678 429 serva-

195 467 266 505 tur
293 457 410 519 (28).
433 476 456 502 »
484 456 529 503 S.
559 455 834 519 Augustinus
860 455 1029 519 passim
1052 455 1110 503 de
1134 454 1425 520 sponsalibus
1450 454 1673 520 loquitur,

197 551 250 581 ac
285 533 342 581 de
378 533 540 580 tabulis
584 532 1004 587 matrimonialibus,
1044 542 1121 579 aut
1159 533 1437 596 siqnatoriis‚
1475 549 1593 597 quae
1624 549 1678 580 ex

192 610 410 659 ecclesiae
456 609 733 674 praescripto
777 607 1037 671 legebantur
1069 608 1115 655 in
1155 608 1435 673 sponsalium
1481 608 1677 656 celebra-

194 687 340 743 tione,
369 695 502 749 atque
526 683 582 730 ab
607 683 817 748 episcopo
847 682 1240 731 subscribebantur
1268 685 1386 747 (29);
1414 694 1464 731 ut
1492 683 1580 732 alia
1603 685 1677 732 do-

194 771 404 811 cumenta
418 758 777 824 exploratissima
793 758 934 806 missa
952 759 1112 807 faciam
1125 797 1135 816 ,
1160 759 1205 806 in
1231 760 1395 825 quibus
1413 760 1545 808 etiam
1566 761 1676 808 ritus

192 835 510 886 describuntur
542 834 598 881 de
630 832 778 881 arrhis
795 871 805 890 ,
842 833 988 898 deque
1018 833 1166 882 anulis
1183 871 1194 891 ‚
1222 834 1372 899 iisque
1401 835 1673 894 benedictis,

193 930 311 978 quae
346 912 391 959 in
427 909 712 977 sponsalibus
745 909 1031 958 tradebantur
1057 912 1175 973 (30).

288 988 412 1036 Adeo
435 1005 539 1036 vero
563 1004 634 1036 res
658 986 768 1035 haec
791 1003 968 1051 semper
997 986 1224 1052 explorata
1248 987 1355 1045 fuit,
1384 998 1434 1035 ut
1458 989 1678 1036 innumeri

193 1082 334 1131 prope
372 1064 623 1113 habeantur
662 1079 855 1112 canones
897 1080 922 1110 a
956 1063 1156 1111 conciliis
1196 1065 1375 1122 statuti,
1424 1065 1471 1112 in
1513 1065 1677 1130 quibus

196 1140 325 1207 plura
354 1141 411 1189 de
443 1139 729 1206 sponsalibus
756 1137 1054 1186 decernuntur
1083 1139 1256 1205 absque
1278 1139 1370 1188 ullo
1395 1140 1452 1188 ad
1476 1140 1597 1205 leges
1620 1141 1679 1188 ci—

198 1218 313 1267 viles
357 1228 586 1283 respectu,
630 1217 720 1265 imo
762 1215 927 1281 quibus
968 1215 1089 1280 leges
1127 1216 1280 1264 civiles
1323 1218 1605 1281 corriguntur
1637 1228 1679 1265 et

197 1296 505 1344 emendantur.
535 1294 586 1342 Id
610 1304 730 1360 patet
752 1312 805 1341 ex
829 1293 886 1341 iis
920 1292 1166 1342 canonibus
1196 1293 1362 1359 quibus
1393 1294 1679 1359 distinguun-

197 1381 270 1420 tur
302 1371 534 1438 sponsalia
557 1389 584 1418 a
606 1370 901 1418 matrimoniis
937 1370 1045 1418 ratis
1063 1409 1074 1427 ,
1107 1381 1239 1435 prout
1263 1370 1308 1416 in
1339 1370 1567 1419 nonnullis
1592 1371 1675 1418 im-

197 1458 452 1513 peratorum
485 1447 659 1512 legibus
694 1446 1008 1512 spectabantur
1036 1448 1152 1510 (31).

291 1524 358 1572 Ex
393 1524 465 1572 his
490 1524 579 1572 iam
604 1524 789 1590 planum
824 1523 873 1571 fit
897 1524 1005 1589 quid
1029 1523 1085 1571 de
1109 1533 1322 1588 perpetuo
1352 1522 1568 1572 ecelesiae
1591 1541 1677 1572 usu

194 1611 238 1650 et
271 1602 423 1666 praxi,
462 1611 592 1667 prout
624 1601 782 1649 ultimo
812 1601 909 1649 loco
942 1601 1254 1649 constituimus
1289 1601 1568 1649 sentiendum
1598 1601 1669 1649 sit.

197 1678 244 1724 S.
272 1677 535 1727 Ambrosius
565 1678 764 1744 loquitur
787 1678 843 1726 de
863 1677 1111 1735 velamine,
1143 1678 1262 1742 quod
1296 1696 1322 1726 a
1350 1678 1577 1726 sacerdote
1606 1678 1678 1725 bo-

193 1754 419 1803 nedictum
445 1755 491 1802 in
516 1754 804 1820 sponsalibus
823 1754 1079 1802 tradebatur
1102 1756 1220 1817 (32);
1245 1754 1299 1802 de
1323 1772 1412 1820 quo
1438 1754 1523 1802 ritu
1547 1754 1677 1818 longe

191 1841 298 1879 ante
315 1832 404 1879 iam
427 1831 602 1879 locutus
620 1831 763 1879 fuerat
779 1830 1076 1879 Tertullianus
1101 1832 1219 1893 (33);
1244 1842 1397 1896 postea
1413 1848 1516 1879 vero
1535 1848 1574 1878 s.
1598 1831 1678 1878 Isi·

284 2047 351 2089 (28)
372 2048 470 2090 Apud
486 2049 644 2081 Harduin.
665 2050 752 2081 Acta
767 2048 888 2081 concil.
906 2049 1020 2080 tom.1.
1039 2048 1101 2081 col.
1116 2054 1186 2082 256.
1202 2049 1235 2081 in
1250 2057 1347 2090 quem
1360 2056 1517 2081 canonem
1529 2047 1571 2080 cf.
1591 2056 1674 2088 quae

189 2100 316 2134 erudite
339 2101 470 2143 scripsit
481 2102 571 2134 rard.
591 2102 631 2135 de
653 2102 786 2143 Aguirre
807 2101 947 2134 Collect.
971 2103 1129 2134 maxima
1147 2102 1271 2135 concil.
1292 2103 1448 2135 omnium
1467 2101 1676 2142 hispanicor.

190 2154 271 2187 tom.
289 2155 315 2187 1.
332 2163 406 2196 pag.
434 2159 494 2187 620
516 2163 607 2196 seqq.
626 2155 668 2187 cf.
686 2155 764 2188 item
786 2153 1034 2195 Albaspinaeum
1055 2155 1088 2186 in
1112 2155 1199 2188 hunc
1224 2155 1364 2188 eundem
1386 2162 1501 2186 canon.

284 2207 352 2249 (29)
370 2210 479 2241 serm.
503 2211 551 2240 10.
568 2216 601 2239 n.
614 2212 662 2240 18.
679 2207 756 2240 item
772 2215 874 2239 serm.
892 2210 986 2240 37.n.
1003 2210 1033 2240 7.
1049 2211 1263 2241 sem.51.n.
1280 2213 1330 2241 22.
1348 2208 1380 2240 et
1392 2215 1496 2240 serm.
1513 2211 1584 2240 332.
1597 2216 1630 2239 n.
1645 2211 1674 2239 4.

188 2258 241 2291 ed.
258 2261 363 2292 Maur.
384 2260 419 2291 in
439 2260 500 2292 hoc
514 2260 678 2300 postremo
693 2268 842 2292 sermone
859 2268 1007 2301 expresse
1020 2259 1133 2292 scribit
1147 2269 1174 2293 s.
1191 2261 1328 2293 Doctor:
1351 2272 1368 2289 «
1379 2261 1502 2293 Verum
1521 2260 1585 2292 est:
1603 2259 1674 2291 istis

191 2311 313 2345 tabulis
337 2312 529 2353 subscripsit
555 2312 736 2354 episcopus.
755 2325 771 2340 ι»

283 2365 356 2406 (3ο)
376 2366 426 2398 cr.
450 2366 585 2398 Marten.
604 2367 655 2398 De
676 2367 832 2407 antiquis
856 2365 972 2398 eccles.
993 2366 1121 2399 ritibus
1146 2365 1203 2399 lib.
1217 2367 1243 2399 l.
1260 2374 1332 2407 cap.
1347 2367 1403 2399 lX.
1424 2375 1471 2399 ar.
1485 2370 1515 2399 3.
1530 2373 1589 2398 nec
1611 2373 1676 2397 non

192 2418 347 2451 Goarium
373 2417 407 2450 in
430 2417 644 2459 Eucholoqio
665 2426 779 2459 qraec.
807 2420 843 2451 in
866 2417 982 2459 officio
1005 2420 1045 2451 in
1070 2418 1292 2460 sponsalibus
1318 2427 1390 2461 pag.
1409 2423 1480 2452 380.
1504 2420 1587 2451 Item
1603 2418 1673 2449 Bin-

193 2472 290 2512 gham
316 2473 447 2513 Oriqin.
476 2472 550 2504 sive
577 2473 743 2513 antiquit.
766 2472 954 2505 ecclesiast.
971 2472 1028 2505 lib.
1054 2474 1154 2505 XXII.
1172 2481 1243 2514 cap.
1265 2474 1323 2505 111.
1340 2472 1371 2514 §.
1392 2478 1407 2505 1
1426 2481 1519 2512 seqq.

287 2525 352 2566 (31)
375 2524 426 2557 cs.
450 2526 578 2566 Lupum
605 2525 709 2558 schol.
738 2526 770 2557 in
793 2534 865 2558 can.
882 2526 1026 2559 XCVHI.
1047 2525 1177 2558 concilii
1197 2525 1362 2566 Trullani‚
1387 2525 1443 2557 ubi
1464 2524 1548 2556 inter
1572 2524 1677 2555 cetera

192 2577 324 2610 scribit:
349 2578 483 2610 «Etiam
505 2578 667 2619 sponsalia
688 2587 815 2619 semper
834 2580 1071 2612 consueverunt
1090 2580 1122 2611 in
1145 2579 1282 2612 ecclesia
1311 2579 1396 2619 fieri3
1420 2576 1566 2610 benedici
1589 2584 1607 2607 a
1625 2584 1673 2607 sa-

191 2630 340 2671 cerdote,
370 2639 440 2664 esse
465 2639 612 2663 summae
634 2631 858 2673 obligationis:
889 2632 937 2664 uti
959 2632 1065 2673 liquet
1084 2641 1123 2665 ex
1153 2641 1224 2665 can.
1253 2634 1308 2664 ΙΧ.
1333 2639 1512 2671 ancyrano
1534 2630 1567 2662 et
1595 2631 1675 2661 mv.

193 2683 427 2716 illiberitano*
454 2693 529 2725 opp.
551 2684 602 2716 ed.
624 2686 847 2717 Venct.172-4
870 2685 950 2717 tom.
970 2686 1024 2717 ΙΙΙ.
1049 2690 1173 2727 p.163.

283 2736 349 2777 (32)
371 2737 443 2770 Lib.
459 2739 509 2770 De
522 2738 641 2770 Instit.
652 2739 780 2778 virqin.
791 2746 862 2779 cap.
877 2739 979 2770 XVH.
994 2746 1027 2770 n.
1039 2743 1095 2772 108
1114 2747 1182 2779 seq.
1195 2738 1246 2771 ed.
1265 2739 1367 2770 Maur.
1376 2738 1455 2770 tom.
1466 2738 1506 2768 ΙΙ
1516 2744 1587 2776 pag.
1601 2737 1670 2766 273

193 2790 225 2821 et
248 2789 326 2822 item
354 2789 411 2823 lib.
428 2792 479 2823 De
502 2790 641 2823 exhort.
661 2792 816 2832 vivyinit.
840 2800 869 2824 c.
891 2792 946 2824 Vl.
966 2800 999 2824 n.
1020 2795 1070 2825 34.
1089 2800 1159 2833 pag
1178 2796 1247 2825 286.
1266 2790 1403 2823 etalibi.

281 2842 348 2883 (33)
369 2844 405 2875 In
427 2842 485 2876 lib.
510 2845 559 2876 De
584 2843 724 2877 veland.
750 2843 947 2886 viminibus
963 2853 1033 2886 cap.
1062 2845 1107 2877 xl
1121 2853 1212 2885 seqq.
1550 2894 1571 2921 s
