1980 3260
256 241 352 293 'cm
372 262 414 291 v.
431 261 482 292 ni:
496 259 610 293 reci„
627 259 719 292 ror.
737 259 781 292 m
798 258 1189 291 mus.uArn.A01N
1207 259 1348 292 spons.
1365 260 1457 292 Am.
1477 260 1505 292 1.
1578 246 1670 292 187

293 337 478 400 Vigilius
513 338 710 402 pontifex
743 337 932 385 irritavit
949 336 1203 401 coniugium
1240 338 1534 386 Theodoberti
1554 340 1671 403 regis

198 412 295 460 initi
331 431 432 461 cum
465 415 600 462 vidua
635 432 714 463 seu
748 414 900 462 relicta
932 413 1080 461 fratris
1116 414 1221 470 sui,
1261 431 1312 461 ac
1337 414 1668 463 Theodobertus

197 490 435 554 acquievit.

290 567 377 615 Leo
411 567 489 613 111.
537 566 707 614 nullum
739 566 978 614 declaravit
1008 566 1263 630 coniugium
1297 567 1477 615 Henrici
1502 569 1536 614 1.
1567 567 1670 615 Cas-

196 643 325 691 tellae
351 645 469 708 regis
503 646 605 691 cum
630 644 723 691 filia
749 644 866 707 regis
889 644 1144 691 Lusitaniae
1167 654 1346 710 propter
1375 645 1670 710 impedimen-

193 730 285 767 tum
309 720 724 783 consanguinitatis.
747 720 965 767 Henricus
988 737 1093 768 vero
1118 720 1213 768 eius
1241 722 1487 769 sententiae
1512 723 1663 770 cessit.

290 795 525 858 Gregorius
554 795 601 841 V.
626 794 895 842 dissolutum
929 795 1185 858 coniugium
1219 796 1461 844 declaravit
1494 797 1669 845 Roberti

194 873 461 919 Francorum
482 871 599 935 regis
624 889 725 919 cum
750 872 878 918 Berta
912 872 1033 918 affini
1067 889 1148 919 sua
1170 908 1180 928 ,
1221 888 1273 918 ac
1296 872 1512 920 Robertus
1537 891 1586 921 se
1612 874 1669 921 ab

194 946 272 994 illa
299 947 508 995 seiunxit.

287 1023 530 1071 Edixerunt
553 1023 794 1071 Galliarum
814 1023 1014 1089 episcopi
1034 1041 1060 1070 a
1083 1023 1241 1072 Carolo
1264 1024 1322 1070 M.
1342 1023 1666 1089 repudiandam

190 1100 365 1147 Bertam
403 1101 539 1148 filiam
570 1100 686 1164 regis
720 1100 1108 1163 Longobardorum
1142 1100 1199 1148 ob
1233 1101 1522 1165 impotentiae
1545 1101 1667 1149 defe-

191 1188 335 1235 ctum,
376 1178 508 1243 eique
537 1177 718 1226 Carolus
754 1177 965 1224 nuncium
997 1178 1181 1225 remisit.
1222 1178 1301 1224 Ille
1337 1195 1498 1242 nempe
1533 1177 1667 1227 Caro—

188 1253 259 1301 lus
279 1253 335 1300 M.
361 1254 438 1320 qui
464 1254 541 1301 lib.
564 1255 613 1301 V.
640 1271 821 1302 suorum
840 1253 1160 1319 Capitularium
1185 1271 1284 1319 cap.
1302 1255 1351 1300 V.
1381 1254 1558 1302 decreta
1583 1273 1665 1303 sua

191 1330 365 1387 omnia,
405 1348 520 1395 quae
540 1348 620 1396 pro
644 1331 813 1378 obiecto
837 1331 1091 1394 coniugium
1110 1331 1277 1378 habent
1300 1331 1546 1379 conformia
1564 1349 1667 1396 pro-

189 1407 338 1455 fitetur
360 1408 628 1456 ordinationi
658 1408 854 1472 Gregorii
879 1409 1041 1455 summi
1065 1408 1289 1474 pontificis
1314 1427 1323 1454 ε
1353 1410 1457 1472 quia
1477 1411 1539 1455 sic
1561 1409 1667 1456 Gre—

186 1485 334 1548 qorius
361 1486 515 1539 sentit,
555 1495 598 1532 et
625 1502 724 1550 cap.
745 1485 838 1532 Vll.
873 1484 948 1531 ubi
978 1502 1115 1548 agens
1149 1484 1205 1531 de
1235 1484 1664 1548 consanguineorum

187 1560 453 1618 connubiis,
493 1560 701 1608 standum
750 1578 850 1609 esse
898 1561 1128 1609 constituit
1171 1561 1407 1609 sacerdotii
1460 1561 1626 1608 iudicio
1651 1580 1658 1607 :

191 1637 357 1684 «iuxta
392 1638 634 1685 constituta
655 1648 907 1686 sanctorum
937 1648 1139 1702 patrum,
1175 1648 1218 1685 et
1240 1638 1363 1684 iuxta
1386 1637 1564 1684 decreta
1596 1654 1665 1685 ca-

186 1731 351 1762 nonum
386 1714 644 1762 iudicetur»
674 1732 762 1762 non
796 1725 942 1762 autem
976 1715 1098 1761 iuxta
1126 1714 1248 1777 leges
1274 1714 1543 1779 imperiales.

282 1789 465 1838 Carolus
501 1789 664 1838 Calvus
707 1808 950 1856 numquam
995 1790 1228 1855 permisit,
1276 1800 1325 1837 ut
1364 1790 1659 1838 subsisterent

186 1867 408 1914 connubia
442 1867 556 1914 inter
594 1867 771 1914 francos
811 1884 864 1913 ac
904 1884 1173 1914 normannos
1214 1867 1352 1923 inita,
1390 1884 1443 1915 eo
1478 1866 1598 1931 quod
1636 1884 1663 1913 a

186 1960 294 1990 rom.
318 1943 605 2008 pontificibus
641 1943 803 1991 fuerint
834 1943 1084 1990 interdicta.
1128 1943 1217 1989 «Si
1252 1952 1399 1991 autem
1421 1981 1431 2000 ‚
1470 1942 1533 1990 ait
1566 1943 1663 2008 ipse

187 2019 234 2066 in
265 2019 442 2067 decreto
472 2020 665 2068 Pistensi
690 2037 790 2085 cap.
812 2020 942 2066 XXX.
967 2019 1023 2066 de
1040 2019 1141 2067 istis
1160 2019 1361 2084 partibus
1387 2019 1434 2065 in
1460 2018 1551 2066 illis
1570 2018 1662 2066 foe-

186 2096 308 2143 mina
331 2097 540 2144 maritum
556 2135 566 2154 ,
596 2108 674 2145 aut
697 2097 886 2144 maritus
917 2096 1154 2144 foeminam
1183 2096 1353 2162 accepit
1374 2115 1384 2153 3
1422 2094 1531 2142 illud
1556 2112 1661 2143 oon-

185 2173 354 2236 iugium
374 2212 383 2230 ‚
406 2173 513 2238 quia
537 2191 626 2221 non
655 2184 722 2221 est
748 2173 917 2237 legale,
946 2191 1092 2238 neque
1124 2173 1371 2237 legitimum
1388 2211 1398 2230 ,
1437 2172 1554 2220 sicut
1576 2172 1660 2219 Leo

184 2248 231 2294 in
249 2249 439 2297 decretis
458 2250 554 2297 suis
572 2260 615 2297 et
633 2260 813 2297 sanctus
840 2249 1074 2314 Gregorius
1099 2248 1145 2296 in
1163 2249 1366 2315 epistolis
1385 2250 1654 2305 monstrant,

183 2323 455 2373 diSSOlvatur
483 2327 601 2388 (12).
629 2346 650 2370 »

277 2400 478 2466 Cumque
512 2411 713 2464 ageretur
746 2402 792 2447 in
822 2401 976 2449 Galliis
1011 2401 1067 2448 de
1096 2401 1378 2448 matrimonio
1413 2401 1527 2447 inter
1561 2399 1659 2446 Phi-

183 2476 355 2541 lippum
390 2477 639 2540 Augustum
675 2477 862 2543 eiusque
894 2495 1075 2525 uxorem
1098 2478 1448 2542 Iugenburgem,
1482 2493 1570 2523 non
1595 2486 1661 2522 ta-

179 2564 369 2601 cuerunt
391 2592 399 2611 ‚
438 2565 488 2601 ut
511 2554 624 2601 alias
642 2554 864 2611 vidimus,
903 2553 991 2602 duo
1015 2554 1249 2619 pontifices
1275 2552 1554 2600 Caelestinus
1574 2551 1651 2596 111.

181 2640 224 2678 et
248 2630 531 2678 Innocentius
562 2631 639 2676 III.
667 2631 800 2678 Porro
825 2630 1100 2678 Caelestinus
1130 2649 1265 2696 super
1291 2630 1374 2677 hoc
1402 2627 1578 2690 negotio
1601 2626 1656 2673 ad

266 2776 333 2818 (12)
356 2779 396 2810 D.
414 2778 528 2810 Gibert
554 2778 588 2809 in
611 2786 670 2810 suo
692 2778 831 2810 tractatu
858 2779 908 2810 De
933 2778 1121 2811 traditione
1146 2779 1241 2810 circa
1253 2777 1512 2809 sacramentum
1537 2774 1656 2805 matri-

179 2831 289 2862 monii
312 2830 416 2862 tribus
438 2831 505 2863 vol.
521 2831 601 2863 in-4.
616 2831 758 2863 ostendit
783 2831 866 2863 serie
892 2840 958 2863 non
986 2831 1167 2872 interrupta
1191 2830 1459 2863 documentorum
1486 2827 1654 2860 materiam

181 2882 262 2917 lianc
291 2882 408 2922 iugiter
428 2882 527 2916 fuisse
545 2883 699 2916 ecclesiae
724 2883 939 2916 iurisdictioni
967 2884 1152 2916 obnoxiam.
