1980 3260
380 253 436 299 96
690 261 770 294 m.
799 261 845 293 ιι.
873 259 984 292 secr.
1014 259 1042 290 1.
1072 258 1122 289 nr:
1147 257 1309 288 rornsr.
1339 256 1502 289 uectus.

471 342 658 389 Tandem
694 340 950 403 priusquam
998 337 1080 383 hoc
1121 333 1345 381 absolvam
1385 345 1687 396 argumentum
1728 334 1824 383 ani-

377 418 595 466 madverto
611 454 620 472 ,
658 426 785 479 prout
812 414 899 461 iam
926 412 1049 458 innui
1068 449 1077 467 ,
1115 409 1235 456 haud
1254 426 1354 456 esse
1377 409 1728 473 permiscendam
1752 428 1827 458 au-

376 493 615 541 ctoritatem
638 509 737 538 cum
765 488 1031 537 auctoritatis
1057 486 1278 533 exercitio.
1309 485 1536 549 Siquidem
1561 486 1796 535 auctoritas
1811 525 1820 543 ,

376 579 523 633 utpote
538 585 563 614 a
582 567 754 613 Christo
776 564 987 612 ecclesiae
1009 563 1164 610 collata
1178 600 1187 618 ,
1215 561 1369 608 eadem
1393 578 1567 626 semper
1589 561 1635 607 iu
1653 579 1702 609 se
1727 578 1827 626 per-

377 654 521 691 manet
553 643 677 689 firma
709 652 839 706 atque
861 639 1172 695 immutabilis;
1210 638 1465 686 exercitium
1499 648 1644 684 autem
1682 642 1827 702 potest

375 719 449 768 vell
477 733 657 782 prorsus
695 716 851 764 deesse
870 754 879 772 ,
921 717 958 762 si
1002 732 1232 780 supremus
1267 713 1491 776 legislator
1535 730 1613 778 pro
1655 723 1825 778 tempo-

376 810 496 850 rum,
536 810 820 858 personarum
853 802 928 839 aut
959 791 1152 839 locorum
1185 791 1359 837 diversa
1389 789 1640 837 conditione
1668 799 1820 837 censet

375 887 471 916 eam
512 886 598 916 non
635 886 734 916 esse
779 867 1094 915 exercendam:
1139 866 1346 930 expedire
1384 866 1516 912 etiam
1558 866 1825 930 quandoque

375 955 539 1008 potest,
566 955 615 990 ut
646 954 834 990 mutetur
872 941 1136 990 exercendae
1165 940 1395 1005 potestatis
1435 941 1570 997 ratio,
1605 941 1827 1005 siquidem

375 1019 613 1083 legislator,
644 1020 822 1066 mutatis
841 1036 984 1065 rerum
1012 1017 1255 1073 adiunctis,
1277 1017 1409 1063 etiam
1433 1016 1716 1080 disciplinam
1740 1018 1824 1063 im-

376 1095 630 1141 mutandam
655 1111 754 1141 esse
777 1093 1056 1148 iudicaverit;
1095 1093 1202 1156 quin
1226 1109 1278 1138 ex
1301 1091 1373 1137 his
1405 1091 1636 1155 quidpiam
1673 1102 1825 1139 contra

384 1179 640 1233 potestatem
670 1169 815 1233 ipsam
838 1167 986 1231 colligi
1013 1167 1172 1231 possit.

471 1244 535 1290 Ex
561 1244 632 1291 his
665 1260 850 1308 pronum
877 1254 944 1290 est
971 1242 1162 1298 inferre,
1201 1259 1287 1306 quo
1320 1242 1365 1287 in
1398 1258 1533 1288 censu
1561 1240 1714 1288 haberi
1747 1240 1824 1289 de-

377 1317 532 1375 beant,
555 1336 669 1384 quae
697 1318 934 1366 identidem
959 1317 1015 1364 ab
1033 1317 1298 1381 apostolicae
1324 1317 1444 1364 sedis
1471 1317 1674 1365 osoribus
1696 1317 1827 1365 obiici

376 1404 695 1441 consueverunt
716 1432 726 1450 ,
755 1393 874 1458 quod
907 1393 1075 1440 scilicet
1097 1393 1303 1458 nuspiam
1327 1393 1496 1457 legatur
1521 1393 1740 1442 eiusmodi
1764 1394 1828 1440 di-

372 1469 676 1533 spensationes
710 1486 818 1516 rom.
852 1468 1049 1533 pontifici
1074 1479 1318 1517 reservatas
1350 1486 1473 1526 esse,
1508 1469 1585 1534 qui
1618 1479 1668 1516 ut
1694 1486 1827 1533 quae·

375 1554 488 1591 stum
516 1544 667 1601 faciat,
690 1544 775 1592 sibi
795 1544 877 1592 soli
897 1545 967 1592 ius
993 1542 1217 1592 relaxandi
1236 1544 1550 1609 impedimenta
1576 1543 1826 1608 adscripse-

378 1620 447 1677 rit,
477 1637 556 1668 nec
591 1620 675 1667 nisi
713 1620 876 1684 ingenti
910 1620 1068 1668 collata
1099 1621 1312 1685 pecuniae
1343 1638 1514 1668 summa
1552 1619 1829 1668 consueverit

375 1712 449 1742 eas
472 1695 709 1743 concedere
741 1696 1094 1761 dispensationes
1111 1733 1121 1753 ,
1157 1713 1285 1743 secus
1311 1713 1363 1743 ac
1395 1695 1729 1761 praescripserit
1755 1695 1829 1743 tri·
1880 1694 1881 1697 ’

374 1771 551 1818 dentina
584 1771 782 1836 synodus
806 1771 913 1818 dum
937 1772 1087 1819 statuit
1108 1781 1157 1818 ut
1177 1772 1315 1835 qratis
1338 1770 1440 1818 illae
1462 1769 1819 1818 concederentur.

466 1846 664 1894 Fatemur
698 1848 814 1894 enim
836 1886 846 1904 ,
890 1848 1097 1912 nuspiam
1142 1848 1227 1911 legi
1271 1847 1488 1895 eiusmodi
1533 1847 1823 1894 relaxationes

379 1923 642 1986 apostolicae
671 1923 767 1971 sedi
798 1924 1040 1980 reservari,
1080 1923 1213 1988 idque
1244 1923 1410 1988 duplici
1442 1923 1499 1970 de
1525 1940 1661 1970 causa
1694 1923 1756 1969 ita
1778 1934 1827 1970 'se

376 1997 539 2057 habere
574 2000 840 2063 reponimus.
866 2000 1010 2046 Prima
1035 2000 1144 2047 ratio
1171 2009 1261 2056 est,
1283 2016 1416 2064 quam
1440 1998 1724 2064 suppeditant
1747 1997 1827 2044 ad-

373 2073 554 2120 versarii
583 2074 693 2138 ipsi,
719 2076 834 2139 quod
854 2093 1010 2141 nempe
1042 2076 1146 2123 olim
1180 2092 1266 2123 non
1306 2074 1675 2130 concederentur,
1703 2073 1835 2120 adeo—

377 2166 466 2212 que
498 2148 642 2196 nullus
677 2162 769 2197 erat
802 2151 1082 2199 reservationi
1112 2151 1251 2199 locus.
1285 2151 1432 2198 Altera
1464 2166 1572 2198 vero
1602 2148 1714 2197 ratio
1736 2158 1805 2196 est
1816 2155 1830 2205 ’,

373 2224 478 2287 quia
510 2224 565 2271 de
594 2242 639 2271 re
671 2227 839 2288 agitur,
878 2244 992 2291 quae
1016 2244 1094 2292 per
1121 2225 1178 2274 se'
1199 2226 1394 2291 postulat
1427 2224 1660 2290 potestatis
1693 2222 1835 2288 pleni-

373 2297 600 2354 tudinem,
637 2317 750 2363 quae
782 2301 922 2347 solum
953 2303 1170 2366 reperitur
1201 2313 1274 2350 aut
1297 2302 1343 2348 in
1377 2300 1659 2349 oecumenico
1683 2299 1830 2347 conci-

370 2372 430 2419 lio
458 2410 468 2429 ,
506 2383 581 2420 aut
614 2374 658 2420 in
691 2393 870 2423 romano
904 2378 1107 2441 pontifice
1131 2378 1174 2425 vi
1199 2378 1342 2443 ipsius
1367 2378 1581 2442 primatus
1614 2375 1828 2423 divinitus

379 2448 502 2496 Petro
538 2448 721 2513 eiusque
756 2452 1087 2499 successoribus
1112 2453 1273 2500 collati.

475 2522 599 2578 Quod
627 2524 665 2571 si
697 2542 805 2572 rom.
843 2526 1095 2589 pontificeS,
1125 2528 1317 2592 exceptis
1345 2525 1613 2592 pauperibus
1635 2563 1644 2581 ,
1666 2523 1830 2590 quibus

368 2597 639 2662 dispensatio
662 2600 798 2663 gratis
830 2600 1103 2658 conceditur,
1126 2606 1446 2651 consueverunt
1474 2599 1690 2666 pecuniae
1715 2617 1832 2648 sum·

366 2689 482 2719 mam
497 2673 668 2736 exigere
685 2712 695 2731 ,
717 2675 834 2722 haec
866 2693 951 2723 non
978 2676 1040 2723 uti
1061 2678 1246 2741 pretium
1264 2677 1451 2740 exigitur
1477 2676 1606 2723 datae
1627 2684 1704 2722 aut
1726 2674 1833 2721 dan-

365 2747 448 2795 dae
479 2748 756 2798 relaxationis
781 2789 791 2808 ,
830 2751 949 2816 quod
981 2752 1198 2800 absonum
1233 2763 1352 2801 esset
1380 2752 1448 2801 vel
1482 2751 1724 2817 suspicari,
1747 2749 1828 2797 sed

366 2833 412 2869 ut
433 2840 572 2888 poena
594 2825 659 2872 vel
686 2826 844 2874 mulcta
866 2865 875 2883 ,
914 2845 1045 2891 quam
1080 2839 1256 2886 vocant,
1293 2846 1371 2892 pro
1411 2820 1628 2875 canonum
1663 2824 1830 2874 seule-
