1980 3260
301 253 390 285 cn».
408 254 465 286 iv.
486 253 539 285 nr.
556 253 673 286 scen.
691 252 993 286 roi-assium.
1012 252 1139 285 uun.
1157 252 1201 285 m
1220 253 1316 285 iun.
1329 252 1482 285 Auru.
1557 237 1644 284 171

169 345 443 379 memorasse
467 331 732 396 rescriptum
762 348 852 396 quo
870 347 962 379 sac.
987 331 1332 379 Poenitentiaria
1354 331 1530 380 cuidam
1556 331 1653 397 epi-

167 421 303 471 scopo
337 407 505 454 confert
548 407 845 455 «facultatem
884 406 1176 471 dispensandi
1211 408 1258 453 in
1296 407 1444 454 radice
1489 408 1535 454 in
1580 424 1655 455 oa·

167 481 295 530 sibus
329 482 376 529 in
410 483 575 549 quibus
603 483 751 547 agitur
781 483 837 531 de
866 483 1160 531 matrimoniis
1195 483 1430 548 hucusque
1475 483 1655 531 nulliter

168 557 291 606 initis
315 559 373 607 ob
407 560 777 624 impedimentum
801 558 1175 608 clandestinitatis
1193 598 1203 616 ,
1233 559 1303 607 vel
1336 559 1394 607 ob
1418 559 1542 607 aliud
1573 560 1652 606 im-

160 634 456 698 pedimentum
490 635 602 682 iuris
636 635 866 682 dumtaxat
899 635 1190 683 ecclesiastici
1214 673 1224 692 ‚
1271 635 1317 681 in
1351 652 1440 700 quo
1474 645 1653 700 aposto-

169 710 255 759 lica
287 710 420 758 sedes
455 710 719 775 dispensare
746 711 1009 767 consuevit,
1038 711 1236 776 exceptis
1259 728 1313 758 ex
1337 711 1495 759 ordine
1525 728 1652 759 sacro

166 787 236 835 vel
270 786 550 851 professione
583 785 772 833 solemni
810 786 1173 851 provenientibus
1202 789 1353 849 (25).»

273 862 466 910 Alteram
512 861 679 927 pariter
722 862 1015 910 assertionem
1055 862 1264 910 falsitatis
1306 874 1497 926 arguunt
1529 881 1647 929 quae

165 938 482 1004 praemisimus
512 977 522 996 ,
571 956 776 1004 quaeque
823 938 1063 986 ostendunt
1107 948 1368 1003 potestatem
1415 939 1551 987 hanc·
1575 957 1649 988 sa-

165 1014 303 1062 nandi
339 1014 422 1062 soli
448 1015 648 1080 pontifici
674 1031 881 1080 supremo
904 1031 1007 1062 esse
1031 1025 1324 1072 reservatam,
1345 1025 1480 1080 prout
1512 1015 1645 1064 etiam

165 1090 326 1140 docent
359 1092 581 1140 communi
617 1091 830 1154 suffragio
854 1090 1047 1155 theologi
1073 1102 1116 1139 et
1138 1092 1413 1140 canonistae.
1449 1093 1546 1141 Non
1578 1110 1650 1141 se-

165 1168 253 1216 mel
286 1169 332 1216 id
358 1168 556 1217 inculcat
577 1167 843 1216 Benedictus
869 1168 983 1214 xlv.
1013 1168 1195 1216 dicens:
1229 1189 1252 1214 «
1275 1169 1477 1234 Cumque
1506 1170 1647 1218 solius

166 1246 338 1295 romani
376 1246 601 1312 pontificis
637 1240 815 1293 sitnon
850 1245 993 1293 solum
1025 1246 1389 1311 dispensationes
1422 1247 1468 1293 in
1502 1247 1652 1295 radice

165 1323 435 1370 matrimonii
471 1322 735 1386 indulgere⁷
773 1322 854 1370 sed
894 1322 1027 1369 etiam
1067 1323 1347 1371 conditiones
1382 1324 1652 1372 constituere

163 1415 246 1463 pro
268 1398 498 1447 validitate
525 1399 694 1463 gratiae
716 1398 1028 1464 adimplendas
1052 1401 1204 1462 (26).»
1227 1400 1390 1447 Errant
1413 1400 1548 1464 igitur
1570 1400 1647 1465 qui

164 1474 283 1523 hanc
317 1475 571 1523 facultatem
616 1493 895 1523 communem
930 1475 1100 1524 faciunt
1131 1476 1358 1541 episcopis
1382 1515 1392 1533 ,
1431 1487 1565 1541 atque
1597 1494 1651 1525 eo

162 1552 306 1615 magis
341 1552 562 1601 eiusmodi
592 1552 871 1600 excludenda
894 1562 966 1600 est
990 1552 1241 1609 sententia,
1281 1553 1400 1618 quod
1425 1591 1434 1610 ‚
1472 1553 1539 1600 uti
1568 1570 1651 1602 suo

162 1628 260 1677 loco
295 1629 602 1687 ostendimus,
640 1629 867 1695 episcopis
902 1629 1090 1677 facultas
1135 1647 1224 1677 non
1260 1630 1320 1677 sit
1353 1629 1648 1694 dispensandi

162 1704 219 1753 ab
254 1705 585 1770 impedimentis
621 1705 952 1753 matrimonium
976 1705 1305 1753 dirimentibus.

264 1782 435 1830 Causas
470 1792 617 1830 autem
651 1781 942 1846 gravissimas
978 1783 1145 1847 requiri
1170 1792 1219 1830 ut
1242 1782 1572 1831 matrimonium
1602 1784 1649 1830 in

164 1858 311 1906 radice
345 1868 528 1906 sanetur
558 1858 835 1924 exploratum
869 1868 938 1907 est
971 1859 1092 1923 apud
1134 1859 1336 1907 doctores
1376 1876 1529 1907 omnes
1553 1897 1564 1916 ,
1597 1877 1650 1907 ac

161 1952 295 2000 saepe
322 1934 504 2000 ipsimet
521 1934 756 2000 pontifices
784 1934 1083 1982 declararunt.
1108 1935 1223 1982 Sane
1247 1935 1513 1983 Benedictus
1529 1935 1641 1981 xlv,

158 2027 250 2059 non
283 2027 375 2058 uno
416 2010 464 2057 in
504 2010 602 2058 loco
636 2010 681 2057 id
716 2020 867 2075 aperte
897 2010 1130 2075 profitetur
1159 2010 1216 2057 iis
1251 2010 1433 2059 verbis:
1471 2020 1648 2075 urqente

157 2104 315 2142 eausa,
360 2087 636 2150 qravissimis
670 2087 924 2150 arqentibus
959 2087 1118 2133 causis.
1169 2086 1225 2133 Ut
1255 2086 1499 2151 plurimum
1544 2103 1648 2134 vero

158 2162 420 2227 legitimatio
445 2162 585 2226 prolis
620 2180 758 2210 causa
781 2173 850 2210 est
881 2179 960 2209 cur
993 2161 1215 2210 eiusmodi
1239 2162 1517 2227 dispensatio
1541 2179 1646 2210 con-

159 2239 365 2296 cedatur,
405 2248 454 2286 ut
471 2237 591 2285 idem
610 2238 805 2302 pontifex
832 2237 1031 2286 declarat
1053 2239 1171 2301 (27).
1193 2239 1401 2286 Nostrum
1427 2256 1533 2287 vero
1557 2256 1645 2287 non

158 2326 227 2363 est
249 2315 500 2381 expendere
524 2325 674 2362 utrum
702 2314 922 2362 eiusmodi
950 2333 1108 2379 graves
1127 2325 1204 2363 aut
1226 2315 1522 2379 gravissimae
1540 2333 1647 2363 cau-

161 2408 239 2439 sae
268 2392 493 2439 adfuerint
517 2408 598 2439 nec
625 2408 707 2447 ne;
747 2402 792 2438 at
826 2390 960 2439 simul
984 2408 1037 2438 ac
1059 2392 1339 2457 dispensatio
1363 2410 1443 2440 seu
1469 2392 1643 2440 sanatio

160 2468 265 2517 data
299 2479 394 2526 est⁷
442 2468 671 2533 praesumi
713 2468 910 2532 legitima
943 2485 1080 2517 causa
1114 2469 1280 2528 debet,
1326 2487 1408 2518 nec
1442 2468 1646 2534 quaestio

250 2611 317 2653 (25)
339 2613 377 2643 ln
399 2619 494 2652 saepe
525 2610 657 2643 laudata
687 2611 832 2643 Dissert.
859 2618 924 2643 sur
946 2609 982 2643 la
1005 2610 1276 2643 Rehabilitation
1296 2609 1356 2642 des
1375 2611 1548 2649 marmores
1566 2607 1649 2640 nuls

158 2671 230 2705 pag.
260 2666 314 2705 473
338 2663 394 2696 ubi
428 2664 595 2705 praeterea
627 2664 749 2695 mentio
775 2663 811 2695 fit
837 2663 1007 2697 cuiusdam
1033 2663 1182 2705 rescripti
1213 2663 1358 2696 eiusdem
1384 2662 1507 2694 tenoris
1536 2660 1605 2693 dati
1627 2669 1647 2692 a

157 2717 266 2749 Leone
278 2717 355 2750 ΧΠ.
379 2717 521 2758 archiep.
547 2716 686 2749 tolosan.
712 2715 766 2748 die
794 2718 841 2749 17.
864 2717 947 2748 Nov.
979 2719 1069 2750 1827.

248 2769 316 2811 (26)
336 2771 376 2802 In
404 2771 521 2803 const.
547 2778 605 2803 seu
633 2770 778 2802 Decreta
800 2771 836 2802 L.
856 2770 939 2802 tom.
955 2771 1012 2803 lv.
1031 2770 1168 2803 Butlarii
1195 2770 1251 2801 cit.
1274 2769 1351 2801 Etsi
1373 2765 1647 2800 matrimonialis

160 2821 190 2862 §⁸
207 2825 458 2915 ⁷·(1‘235132i'5tit.
488 2877 675 2910 Lxxxvn.
693 2884 726 2909 n.
745 2880 795 2909 so.
817 2884 893 2918 opp.
910 2876 962 2910 cd.
981 2878 1076 2910 Rom.
1098 2879 1189 2910 1750.
1207 2876 1287 2907 tom.
1302 2875 1359 2907 ΧΙ.
1377 2881 1450 2915 pag.
1467 2875 1538 2906 587.
