1980 3260
451 235 541 268 cn.
564 237 594 269 1.
617 237 714 270 eun.
738 238 832 270 mu
856 236 1019 269 rorssr.
1041 236 1204 270 civms.
1227 238 1320 269 Aur.
1350 237 1395 269 11.
1566 223 1654 268 353

192 313 293 360 nias
325 314 438 369 eius,
477 331 586 379 quae
619 316 665 362 in
701 315 789 379 leqe
816 324 1046 380 praecepta
1078 325 1193 362 sunt.
1224 316 1306 363 Per
1339 315 1480 378 legem
1521 314 1655 378 igitur

193 388 388 436 divinam
424 391 606 439 edoctus
640 390 697 438 ad
732 391 816 439 hoc
848 390 1098 456 principum
1132 391 1328 439 studium
1352 391 1483 440 debet
1511 391 1656 439 inten-

191 464 298 512 dere
314 466 505 531 qualiter
528 464 763 514 multitudo
787 466 873 514 sibi
899 466 1078 514 subdita
1100 466 1215 514 bene
1236 467 1378 515 vivat:
1407 467 1527 532 quod
1557 468 1657 531 qui—

191 541 295 589 dem
329 542 524 590 studium
559 543 605 589 in
640 543 724 590 tria
757 543 987 599 dividitur,
1026 554 1075 592 ut
1107 544 1251 608 primo
1284 543 1465 608 quidem
1499 544 1545 590 in
1581 561 1657 592 su-

191 616 338 665 biecta
377 616 659 665 multitudine
698 618 858 666 bonam
897 619 1032 666 vitam
1073 619 1331 676 constituat,
1375 618 1570 666 secundo
1611 630 1658 666 ut

190 692 472 740 constitutam
506 703 757 750 conservet,
798 695 923 743 tertio
958 706 1004 742 ut
1035 706 1338 744 conservatam
1377 695 1433 742 ad
1473 695 1656 743 meliora

193 778 451 831 promoveat
477 770 594 831 (17).
611 789 633 814 »

291 843 396 891 Post
428 842 538 891 haec
572 844 728 893 inutile
760 863 813 893 ac
845 863 1223 911 supervacaneum
1246 847 1386 895 videri
1410 858 1560 913 posset
1589 865 1657 895 ve-

190 929 334 967 terum
368 929 540 985 patrum
574 921 621 967 in
645 922 846 969 eamdem
870 923 1132 971 sententiam
1155 922 1505 987 conspirantium
1535 924 1657 970 testi—

190 996 340 1044 monia
364 997 574 1061 proferre.
602 998 670 1046 Me
693 1008 836 1046 tamen
860 999 1069 1046 cohibere
1099 1016 1269 1064 nequeo
1303 1017 1330 1047 a
1365 999 1655 1047 subiiciendis

189 1072 325 1120 unius
349 1072 588 1122 alteriusve
611 1075 752 1122 sancti
777 1074 968 1122 doctoris
990 1075 1160 1132 verbis,
1188 1086 1237 1122 ut
1258 1085 1407 1139 pateat
1435 1093 1654 1140 quaenam

189 1149 336 1197 officia
367 1150 626 1199 christianis
660 1151 937 1216 principibus
966 1168 1071 1215 erga
1094 1151 1327 1200 ecclesiam
1352 1151 1398 1198 in
1424 1169 1559 1217 quam
1590 1152 1657 1198 in-

190 1226 333 1288 gressi
368 1236 494 1283 sunt,
524 1226 795 1275 incumbant.
826 1228 870 1273 S.
898 1227 1201 1291 Augustinus:
1230 1228 1495 1284 «Quomodo
1525 1246 1653 1291 ergo,

191 1302 368 1359 scribit,
408 1321 534 1366 reges
567 1304 757 1352 Domino
792 1304 992 1351 serviunt
1025 1304 1071 1350 in
1105 1304 1285 1361 timore,
1323 1304 1410 1351 nisi
1450 1322 1503 1351 ea
1542 1322 1657 1368 quae

191 1387 344 1425 contra
368 1378 494 1425 iussa
515 1379 692 1426 Domini
719 1379 850 1434 fiunt,
879 1379 1087 1442 religiosa
1117 1380 1348 1427 severitate
1383 1379 1657 1444 prohibendo

188 1463 324 1519 atque
347 1453 611 1518 plectendo?
634 1453 770 1501 Aliter
792 1455 911 1502 enim
937 1454 1093 1511 servit,
1122 1454 1229 1519 quia
1252 1453 1384 1502 homo
1407 1465 1499 1512 est,
1532 1454 1658 1502 aliter
1711 1482 1718 1490 ·

188 1529 296 1598 quia
324 1529 458 1578 etiam
483 1548 558 1578 rex
581 1541 664 1578 est.
694 1530 809 1587 Quia
834 1531 965 1578 homo
989 1541 1076 1583 est,
1104 1530 1145 1578 ei
1170 1530 1306 1578 servit
1337 1531 1524 1579 vivendo
1555 1531 1659 1578 fide·

189 1604 313 1663 liter,
353 1606 460 1671 quia
492 1623 597 1653 vero
631 1606 763 1653 etiam
798 1624 874 1653 rex
907 1617 994 1663 est,
1033 1608 1168 1654 servit
1207 1606 1327 1669 leges
1368 1606 1485 1654 iusta
1531 1624 1658 1671 prae-

189 1673 403 1746 cipientes
426 1692 470 1729 et
491 1682 712 1729 contraria
734 1681 1018 1746 prohibentes
1053 1683 1332 1731 convenienti
1365 1682 1516 1745 vigore
1555 1700 1658 1730 san-

187 1757 362 1806 ciendo.
387 1759 436 1804 ln
455 1758 539 1806 hoc
555 1775 660 1822 ergo
679 1758 874 1806 serviunt
885 1759 1073 1806 Domino
1107 1776 1234 1822 reges
1259 1759 1304 1804 in
1322 1769 1538 1823 quantum
1556 1769 1659 1805 sunt

189 1850 315 1898 reges
348 1851 449 1882 eum
483 1852 535 1882 ea
569 1835 738 1882 faciunt
770 1834 827 1882 ad
862 1834 1144 1882 serviendum
1179 1835 1268 1891 illi,
1296 1852 1411 1899 quae
1436 1852 1523 1882 non
1553 1852 1658 1899 pos·

189 1920 294 1958 sunt
327 1910 473 1958 facere
511 1911 599 1958 nisi
634 1929 760 1975 reges
789 1912 945 1974 (18).»
970 1911 1083 1957 Hinc
1121 1911 1247 1959 effert
1286 1911 1474 1958 summis
1514 1910 1659 1957 laudi-

188 1985 274 2035 bus
307 1986 627 2045 Theodosium,
665 1988 783 2052 quod
806 1989 957 2035 «Inter
989 1987 1099 2034 haec
1133 1987 1282 2034 omnia
1314 2005 1367 2034 ex
1402 1987 1501 2051 ipso
1531 1986 1657 2034 initio

187 2063 364 2128 imperii
401 2065 470 2112 sui
506 2082 592 2112 non
633 2065 803 2129 quievit
841 2064 1101 2112 iustissimis
1142 2075 1185 2111 et
1228 2062 1655 2111 misericordissimis

187 2139 364 2204 legibus
398 2140 613 2188 adversus
650 2141 814 2205 impios
855 2140 1071 2188 laboranti
1120 2139 1335 2187 eeclesiae
1386 2139 1651 2195 subvenire;

189 2233 325 2280 quam
337 2207 496 2264 Valens
514 2215 767 2264 haereticus
779 2217 931 2264 favens
943 2216 1110 2263 arianis
1120 2216 1403 2263 vehementer
1413 2215 1630 2262 afflixerat
1642 2234 1650 2261 :

187 2291 550 2339 cuiusecclesiae
572 2309 621 2339 se
645 2292 889 2339 membrum
914 2309 1015 2339 esse
1037 2291 1180 2354 magis
1212 2309 1345 2356 quam
1371 2292 1417 2338 in
1441 2291 1575 2338 terris.
1596 2308 1656 2337 re-

188 2384 325 2431 gnare
359 2367 576 2432 gaudebat
605 2370 720 2429 (19).
737 2388 759 2413 »

258 2611 261 2614 .
283 2580 348 2623 (17)
369 2581 442 2614 Lib.
458 2583 485 2614 1.
499 2590 571 2624 cap.
585 2584 654 2615 XV.
676 2583 710 2614 in
730 2581 818 2623 quod
839 2590 937 2623 opus,
960 2580 1048 2623 quod
1069 2582 1118 2613 est
1139 2580 1332 2621 opusculum
1354 2580 1422 2610 XX.
1446 2578 1495 2610 Cf.
1526 2578 1573 2609 lo.
1602 2579 1653 2609 Fr.

186 2634 317 2666 Bernar.
334 2634 437 2666 Maria
451 2636 499 2667 De
512 2635 631 2668 Rubeis
645 2634 912 2668 admonitionem
928 2636 1129 2676 praeviam,
1149 2632 1336 2674 praesertim
1353 2640 1423 2671 cap.
1439 2632 1463 2662 1.
1479 2630 1535 2662 ubi
1550 2631 1653 2662 osten·

184 2685 236 2718 dit
249 2685 387 2728 primam
402 2687 501 2720 buius
513 2688 619 2729 operis
637 2689 761 2730 partem
776 2687 930 2720 maiorem
947 2696 1017 2720 esse
1039 2686 1211 2728 Aquinatis
1239 2688 1322 2726 opp.
1335 2684 1387 2716 ed.
1401 2684 1513 2716 venet.
1531 2692 1558 2715 s.
1571 2683 1654 2715 Tho·

186 2746 259 2770 mae
277 2741 363 2772 1754.
380 2739 459 2771 tom.
471 2741 541 2772 XX.
553 2749 624 2781 pag.
639 2745 709 2772 523.
727 2740 759 2772 et
772 2748 843 2780 pag.
862 2741 932 2772 542.

282 2790 349 2831 (18)
369 2790 471 2832 Epist.
494 2793 676 2824 CLXXXV.
695 2791 737 2824 ad
758 2791 900 2824 Bonisac.
916 2800 946 2823 c.
962 2793 1001 2823 V.
1018 2799 1049 2822 n.
1073 2793 1121 2822 17.
1138 2789 1188 2821 ed.
1206 2790 1306 2820 Maur.

283 2842 347 2883 (19)
370 2844 419 2875 De
433 2845 528 2876 civil.
544 2846 607 2877 Dei
628 2845 683 2877 lib.
702 2846 742 2876 V.
760 2853 830 2885 cap.
848 2845 961 2876 XXVI.
979 2853 1012 2875 n.
1036 2849 1060 2875 1.

296 2911 327 2946 ll
1528 2912 1570 2944 23
