1980 3260
331 264 427 326 -4‘4'6-
571 276 657 324 im.
686 291 741 323 11.-
761 289 872 323 sacr.
900 275 1148 322 urrunnu
1173 287 1338 321 rorusr.
1363 272 1532 321 nectus.
1584 296 1586 299 -
1768 336 1775 339 ν

331 371 530 419 minatim
565 357 878 433 impedimenta
918 366 1172 433 dirimenti'a
1205 366 1481 432 ‘constituere
1521 367 1607 414 non
1647 371 1794 433 posse:

330 448 440 514 Nam
474 445 703 511 potestatis
737 444 893 492 civilis·
908 443 1126 510 obiectum
1150 453 1219 491 est
1239 443 1406 509 bonu—m
1431 460 1665 507 commune
1690 443 1797 491 sub:

329 524 519 589 ditorum
553 532 683 586 prout
704 522 817 567 'cives
842 530 946 567 sunt
969 527 1012 567 et
1033 519 1235 586 membra
1251 519 1485 568 societatis
1506 520 1577 567 cui
1602 525 1800 586 potestas

328 601 427 667 ipsa
457 605 663 664 praeest,
692 614 917 665 quamque
950 596 1061 660 regit
1084 613 1135 643 ac
1158 595 1427 644 moderatur.
1458 596 1613 661 Totum
1633 596 1804 644 idcirco

329 675 547 723 eiusmodi
581 672 802 721 obiectum
836 682 1062 720 externum
1097 681 1185 729 est,
1215 689 1303 719 non
1329 682 1476 739 autem
1500 673 1720 720 internum
1746 689 1800 720 ac

330 738 628 807 individuale,
650 749 769 815 quod
789 737 857 796 ab
862 749 1057 796 humano
1083 749 1338 813 principatu
1361 766 1442 797 nec
1467 749 1634 796 directe
1655 764 1802 814 neque

329 828 544 875 indirecte
575 837 719 893 potest
747 827 932 891 attingi,
964 836 1115 891 utpote
1145 825 1368 873 humanae
1400 826 1693 874 directionis·
1681 843 1804 874 mea-

329 911 451 969 pax,
475 921 575 951 cum
605 903 687 951 soli
722 903 815 950 Deo
850 913 983 967 atque
1015 901 1314 950 conscientiae
1347 906 1510 966 pateat.
1540 901 1656 950 Hinc
1675 902 1802 970 leges

328 983 447 1027 mere
480 979 702 1026 humanae
733 988 938 1047 poterunt
960 977 1141 1063 quidem
1167 987 1293 1024 actus
1317 987 1520 1042 externos
1544 978 1709 1042 civium
1725 985 1803 1043 re'-'

330 1043 606 1121 lationesque
640 1055 827 1103 sociales
861 1054 1027 1102 civium
1053 1054 1149 1102 sive
1179 1054 1292 1101 inter
1313 1071 1390 1110 se,
1423 1053 1519 1102 sive
1547 1071 1647 1102 cum
1680 1054 1805 1119 priri-

329 1132 429 1197 cipe
460 1132 560 1197 ipso
591 1131 794 1188 afficere3
835 1131 1041 1196 poterunt
1073 1148 1189 1196 quae
1223 1130 1446 1195 publicam
1483 1133 1563 1177 aut
1587 1123 1805 1195 privatam

329 1213 500 1255 morum
536 1207 813 1255 honestatem
836 1245 845 1263 ‚
884 1206 1076 1271 quietem
1117 1210 1170 1253 ac
1207 1205 1577 1270 tranquillitatem
1605 1201 1805 1268 xfelicitz'i'-

329 1273 505 1349 tem'qu‘e
522 1282 806 1347 temporalem
826 1281 1105 1329 subditorum
1125 1281 1346 1344 attingunt
1362 1289 1643 1347 promovere,
1667 1282 1802 1347 atque

328 1360 529 1416 amoliri,
562 1357 790 1424 quaeillis
818 1358 1134 1414 adversantur;
1170 1366 1376 1422 poterunt
1411 1358 1458 1405 in
1492 1358 1805 1424 delinqu‘entes¹

327 1435 482 1500 poenis
502 1434 869 1490 animadvertere,
894 1451 946 1481 ac
965 1433 1004 1481 si
1024 1451 1139 1499 quae
1156 1433 1245 1481 alia
1263 1444 1367 1481 sunt
1390 1433 1803 1482 huiusmodiglntra

328 1512 449 1559 hunc
466 1511 640 1577 cyclum
664 1520 754 1559 tota
777 1520 1025 1558 coarctatur
1048 1510 1245 1558 humana
1262 1520 1481 1575 potestas;
1509 1521 1630 1558 extra
1653 1509 1801 1576 ipsum

330 1588 419 1635 iam
445 1605 532 1636 non
560 1587 721 1653 poterit
748 1604 1001 1644 excurrere,
1032 1587 1140 1652 quia
1165 1587 1351 1634 materia
1370 1605 1419 1635 se
1438 1579 1803 1635 subtrabit'illius

328 1664 523 1721 obtutui,
546 1681 626 1712 nec
650 1664 943 1711 humanarum
966 1664 1112 1727 legum
1142 1663 1363 1711 obiectum
1385 1681 1487 1712 esse
1514 1672 1658 1749 potest
1674 1663 1801 1726 (12)

426 1741 520 1787 Iam
551 1757 656 1788 vero
685 1739 882 1803 coniugii
909 1739 1141 1787 vinculum
1170 1737 1291 1787 unde
1313 1740 1467 1787 oritur
1482 1738 1672 1787 societas
1699 1737 1804 1786 con-

327 1815 488 1879 iugalis
523 1825 660 1863 totum
695 1815 916 1862 internum
949 1824 1040 1872 est,
1075 1825 1209 1880 atque
1240 1815 1296 1862 ad
1328 1814 1627 1863 conscientiae
1660 1807 1803 1862 forum

329 1892 458 1939 u'nice
492 1902 685 1956 spectat;
719 1892 782 1939 ab
799 1903 899 1939 actu
922 1909 1042 1939 mere
1075 1891 1249 1939 interno
1276 1891 1523 1939 vvoluntatis
1556 1887 1799 1948 enascitur,

328 1966 399 2014 cui
433 1967 554 2014 nulla
587 1967 782 2014 humana
816 1977 1010 2033 potestas
1030 2006 1040 2024 ,
1069 1967 1107 2015 si
1132 1967 1275 2024 desit,
1315 1966 1523 2033 supplere
1542 1974 1727 2030 potest,
1749 1966 1804 2013 ‘ut

329 2043 375 2090 in
399 2044 585 2091 caeteris
610 2044 908 2092 contractibus
939 2061 1085 2091 rerum
1109 2043 1386 2092 externarum
1402 2082 1412 2101 ,
1440 2060 1556 2108 quae
1579 2042 1804 2090 humanae

327 2120 609 2185 dispositioni
633 2131 677 2169 et
701 2120 949 2170 auctoritati
986 2120 1174 2168 subesse
1207 2130 1419 2185 possunt,
1452 2118 1703 2168 cuiusmodi
1727 2111 1797 2167 ex.

424 2272 563 2314 (12)·Cl”.
583 2273 679 2305 Biner
695 2282 748 2314 op.
764 2275 795 2306 et
812 2274 873 2306 l'oc.
892 2274 948 2306 cit.
964 2283 996 2317 p.
1011 2275 1036 2305 1.
1051 2282 1081 2306 c.
1097 2275 1122 2305 1.
1140 2282 1174 2314 q.
1192 2277 1222 2306 5.
1237 2272 1449 2305 concl.'2.ubi
1461 2272 1545 2304 inter
1555 2267 1802 2304 cetera³scfibitz

331 2325 536 2367 =-1)tsparitas
554 2324 753 2357 desumenda
773 2329 822 2359 est
839 2335 879 2358 ex
898 2327 961 2358 tine
983 2326 1152 2367 utriusque
1177 2325 1362 2367 potestatis,
1381 2325 1617 2358 ecclesiasticae
1638 2324 1807 2358 scilicetet

328 2377 489 2419 politicae.
506 2376 565 2409 llla
581 2376 742 2418 siquidem
757 2386 816 2417 pro
832 2378 894 2410 fine
910 2378 1006 2410 habet
1020 2379 1141 2410 rectam
1164 2377 1431 2418 gubernationem
1449 2377 1686 2410 ecclesiasticae
1701 2377 1804 2419 reipu-

330 2430 432 2463 blicae
454 2430 488 2462 in
513 2430 627 2463 ordine
652 2429 694 2461 ad
720 2429 816 2462 finem
843 2431 1143 2472 supernaturalem,
1165 2430 1399 2463 beatitudinem
1425 2438 1540 2471 nempe
1567 2422 1806 2463 aeternammd‘

329 2492 426 2524 quem
455 2483 552 2516 linem
584 2484 675 2515 aetus
702 2482 821 2514 interni
847 2484 1038 2524 cumprimis
1061 2484 1236 2526 opportuni
1263 2485 1340 2516 sunt
1361 2485 1394 2516 ct
1416 2483 1598 2516 necessarii.
1616 2482 1705 2515 Finis
1726 2491 1804 2515 vero

330 2534 499 2577 potestatis
516 2537 549 2568 et
568 2534 804 2568 'iurisdictionis
825 2535 978 2576 politicae
998 2538 1048 2568 est
1071 2539 1160 2569 recta
1182 2536 1373 2577 gubernatio
1394 2535 1590 2577 reipublicae
1601 2534 1755 2567 secularis
1769 2533 1804 2566 in

328 2588 442 2620 ordine
455 2588 502 2620 ad·
511 2587 636 2620 felicem
648 2587 793 2619 eiusdem
805 2588 926 2619 statum
945 2588 1054 2628 quoad
1073 2590 1208 2621 externa
1227 2598 1326 2630 procu
1332 2588 1468 2621 randum
1481 2589 1514 2620 et
1527 2581 1800 2620 conservandum:

330 2643 367 2673 ut
380 2637 495 2682 nempe
509 2649 565 2682 per
579 2640 724 2673 salubres
748 2641 832 2681 leges
857 2648 918 2680 pax
940 2641 972 2672 et
989 2641 1208 2682 tranquillitas
1231 2642 1356 2674 civium
1376 2640 1545 2681 foveatur,
1561 2639 1805 2672 administretur

326 2694 468 2734 iustitia,
493 2703 588 2726 nemo
611 2693 653 2726 ab
674 2694 777 2726 altero
801 2693 964 2731 laedatur,
982 2695 1015 2725 et
1027 2702 1122 2726 suum
1137 2695 1256 2736 cuique
1277 2694 1441 2727 tribuatur
1454 2706 1470 2722 υ
1485 2693 1581 2731 Quod
1600 2691 1718 2725 deinde
1735 2691 1808 2725 fuse

329 2747 537 2787 prosequitur
551 2771 561 2787 ,
587 2746 751 2787 solvitque
777 2745 986 2778 difficultates
1005 2773 1015 2789 ‚
1040 2755 1125 2787 quae
1151 2747 1230 2780 huie
1258 2747 1418 2789 principio
1439 2745 1603 2778 adversari
1629 2745 1803 2786 videnturg

327 2799 534 2840 ostenditque
547 2808 652 2841 neque
665 2799 795 2832 directe
813 2807 918 2840 neque
935 2798 1106 2832 indirecte
1132 2800 1314 2832 humanum
1337 2799 1553 2841 legislatorem
1571 2807 1647 2831 eum
1661 2792 1808 2831 externis

329 2861 422 2892 posse
432 2854 523 2884 actus
537 2853 679 2885 internos
691 2853 873 2894 praecipere
883 2853 940 2884 aut
949 2852 1131 2893 prohibere.
1141 2852 1294 2884 sufficere
1305 2861 1382 2884 vero
1392 2852 1422 2884 ei
1434 2855 1629 2884 consensum
1639 2850 1802 2883 internum

330 2904 362 2935 in
378 2906 543 2937 contracta
559 2906 635 2938 ture
651 2904 811 2937 naturali
827 2904 947 2946 requiri
963 2913 1002 2937 ne
1015 2905 1215 2937 contrahens
1237 2905 1422 2944 mentiatur,
1439 2913 1477 2937 ac
1491 2904 1627 2937 alterum
1646 2902 1797 2945 decipiat.
