1980 3260
261 276 350 308 mr.
369 277 414 308 ιι.
433 277 484 309 ni:
505 277 643 309 roras.
664 276 800 309 nunc.
820 277 901 309 rm.
920 277 1001 309 cm.
1021 277 1147 309 mna.
1163 276 1325 309 cnmsr.
1345 277 1438 309 Aur.
1459 276 1520 308 111.
1564 261 1653 307 407

279 353 475 401 Alterum
510 355 629 419 quod
660 354 789 402 nobis
823 372 849 401 a
879 355 1030 403 Nestio
1064 355 1271 403 obiicitur
1299 356 1461 403 factum
1487 366 1556 402 est
1578 356 1658 402 Lu-

183 430 329 478 dovici
365 448 644 478 romanorum
680 431 981 495 imperatoris,
1010 431 1087 495 qui
1114 443 1350 496 postquam
1384 443 1655 479 contractum

184 505 298 554 inter
331 507 538 554 Ioannem
574 507 691 570 regis
726 506 961 554 Bohemiae
997 507 1136 553 filium
1174 519 1410 572 perpetuae
1444 508 1657 572 impoten-

183 583 270 630 tiae
294 582 576 630 ·laborantem
612 583 954 647 impedimento,
982 595 1025 630 et
1048 584 1367 646 Margaretham
1397 584 1657 632 Karinthiae

179 659 406 706 dominam
441 659 771 707 matrimonium
806 659 1033 716 dissolvit,
1068 660 1369 723 Margarethae
1403 660 1656 708 facultatem

180 733 330 790 dedit,
368 745 419 781 ut
451 734 671 782 Ludovico
705 735 912 782 Ludovici
959 735 1239 799 imperatoris
1282 736 1373 783 filio
1412 737 1655 784 Marchioni

179 810 565 874 Brandeburgensi
601 811 866 859 consobrino
895 830 976 859 suo
1004 812 1204 859 nuberet.
1233 813 1283 858 In
1309 813 1436 860 cuius
1467 814 1528 860 rei
1554 832 1657 878 pro-

178 886 403 935 bationem
435 887 651 952 prolixam
683 887 913 936 formulam
948 888 1148 935 eiusdem
1183 888 1313 936 affert
1346 890 1651 954 imperatoris,

178 973 331 1029 utpote
365 980 480 1027 quae
514 963 570 1009 ad
606 963 794 1010 instituti
840 963 1006 1021 nostri,
1050 965 1225 1028 inquit,
1273 967 1487 1012 rationem
1523 967 1656 1030 perti—

180 1050 256 1087 net
283 1041 432 1101 (110).
470 1039 602 1086 Porro
636 1039 682 1084 in
717 1039 802 1086 hac
835 1039 1024 1086 formula
1057 1040 1222 1087 mentio
1257 1040 1305 1087 fit
1341 1051 1431 1086 tum
1467 1041 1657 1106 impedi-

177 1125 425 1164 mentorum
459 1115 786 1172 dirimentium,
821 1133 937 1180 quae
970 1115 1227 1164 auctoritate
1261 1116 1380 1164 civili
1417 1118 1655 1165 constituta

178 1202 307 1248 sunt,
336 1202 428 1238 tum
453 1192 609 1239 veniae
644 1209 778 1256 quam
813 1191 1073 1257 suppliciter
1098 1193 1285 1241 Ioannes
1309 1204 1352 1240 et
1375 1195 1652 1258 Margaretha

177 1270 235 1317 ab
269 1270 527 1335 auctoritate
562 1269 781 1334 imperiali
823 1270 1064 1334 petierunt3
1094 1281 1185 1317 tum
1210 1271 1493 1319 relaxationis
1519 1290 1654 1336 quam
1698 1311 1702 1317 .

178 1346 327 1412 reipsa
362 1346 610 1394 Ludovicus
646 1347 904 1394 auctoritate
929 1347 1106 1411 propria
1130 1348 1364 1395 concessit.
1391 1350 1495 1395 Post
1518 1366 1647 1413 quae,

179 1423 244 1470 sic
277 1422 391 1485 ela-to
427 1422 664 1487 supercilio
700 1422 906 1469 lectorem
932 1440 1060 1470 suum
1086 1424 1262 1471 Nestius
1292 1424 1541 1488 compellat.
1572 1426 1655 1472 Po-

177 1500 316 1547 tuitne
349 1500 590 1564 imperator
623 1499 913 1564 explicatius,
946 1500 1175 1547 nervosius
1211 1518 1261 1548 ac
1296 1501 1653 1564 magnificentius

175 1575 341 1644 loqui?
371 1577 437 1622 Ex
472 1575 837 1640 locupletissimis
872 1575 1007 1638 igitur
1046 1576 1264 1623 rationum
1299 1576 1560 1633 momentis,
1601 1593 1653 1624 ac

175 1652 427 1700 certissima
473 1652 687 1699 factorum
724 1651 838 1699 serie
871 1651 1132 1715 intelligitur
1165 1670 1374 1718 suprema
1420 1670 1573 1716 regum
1608 1652 1653 1698 in

174 1729 461 1778 concedenda
502 1729 1061 1794 iniustarumnuptiarum
1102 1729 1231 1776 venia
1255 1768 1264 1786 ,
1305 1736 1517 1794 potestas.
1557 1730 1651 1776 Non

176 1806 311 1870 igitur
343 1805 558 1853 ecclesiae
576 1844 585 1862 ,
617 1823 705 1853 non
732 1822 840 1852 rom.
866 1806 1124 1869 pontificum
1149 1844 1157 1862 ,
1198 1823 1284 1853 non
1318 1807 1646 1871 episcoporum,

174 1882 258 1931 sed
291 1882 543 1948 principum
579 1899 821 1946 regumque
845 1893 912 1929 est
936 1882 1240 1929 dirimentium
1275 1882 1558 1929 matrimonia
1590 1882 1653 1929 le-

174 1976 281 2023 gum
315 1958 617 2006 auctoritatem
652 1958 874 2005 remittere
887 1983 901 2014 ·,
941 1969 1255 2023 exoratamque
1291 1958 1337 2004 in
1371 1958 1517 2006 vetitis
1546 1975 1652 2005 con-

175 2033 285 2097 iugii
323 2033 535 2098 gradibus
570 2034 745 2081 veniam
782 2034 1005 2081 tribuere:
1046 2051 1098 2080 eo
1136 2051 1319 2098 prorsus
1360 2034 1491 2081 modo
1515 2072 1525 2090 ,
1564 2051 1651 2099 quo

172 2110 432 2158 dirimentes
479 2110 806 2158 matrimonium
856 2110 976 2173 leges
1021 2111 1210 2157 condere
1256 2110 1312 2157 ad
1359 2111 1606 2174 principem
1636 2149 1645 2165 ,

176 2204 264 2235 non
288 2186 345 2234 a‘d
376 2185 611 2233 ecclesiam
636 2203 687 2233 ac
712 2186 946 2250 pontifices
977 2186 1195 2250 pertinere
1229 2185 1661 2233 demonstravimus.⁴

175 2263 402 2319 Hactenus
427 2252 516 2308 ille.
1634 2321 1636 2323 Ι

270 2339 428 2385 Verum
456 2354 542 2385 non
573 2337 762 2394 adiecit,
785 2338 904 2401 quod
928 2338 1118 2385 maxime
1136 2339 1367 2394 intererat,
1392 2354 1550 2401 nempe
1567 2338 1650 2382 Lu-

173 2414 382 2462 dovicum
402 2413 522 2460 hunc
541 2412 680 2460 suisse
698 2413 968 2461 Ludovicum
986 2407 1224 2471 Bavarum,
1248 2414 1417 2460 scilicet
1437 2412 1650 2460 schisma—

176 2490 337 2547 ticum,
377 2491 505 2538 cuius
541 2489 732 2552 theologi
762 2489 937 2536 fuerunt
962 2491 1147 2537 loannes
1173 2507 1199 2536 a
1224 2489 1424 2536 lauduno
1458 2499 1501 2534 et
1535 2488 1648 2534 Mar—

174 2567 303 2616 silius
346 2563 582 2615 patavinus
629 2566 825 2614 damnati
868 2584 894 2613 a
935 2585 1044 2615 rom.
1091 2567 1376 2633 pontificibus
1423 2576 1647 2629 tamquam

272 2727 358 2767 (110)
380 2727 474 2765 Quod
493 2728 521 2759 ei
543 2728 674 2759 difficile
695 2736 758 2759 non
781 2727 859 2768 snit;
877 2736 951 2760 nam
967 2728 1122 2769 integram
1142 2737 1211 2759 eam
1237 2726 1406 2758 formulam
1429 2725 1545 2765 reperit
1563 2725 1648 2766 apud

177 2781 358 2813 Launoium
376 2781 410 2812 in
424 2781 480 2813 cit.
497 2790 550 2822 op.
566 2783 649 2822 part.
666 2782 720 2812 111.
737 2783 799 2813 art.
816 2782 842 2813 Ι.
859 2790 930 2822 cap.
947 2782 1003 2813 lx.
1018 2786 1091 2822 pag.
1109 2786 1164 2813 861
1183 2789 1273 2821 seqq.
1290 2781 1335 2811 Ne
1355 2782 1463 2810 tamen
1484 2777 1647 2810 videretur

174 2843 215 2865 ex
231 2833 312 2866 adeo
328 2834 454 2875 impuro
471 2835 558 2866 sonte
573 2843 606 2865 se
620 2834 747 2866 haurire
769 2843 826 2865 sua
847 2835 925 2866 hacc
948 2835 1138 2866 ‹lucunienta
1159 2835 1189 2865 vt
1206 2833 1409 2872 argumenta,
1425 2831 1517 2862 cavet
1534 2829 1646 2862 scdulo

176 2886 320 2926 Nemus,
345 2896 386 2918 ne
417 2896 561 2927 unquam
587 2888 767 2919 Launoium
790 2888 942 2919 nominet.
