1980 3260
271 260 364 293 CAP.
377 259 435 293 Vl.
450 260 501 293 m:
519 262 644 294 uun.
658 261 834 294 nanum.
850 260 933 294 [NT.
951 260 998 293 si:
1017 260 1096 293 vm.
1113 259 1198 293 CUM
1217 259 1337 293 cam.
1356 260 1448 293 ΛΒΤ.
1466 261 1522 293 lv.
1585 245 1671 291 261

305 339 349 384 7.
390 338 439 384 In
474 338 700 404 plerisque
726 338 959 386 Helvetiae
978 337 1234 403 provinciis.

303 415 348 460 8.
389 415 438 461 In
472 414 616 462 Dania
642 416 791 477 (103).

301 492 345 536 9.
385 491 436 537 In
469 491 702 555 Norvegia.
1600 544 1602 547 ¹

300 567 379 612 10.
418 567 468 612 111
493 567 749 630 regionibus
772 566 1158 615 schismaticorum
1181 577 1225 614 et
1246 567 1575 627 haereticorum
1593 567 1684 626 sub

204 641 371 691 ditione
404 642 570 689 turcica
595 653 672 691 aut
698 643 871 706 persica
897 643 1174 709 aliorumque
1199 643 1446 691 infidelium
1471 645 1622 706 (104).

299 793 412 840 Loca
440 792 690 858 dequibus
720 794 869 843 adhuc
894 795 1079 842 dubium
1113 796 1231 858 viget
1259 806 1406 843 utrum
1437 796 1569 843 fuerit
1600 814 1681 844 nec

202 885 258 917 ne
285 868 559 934 publicatum
601 870 778 918 concilii
825 871 1053 918 tridentini
1093 871 1319 919 decretum
1359 872 1417 920 ad
1456 872 1677 936 Europam

202 946 463 1010 spectantia.
760 959 762 961 ’
1243 1001 1245 1003 ,

303 1022 349 1067 1.
388 1022 570 1069 Brema'e
602 1022 650 1069 in
680 1022 846 1070 circulo
875 1023 1093 1070 Saxoniae
1123 1023 1346 1070 inferioris
1368 1061 1379 1079 ,
1418 1040 1538 1070 nunc
1579 1034 1682 1087 post

202 1113 491 1161 congressum
516 1097 804 1145 viennensem
837 1116 910 1146 an.
934 1100 1077 1145 1815.
1106 1098 1246 1145 libera
1270 1099 1495 1146 declarata
1527 1101 1676 1161 (105).

268 1191 279 1225 j
295 1174 345 1220 Ξῖ.
384 1174 433 1221 In
453 1173 668 1228 Valachia
690 1191 744 1222 ex
770 1175 851 1233 iis,
876 1190 994 1240 quae
1017 1186 1119 1240 post
1144 1192 1310 1222 annum
1336 1177 1479 1222 1708.
1502 1175 1560 1222 ad
1586 1193 1676 1222 sac.

202 1266 409 1314 congreg.
439 1250 496 1297 de
521 1252 817 1316 propaganda
840 1251 928 1299 fide
952 1252 1141 1300 deducta
1165 1262 1269 1299 sunt
1290 1254 1439 1315 (106).

268 1373 270 1377 ,
300 1327 349 1375 3,.
370 1326 420 1374 In
431 1326 653 1391 Bulgaria‚
670 1329 907 1394 praecipue
922 1346 1026 1377 vero
1040 1330 1086 1375 in
1099 1329 1294 1387 dioecesi
1313 1329 1506 1394 Sophiae
1529 1331 1676 1391 (107).

298 1457 386 1498 (103)
407 1458 530 1489 Harum
552 1457 700 1490 omnium
720 1458 886 1498 regionum
908 1467 973 1491 una
995 1459 1173 1500 eademque
1197 1460 1246 1491 est
1272 1458 1371 1499 ratio,
1387 1458 1465 1499 quia
1487 1459 1582 1499 longe
1608 1458 1681 1490 ante

207 1518 260 1542 an.
281 1513 371 1542 1563.
388 1518 453 1551 quo
466 1509 590 1542 editum
608 1511 657 1542 est
674 1510 805 1542 concilii
827 1510 995 1543 tridentini
1020 1511 1185 1543 decretum
1206 1511 1271 1542 iam
1291 1511 1472 1543 defecerant
1486 1519 1542 1551 per
1556 1511 1682 1551 aposta-

205 1562 289 1596 siam
303 1562 400 1596 afide
410 1563 588 1604 catholica;
603 1563 704 1595 imrno
719 1563 894 1596 nonnullae
918 1564 993 1596 ante
1015 1573 1068 1596 an.
1087 1567 1178 1596 1545.
1195 1573 1262 1604 quo
1284 1565 1498 1596 convocatum
1520 1563 1582 1595 fuit
1604 1571 1679 1595 con-

206 1616 322 1649 cilium
339 1617 510 1650 haereseos
527 1624 652 1650 veneno
666 1617 732 1649 iam
746 1617 884 1650 infectae
899 1618 1001 1649 erant.
1019 1616 1166 1649 Helvetia
1191 1617 1256 1648 iam
1271 1617 1312 1649 ab
1328 1625 1412 1649 anno
1432 1621 1521 1649 1519.
1533 1616 1684 1649 Wittem-

206 1668 324 1710 bergae
338 1669 452 1702 eodem
466 1669 534 1702 fere
547 1670 695 1711 tempore
707 1678 746 1702 ac
759 1670 911 1702 universa
925 1669 1082 1710 Saxonia3
1099 1669 1211 1701 Svecia
1221 1669 1262 1701 ab
1277 1678 1330 1701 an.
1342 1669 1520 1701 1523.1tem
1536 1668 1639 1701 Dania
1652 1671 1685 1702 et

208 1722 256 1755 sic
272 1722 470 1765 plusminus
482 1723 626 1763 reliquae
637 1723 799 1756 eiusmodi
817 1723 964 1763 regiones
979 1722 1021 1755 ab
1036 1722 1171 1755 ecclesia
1186 1722 1306 1754 Christi
1321 1722 1486 1762 separatae
1501 1722 1588 1753 sunt.

303 1776 391 1817 (104)
412 1777 482 1808 Hae
495 1775 649 1808 nimirum
664 1784 780 1816 parum
796 1775 955 1808 sollicitae
969 1775 1100 1808 suerunt
1114 1774 1326 1816 cognoscendi
1341 1775 1426 1815 leges
1441 1774 1482 1806 ab
1493 1774 1628 1807 ecclesia
1640 1775 1684 1807 la-

206 1829 293 1870 tina,
309 1829 347 1861 ut
359 1829 448 1870 ipsae
464 1829 540 1869 loqu
546 1830 644 1861 untur
655 1853 665 1869 ‚
680 1828 831 1860 sancitas.

300 1881 388 1922 (105)
409 1881 573 1922 Scriptum
587 1882 637 1914 est
651 1890 671 1913 a
683 1880 915 1922 s.congreg.de
928 1889 1060 1922 propag.
1073 1880 1137 1913 fide
1153 1880 1206 1913 die
1229 1884 1276 1913 14.
1293 1880 1355 1912 Iul.
1371 1880 1596 1913 1764.Vicario
1610 1888 1684 1921 apo-

204 1934 281 1968 stol.
293 1934 502 1967 missionum:
515 1947 531 1963 ιι
541 1935 625 1966 Gum
638 1935 763 1966 constet
774 1934 869 1966 istam
881 1933 1048 1966 eeclesiam
1063 1934 1190 1966 nonnisi
1202 1935 1276 1975 post
1282 1933 1501 1974 Westphaliae
1513 1933 1687 1965 tractatum

206 1987 383 2029 episcopali
402 1986 478 2020 sede
500 1986 598 2019 ruisse
621 1987 791 2028 spoliatam
807 1988 840 2019 et
857 1986 899 2018 ad
913 1987 1091 2019 secularem
1105 1986 1242 2018 formam
1263 1986 1362 2018 fuisse
1383 1985 1568 2025 redactam,
1591 1984 1684 2016 dubi-

205 2039 297 2072 tandi
312 2039 405 2072 locus
421 2038 530 2072 adhuc
551 2038 765 2080 relinquitur,
790 2047 870 2071 num
895 2038 1013 2079 aliquis
1041 2039 1211 2079 episcopus
1233 2037 1340 2070 medio
1365 2037 1422 2069 illo
1440 2038 1585 2078 tempore
1610 2045 1685 2068 con-

205 2091 320 2125 cilium
335 2091 600 2134 promulgaverit.
612 2091 708 2130 Quod
721 2100 799 2124 vero
813 2091 929 2124 attinet
942 2090 984 2123 ad
1004 2091 1212 2124 matrimonia
1237 2099 1320 2132 quae
1342 2099 1418 2122 cum
1440 2089 1610 2122 haereticis
1629 2091 1686 2122 aut

205 2153 318 2178 eoram
333 2144 492 2178 ministris
501 2144 692 2177 acatholicis
702 2144 954 2185 contrahuntur,
971 2153 998 2177 s.
1014 2152 1162 2185 congreg.
1177 2143 1304 2177 censuit
1317 2142 1425 2175 valida
1442 2141 1575 2183 quidem
1597 2151 1685 2183 esse,

206 2196 265 2231 sed
286 2196 418 2237 illicita,
443 2195 678 2237 uitandumque
687 2198 738 2230 est
749 2197 918 2238 propterea
932 2196 1161 2238 missionariis‚
1177 2197 1215 2229 ut
1229 2196 1263 2228 in
1277 2196 1342 2228 iam
1355 2195 1530 2227 contractis
1543 2203 1617 2236 pars
1633 2204 1684 2227 ca-

205 2249 329 2282 tholica
349 2248 468 2282 debitis
488 2248 693 2289 poenitentiis
720 2257 756 2281 se
775 2248 948 2289 subiiciat,
970 2249 1003 2281 et
1023 2249 1113 2281 omni
1136 2257 1198 2290 ope
1222 2248 1401 2281 haereticae
1427 2248 1528 2290 partis
1553 2257 1685 2280 conver-

207 2301 352 2342 sionem,
366 2301 400 2334 et
416 2300 518 2342 prolis
533 2301 567 2332 in
582 2301 737 2342 religione
753 2301 913 2334 catholica
935 2300 1158 2334 educationem
1178 2302 1286 2343 θυι-θη
1299 2301 1334 2333 in
1354 2301 1583 2333 contrahendis
1608 2309 1686 2332 vero

208 2353 386 2386 hortandos
398 2361 468 2386 esse
482 2351 603 2394 fideles,
614 2354 651 2386 ut
663 2361 700 2387 se
712 2361 733 2386 a
745 2352 803 2386 tali
823 2353 946 2386 nefaria
958 2355 991 2387 et
1005 2353 1185 2386 detestabili
1199 2353 1427 2386 coniunctione
1439 2353 1571 2385 omnino
1589 2352 1685 2384 absti-

208 2406 339 2440 neunt.»

305 2459 392 2501 (106)
413 2461 452 2493 In
465 2469 576 2501 congr.
591 2459 632 2493 de
647 2469 741 2502 prop.
752 2459 818 2494 tide
831 2460 884 2494 die
898 2465 949 2494 29.
964 2460 1041 2493 Maii
1056 2468 1109 2492 an.
1127 2463 1238 2493 1783.«
1249 2460 1456 2493 Eminentiss.
1473 2460 1685 2492 decreverunt

207 2519 273 2544 non
291 2514 440 2547 constare
458 2521 499 2545 ex
522 2513 564 2546 iis
589 2522 673 2554 quae
696 2514 921 2555 proponuntur
946 2512 988 2546 de
1010 2513 1230 2554 publicatione
1249 2522 1344 2546 conc.
1359 2512 1436 2545 trid.
1451 2511 1559 2552 quoad
1575 2511 1683 2542 matri-

208 2564 320 2597 monia
340 2565 553 2598 clandestina.
574 2567 675 2599 curet
699 2568 808 2599 tamen
830 2566 1020 2608 episcopus,
1042 2574 1083 2598 ne
1101 2566 1171 2598 ullo
1191 2565 1290 2598 modo
1307 2566 1370 2598 ista
1385 2565 1603 2603 celebrentur,
1627 2571 1686 2595 nec

208 2618 339 2650 omittat
361 2627 490 2660 gregem
508 2628 604 2652 suum
622 2628 769 2661 monere,
786 2619 875 2661 quod
889 2620 1052 2653 catholica
1073 2619 1211 2652 ecclesia
1233 2627 1360 2660 semper
1374 2627 1411 2650 ea
1423 2617 1607 2650 abominata
1619 2640 1629 2656 ‚
1648 2625 1686 2648 ac

208 2671 368 2706 detestata
380 2673 462 2706 est.»
476 2674 510 2706 et
524 2673 566 2706 ad
583 2678 613 2706 3.
630 2673 766 2706 dubium
779 2698 790 2715 ‚
804 2682 887 2715 resp.
906 2687 922 2702 ιι
932 2673 1139 2706 Matrimonia
1157 2673 1198 2706 de
1215 2673 1334 2714 quibus
1350 2673 1455 2712 agitur
1476 2671 1566 2703 nullo
1587 2670 1686 2702 modo

210 2732 280 2758 esse
296 2725 441 2759 invalida
464 2734 504 2759 ac
527 2726 618 2759 nulla
634 2739 649 2755 »ι
660 2727 788 2760 ethaeo
801 2727 932 2768 quidem
951 2726 998 2760 ita
1015 2727 1157 2759 resoluta
1174 2727 1251 2759 sunt
1273 2726 1346 2766 post
1365 2723 1607 2756 informationes
1620 2723 1685 2764 epi-

209 2777 299 2819 scopi
324 2778 536 2819 nicopolitani
558 2779 623 2812 iam
652 2779 694 2812 ab
716 2788 770 2812 an.
788 2783 878 2813 1778.

304 2830 393 2872 (107)
412 2833 460 2864 Ex
473 2831 561 2865 decr.
575 2841 603 2865 s.
618 2832 677 2865 off.
693 2837 743 2866 31.
755 2833 892 2874 August.
904 2836 992 2866 1758.
1004 2833 1093 2874 quod
1105 2833 1151 2866 ita
1164 2841 1198 2866 se
1212 2832 1323 2864 habet:
1335 2844 1349 2859 ιι
1360 2829 1612 2863 sanctissimus..
1623 2837 1687 2860 ,311-

212 2881 290 2916 ditis
304 2883 502 2918 eminentiss.
517 2885 680 2927 suffragiis
700 2886 845 2920 decrevit
857 2886 1143 2920 matrimonia....a
1156 2885 1324 2919 catholicis
1338 2883 1515 2924 celebrata,
1530 2884 1586 2916 aut
1603 2891 1685 2924 quae
