<?xml version="1.0" encoding="UTF-8"?>
<!DOCTYPE html PUBLIC "-//W3C//DTD XHTML 1.0 Transitional//EN"
    "http://www.w3.org/TR/xhtml1/DTD/xhtml1-transitional.dtd">
<html xmlns="http://www.w3.org/1999/xhtml" xml:lang="en" lang="en">
 <head>
  <title>
</title>
<meta http-equiv="Content-Type" content="text/html;charset=utf-8" />
  <meta name='ocr-system' content='tesseract 3.04.00' />
  <meta name='ocr-capabilities' content='ocr_page ocr_carea ocr_par ocr_line ocrx_word'/>
</head>
<body>
  <div class='ocr_page' id='page_1' title='image "a603380702perruoft_0237.png"; bbox 0 0 1980 3260; ppageno 0'>
   <div class='ocr_carea' id='block_1_1' title="bbox 282 232 1683 283">
    <p class='ocr_par' dir='ltr' id='par_1_1' title="bbox 282 232 1683 283">
     <span class='ocr_line' id='line_1_1' title="bbox 282 232 1683 283; baseline -0.002 -1"><span class='ocrx_word' id='word_1_1' title='bbox 282 249 373 282; x_wconf 73' lang='lat' dir='ltr'><strong>GAP.</strong></span> <span class='ocrx_word' id='word_1_2' title='bbox 392 250 449 282; x_wconf 90' lang='lat' dir='ltr'>Vl.</span> <span class='ocrx_word' id='word_1_3' title='bbox 466 250 516 282; x_wconf 83' lang='lat' dir='ltr'>DE</span> <span class='ocrx_word' id='word_1_4' title='bbox 535 250 659 283; x_wconf 73' lang='lat' dir='ltr'><strong>MATR.</strong></span> <span class='ocrx_word' id='word_1_5' title='bbox 678 248 854 282; x_wconf 71' lang='lat' dir='ltr'>numm.</span> <span class='ocrx_word' id='word_1_6' title='bbox 872 248 956 282; x_wconf 75' lang='lat' dir='ltr'>mr.</span> <span class='ocrx_word' id='word_1_7' title='bbox 974 249 1021 281; x_wconf 79' lang='lat' dir='ltr'>SR</span> <span class='ocrx_word' id='word_1_8' title='bbox 1038 246 1118 281; x_wconf 76' lang='lat' dir='ltr'>vm,</span> <span class='ocrx_word' id='word_1_9' title='bbox 1136 246 1220 282; x_wconf 75' lang='lat' dir='ltr'>CUM</span> <span class='ocrx_word' id='word_1_10' title='bbox 1234 247 1356 282; x_wconf 65' lang='lat' dir='ltr'>cun.</span> <span class='ocrx_word' id='word_1_11' title='bbox 1374 249 1467 282; x_wconf 72' lang='grc' dir='ltr'><strong>ΛΒΤ.</strong></span> <span class='ocrx_word' id='word_1_12' title='bbox 1483 247 1528 282; x_wconf 88' lang='lat'>11.</span> <span class='ocrx_word' id='word_1_13' title='bbox 1594 232 1683 280; x_wconf 71' lang='lat'>233</span> 
     </span>
    </p>
   </div>
   <div class='ocr_carea' id='block_1_2' title="bbox 206 328 1690 2602">
    <p class='ocr_par' dir='ltr' id='par_1_2' title="bbox 218 328 1688 698">
     <span class='ocr_line' id='line_1_2' title="bbox 218 328 1688 394; baseline -0.001 -18"><span class='ocrx_word' id='word_1_14' title='bbox 218 329 559 392; x_wconf 82' lang='lat' dir='ltr'>congregatione</span> <span class='ocrx_word' id='word_1_15' title='bbox 583 329 791 394; x_wconf 83' lang='lat' dir='ltr'>adoptata</span> <span class='ocrx_word' id='word_1_16' title='bbox 807 339 896 386; x_wconf 88' lang='lat' dir='ltr'>est,</span> <span class='ocrx_word' id='word_1_17' title='bbox 919 345 1034 393; x_wconf 86' lang='lat' dir='ltr'>quae</span> <span class='ocrx_word' id='word_1_18' title='bbox 1057 328 1241 392; x_wconf 86' lang='lat' dir='ltr'>insuper</span> <span class='ocrx_word' id='word_1_19' title='bbox 1263 328 1412 385; x_wconf 85' lang='lat' dir='ltr'>addit:</span> <span class='ocrx_word' id='word_1_20' title='bbox 1434 347 1458 374; x_wconf 84' lang='lat'>«</span> <span class='ocrx_word' id='word_1_21' title='bbox 1474 328 1688 384; x_wconf 85' lang='lat' dir='ltr'>Quamvis</span> 
     </span>
     <span class='ocr_line' id='line_1_3' title="bbox 218 404 1687 469; baseline -0.001 -17"><span class='ocrx_word' id='word_1_22' title='bbox 218 415 364 452; x_wconf 90' lang='lat' dir='ltr'>autem</span> <span class='ocrx_word' id='word_1_23' title='bbox 387 405 511 452; x_wconf 79' lang='lat' dir='ltr'>nulla</span> <span class='ocrx_word' id='word_1_24' title='bbox 533 407 622 453; x_wconf 77' lang='lat' dir='ltr'>sint</span> <span class='ocrx_word' id='word_1_25' title='bbox 645 405 744 452; x_wconf 76' lang='lat' dir='ltr'>haec</span> <span class='ocrx_word' id='word_1_26' title='bbox 773 406 1070 460; x_wconf 71' lang='lat' dir='ltr'>matrimonia,</span> <span class='ocrx_word' id='word_1_27' title='bbox 1103 404 1354 453; x_wconf 89' lang='lat' dir='ltr'>consultum</span> <span class='ocrx_word' id='word_1_28' title='bbox 1382 415 1529 453; x_wconf 83' lang='lat' dir='ltr'>tamen</span> <span class='ocrx_word' id='word_1_29' title='bbox 1551 421 1687 469; x_wconf 90' lang='lat' dir='ltr'>quam</span> 
     </span>
     <span class='ocr_line' id='line_1_4' title="bbox 218 479 1688 546; baseline -0.001 -19"><span class='ocrx_word' id='word_1_30' title='bbox 218 481 421 528; x_wconf 87' lang='lat' dir='ltr'>maxime</span> <span class='ocrx_word' id='word_1_31' title='bbox 445 482 530 529; x_wconf 86' lang='lat' dir='ltr'>erit</span> <span class='ocrx_word' id='word_1_32' title='bbox 557 482 603 528; x_wconf 89' lang='lat' dir='ltr'>in</span> <span class='ocrx_word' id='word_1_33' title='bbox 633 481 814 529; x_wconf 87' lang='lat' dir='ltr'>casibus</span> <span class='ocrx_word' id='word_1_34' title='bbox 843 480 1185 546; x_wconf 64' lang='lat' dir='ltr'><strong>particularibus</strong></span> <span class='ocrx_word' id='word_1_35' title='bbox 1210 497 1434 527; x_wconf 91' lang='lat' dir='ltr'>recurrere</span> <span class='ocrx_word' id='word_1_36' title='bbox 1456 479 1513 527; x_wconf 90' lang='lat' dir='ltr'>ad</span> <span class='ocrx_word' id='word_1_37' title='bbox 1538 479 1688 527; x_wconf 87' lang='lat' dir='ltr'>sedem</span> 
     </span>
     <span class='ocr_line' id='line_1_5' title="bbox 218 555 1688 622; baseline 0 -19"><span class='ocrx_word' id='word_1_38' title='bbox 218 556 533 621; x_wconf 84' lang='lat' dir='ltr'>apostolicam,</span> <span class='ocrx_word' id='word_1_39' title='bbox 560 557 774 622; x_wconf 85' lang='lat' dir='ltr'>expositis</span> <span class='ocrx_word' id='word_1_40' title='bbox 797 556 1011 604; x_wconf 90' lang='lat' dir='ltr'>omnibus.</span> <span class='ocrx_word' id='word_1_41' title='bbox 1035 557 1138 604; x_wconf 87' lang='lat' dir='ltr'>facti</span> <span class='ocrx_word' id='word_1_42' title='bbox 1173 555 1543 613; x_wconf 75' lang='lat' dir='ltr'><strong>circumstantiis,</strong></span> <span class='ocrx_word' id='word_1_43' title='bbox 1572 572 1688 620; x_wconf 89' lang='lat' dir='ltr'>quae</span> 
     </span>
     <span class='ocr_line' id='line_1_6' title="bbox 218 632 1512 698; baseline -0.002 -18"><span class='ocrx_word' id='word_1_44' title='bbox 218 643 323 681; x_wconf 89' lang='lat' dir='ltr'>tunc</span> <span class='ocrx_word' id='word_1_45' title='bbox 354 632 487 680; x_wconf 86' lang='lat' dir='ltr'>modo</span> <span class='ocrx_word' id='word_1_46' title='bbox 522 633 668 696; x_wconf 79' lang='lat' dir='ltr'>magis</span> <span class='ocrx_word' id='word_1_47' title='bbox 698 634 946 698; x_wconf 91' lang='lat' dir='ltr'>opportune</span> <span class='ocrx_word' id='word_1_48' title='bbox 978 633 1084 681; x_wconf 89' lang='lat' dir='ltr'>huic</span> <span class='ocrx_word' id='word_1_49' title='bbox 1117 633 1179 680; x_wconf 91' lang='lat' dir='ltr'>rei</span> <span class='ocrx_word' id='word_1_50' title='bbox 1215 632 1512 698; x_wconf 82' lang='lat' dir='ltr'>providebit.»</span> 
     </span>
    </p>

    <p class='ocr_par' dir='ltr' id='par_1_3' title="bbox 208 707 1690 1669">
     <span class='ocr_line' id='line_1_7' title="bbox 310 707 1689 774; baseline 0.001 -20"><span class='ocrx_word' id='word_1_51' title='bbox 310 707 411 755; x_wconf 81' lang='lat' dir='ltr'>Huc</span> <span class='ocrx_word' id='word_1_52' title='bbox 444 707 609 771; x_wconf 82' lang='lat' dir='ltr'>pariter</span> <span class='ocrx_word' id='word_1_53' title='bbox 640 718 810 773; x_wconf 86' lang='lat' dir='ltr'>spectat</span> <span class='ocrx_word' id='word_1_54' title='bbox 843 708 1074 774; x_wconf 83' lang='lat' dir='ltr'>responsio</span> <span class='ocrx_word' id='word_1_55' title='bbox 1103 709 1272 757; x_wconf 88' lang='lat' dir='ltr'>emissa</span> <span class='ocrx_word' id='word_1_56' title='bbox 1295 726 1322 756; x_wconf 86' lang='lat' dir='ltr'>a</span> <span class='ocrx_word' id='word_1_57' title='bbox 1344 725 1437 756; x_wconf 86' lang='lat' dir='ltr'>sac.</span> <span class='ocrx_word' id='word_1_58' title='bbox 1459 708 1689 773; x_wconf 82' lang='lat' dir='ltr'>poeniten·</span> 
     </span>
     <span class='ocr_line' id='line_1_8' title="bbox 216 782 1690 848; baseline 0.001 -16"><span class='ocrx_word' id='word_1_59' title='bbox 216 782 452 845; x_wconf 75' lang='lat' dir='ltr'>tiariadie</span> <span class='ocrx_word' id='word_1_60' title='bbox 487 783 563 829; x_wconf 78' lang='lat'>28.</span> <span class='ocrx_word' id='word_1_61' title='bbox 593 783 719 831; x_wconf 82' lang='lat' dir='ltr'>Mart.</span> <span class='ocrx_word' id='word_1_62' title='bbox 757 784 882 830; x_wconf 79' lang='lat'><strong>1834</strong></span> <span class='ocrx_word' id='word_1_63' title='bbox 906 784 931 838; x_wconf 72' lang='grc'>,’</span> <span class='ocrx_word' id='word_1_64' title='bbox 959 784 1030 831; x_wconf 89' lang='grc'><strong>0111</strong></span> <span class='ocrx_word' id='word_1_65' title='bbox 1065 800 1202 848; x_wconf 89' lang='lat' dir='ltr'>quum</span> <span class='ocrx_word' id='word_1_66' title='bbox 1237 784 1466 848; x_wconf 81' lang='lat' dir='ltr'>proposita</span> <span class='ocrx_word' id='word_1_67' title='bbox 1499 785 1690 833; x_wconf 81' lang='lat' dir='ltr'>fuissent</span> 
     </span>
     <span class='ocr_line' id='line_1_9' title="bbox 213 857 1689 924; baseline 0.002 -18"><span class='ocrx_word' id='word_1_68' title='bbox 213 858 430 908; x_wconf 85' lang='lat' dir='ltr'>nonnulla</span> <span class='ocrx_word' id='word_1_69' title='bbox 453 858 591 906; x_wconf 84' lang='lat' dir='ltr'>dubia</span> <span class='ocrx_word' id='word_1_70' title='bbox 612 857 670 906; x_wconf 92' lang='lat' dir='ltr'>ab</span> <span class='ocrx_word' id='word_1_71' title='bbox 691 859 904 923; x_wconf 86' lang='lat' dir='ltr'>episcopo</span> <span class='ocrx_word' id='word_1_72' title='bbox 925 859 1349 924; x_wconf 79' lang='lat' dir='ltr'>gratianopolitan03</span> <span class='ocrx_word' id='word_1_73' title='bbox 1378 860 1553 908; x_wconf 90' lang='lat' dir='ltr'>tertium</span> <span class='ocrx_word' id='word_1_74' title='bbox 1582 860 1689 909; x_wconf 86' lang='lat' dir='ltr'>isto-</span> 
     </span>
     <span class='ocr_line' id='line_1_10' title="bbox 212 933 1690 995; baseline 0.001 -13"><span class='ocrx_word' id='word_1_75' title='bbox 212 939 323 982; x_wconf 77' lang='lat' dir='ltr'>rum:</span> <span class='ocrx_word' id='word_1_76' title='bbox 333 933 571 995; x_wconf 86' lang='lat' dir='ltr'>dubiorum</span> <span class='ocrx_word' id='word_1_77' title='bbox 595 934 658 982; x_wconf 87' lang='lat' dir='ltr'>ita</span> <span class='ocrx_word' id='word_1_78' title='bbox 681 952 730 982; x_wconf 92' lang='lat' dir='ltr'>se</span> <span class='ocrx_word' id='word_1_79' title='bbox 751 934 973 982; x_wconf 88' lang='lat' dir='ltr'>habebat:</span> <span class='ocrx_word' id='word_1_80' title='bbox 1006 936 1198 983; x_wconf 88' lang='lat' dir='ltr'>«Utrum</span> <span class='ocrx_word' id='word_1_81' title='bbox 1215 935 1498 984; x_wconf 89' lang='lat' dir='ltr'>matrimonia</span> <span class='ocrx_word' id='word_1_82' title='bbox 1513 935 1571 983; x_wconf 85' lang='lat' dir='ltr'>ab</span> <span class='ocrx_word' id='word_1_83' title='bbox 1588 936 1690 983; x_wconf 88' lang='lat' dir='ltr'>hae·</span> 
     </span>
     <span class='ocr_line' id='line_1_11' title="bbox 217 1009 1689 1075; baseline 0.001 -18"><span class='ocrx_word' id='word_1_84' title='bbox 217 1009 368 1058; x_wconf 87' lang='lat' dir='ltr'>retieis</span> <span class='ocrx_word' id='word_1_85' title='bbox 392 1011 516 1059; x_wconf 67' lang='lat' dir='ltr'>inter</span> <span class='ocrx_word' id='word_1_86' title='bbox 542 1028 588 1058; x_wconf 77' lang='lat' dir='ltr'>se</span> <span class='ocrx_word' id='word_1_87' title='bbox 615 1010 748 1068; x_wconf 86' lang='lat' dir='ltr'>inita,</span> <span class='ocrx_word' id='word_1_88' title='bbox 780 1021 858 1058; x_wconf 88' lang='lat' dir='ltr'>aut</span> <span class='ocrx_word' id='word_1_89' title='bbox 887 1010 984 1057; x_wconf 70' lang='lat' dir='ltr'>oum</span> <span class='ocrx_word' id='word_1_90' title='bbox 1010 1011 1233 1058; x_wconf 70' lang='lat' dir='ltr'>catholicis</span> <span class='ocrx_word' id='word_1_91' title='bbox 1267 1011 1389 1058; x_wconf 88' lang='lat' dir='ltr'>iuxta</span> <span class='ocrx_word' id='word_1_92' title='bbox 1422 1010 1542 1059; x_wconf 87' lang='lat' dir='ltr'>solas</span> <span class='ocrx_word' id='word_1_93' title='bbox 1569 1010 1689 1075; x_wconf 82' lang='lat' dir='ltr'>leges</span> 
     </span>
     <span class='ocr_line' id='line_1_12' title="bbox 216 1086 1690 1153; baseline 0.001 -19"><span class='ocrx_word' id='word_1_94' title='bbox 216 1086 373 1146; x_wconf 84' lang='lat' dir='ltr'>civ-iles</span> <span class='ocrx_word' id='word_1_95' title='bbox 389 1124 399 1144; x_wconf 86' lang='lat'>‚</span> <span class='ocrx_word' id='word_1_96' title='bbox 438 1104 518 1135; x_wconf 87' lang='lat' dir='ltr'>seu</span> <span class='ocrx_word' id='word_1_97' title='bbox 538 1105 696 1135; x_wconf 65' lang='lat' dir='ltr'>coram</span> <span class='ocrx_word' id='word_1_98' title='bbox 720 1088 924 1134; x_wconf 76' lang='lat' dir='ltr'>ministro</span> <span class='ocrx_word' id='word_1_99' title='bbox 958 1087 1167 1134; x_wconf 69' lang='lat' dir='ltr'>haeretico</span> <span class='ocrx_word' id='word_1_100' title='bbox 1203 1087 1302 1135; x_wconf 89' lang='lat' dir='ltr'>sine</span> <span class='ocrx_word' id='word_1_101' title='bbox 1334 1086 1587 1152; x_wconf 78' lang='lat' dir='ltr'>praesentia</span> <span class='ocrx_word' id='word_1_102' title='bbox 1615 1105 1690 1153; x_wconf 87' lang='lat' dir='ltr'>pa-</span> 
     </span>
     <span class='ocr_line' id='line_1_13' title="bbox 208 1162 1683 1229; baseline 0.001 -18"><span class='ocrx_word' id='word_1_103' title='bbox 208 1163 340 1227; x_wconf 74' lang='grc'><strong>100111</strong></span> <span class='ocrx_word' id='word_1_104' title='bbox 365 1162 570 1212; x_wconf 75' lang='lat' dir='ltr'>catholici</span> <span class='ocrx_word' id='word_1_105' title='bbox 591 1163 743 1211; x_wconf 72' lang='lat' dir='ltr'>valida</span> <span class='ocrx_word' id='word_1_106' title='bbox 767 1165 856 1211; x_wconf 79' lang='lat' dir='ltr'>sint</span> <span class='ocrx_word' id='word_1_107' title='bbox 877 1163 923 1210; x_wconf 90' lang='lat' dir='ltr'>in</span> <span class='ocrx_word' id='word_1_108' title='bbox 949 1163 1126 1221; x_wconf 86' lang='lat' dir='ltr'>Galliis,</span> <span class='ocrx_word' id='word_1_109' title='bbox 1155 1174 1199 1211; x_wconf 89' lang='lat' dir='ltr'>et</span> <span class='ocrx_word' id='word_1_110' title='bbox 1221 1165 1269 1211; x_wconf 76' lang='lat' dir='ltr'>in</span> <span class='ocrx_word' id='word_1_111' title='bbox 1297 1164 1401 1211; x_wconf 77' lang='lat' dir='ltr'>aliis</span> <span class='ocrx_word' id='word_1_112' title='bbox 1422 1164 1683 1229; x_wconf 72' lang='lat' dir='ltr'>reqionibus,</span> 
     </span>
     <span class='ocr_line' id='line_1_14' title="bbox 216 1237 1689 1305; baseline 0.002 -20"><span class='ocrx_word' id='word_1_113' title='bbox 216 1237 294 1285; x_wconf 92' lang='lat' dir='ltr'>ubi</span> <span class='ocrx_word' id='word_1_114' title='bbox 314 1275 324 1295; x_wconf 90' lang='lat'>‚</span> <span class='ocrx_word' id='word_1_115' title='bbox 362 1238 427 1286; x_wconf 90' lang='lat' dir='ltr'>uti</span> <span class='ocrx_word' id='word_1_116' title='bbox 467 1239 514 1286; x_wconf 89' lang='lat' dir='ltr'>in</span> <span class='ocrx_word' id='word_1_117' title='bbox 549 1238 733 1296; x_wconf 61' lang='lat' dir='ltr'>Galliis4</span> <span class='ocrx_word' id='word_1_118' title='bbox 771 1249 1064 1305; x_wconf 83' lang='lat' dir='ltr'>protestantes</span> <span class='ocrx_word' id='word_1_119' title='bbox 1099 1249 1144 1287; x_wconf 91' lang='lat' dir='ltr'>et</span> <span class='ocrx_word' id='word_1_120' title='bbox 1175 1239 1386 1287; x_wconf 87' lang='lat' dir='ltr'>haeretici</span> <span class='ocrx_word' id='word_1_121' title='bbox 1422 1256 1574 1288; x_wconf 90' lang='lat' dir='ltr'>omnes</span> <span class='ocrx_word' id='word_1_122' title='bbox 1607 1239 1689 1288; x_wconf 86' lang='lat' dir='ltr'>ha-</span> 
     </span>
     <span class='ocr_line' id='line_1_15' title="bbox 214 1313 1689 1380; baseline 0.002 -19"><span class='ocrx_word' id='word_1_123' title='bbox 214 1313 325 1362; x_wconf 89' lang='lat' dir='ltr'>bent</span> <span class='ocrx_word' id='word_1_124' title='bbox 343 1331 460 1362; x_wconf 79' lang='lat' dir='ltr'>¹suos</span> <span class='ocrx_word' id='word_1_125' title='bbox 492 1315 722 1364; x_wconf 88' lang='lat' dir='ltr'>ministros</span> <span class='ocrx_word' id='word_1_126' title='bbox 740 1353 750 1373; x_wconf 87' lang='lat'>‚</span> <span class='ocrx_word' id='word_1_127' title='bbox 794 1315 982 1380; x_wconf 85' lang='lat' dir='ltr'>templa,</span> <span class='ocrx_word' id='word_1_128' title='bbox 1017 1318 1098 1364; x_wconf 87' lang='lat' dir='ltr'>seu</span> <span class='ocrx_word' id='word_1_129' title='bbox 1129 1317 1307 1364; x_wconf 65' lang='lat' dir='ltr'>statum‘</span> <span class='ocrx_word' id='word_1_130' title='bbox 1328 1315 1515 1379; x_wconf 82' lang='lat' dir='ltr'>legalem</span> <span class='ocrx_word' id='word_1_131' title='bbox 1550 1333 1577 1364; x_wconf 90' lang='lat' dir='ltr'>a</span> <span class='ocrx_word' id='word_1_132' title='bbox 1607 1333 1689 1380; x_wconf 84' lang='lat' dir='ltr'>gu-</span> 
     </span>
     <span class='ocr_line' id='line_1_16' title="bbox 212 1389 1686 1456; baseline 0.002 -20"><span class='ocrx_word' id='word_1_133' title='bbox 212 1389 368 1438; x_wconf 84' lang='lat' dir='ltr'>bernio</span> <span class='ocrx_word' id='word_1_134' title='bbox 409 1391 694 1456; x_wconf 87' lang='lat' dir='ltr'>probatum.»</span> <span class='ocrx_word' id='word_1_135' title='bbox 717 1391 989 1456; x_wconf 84' lang='lat' dir='ltr'>Respondit:</span> <span class='ocrx_word' id='word_1_136' title='bbox 1022 1391 1099 1438; x_wconf 85' lang='lat' dir='ltr'>Ad¹</span> <span class='ocrx_word' id='word_1_137' title='bbox 1132 1392 1176 1439; x_wconf 83' lang='lat'>3.</span> <span class='ocrx_word' id='word_1_138' title='bbox 1203 1390 1415 1455; x_wconf 75' lang='lat' dir='ltr'>Neqatt‘ve</span> <span class='ocrx_word' id='word_1_139' title='bbox 1436 1427 1448 1446; x_wconf 95' lang='lat'><em>,</em></span> <span class='ocrx_word' id='word_1_140' title='bbox 1492 1392 1686 1456; x_wconf 85' lang='lat' dir='ltr'>exceptis</span> 
     </span>
     <span class='ocr_line' id='line_1_17' title="bbox 212 1466 1689 1534; baseline 0.002 -20"><span class='ocrx_word' id='word_1_141' title='bbox 212 1466 470 1530; x_wconf 82' lang='lat' dir='ltr'>regionibus</span> <span class='ocrx_word' id='word_1_142' title='bbox 488 1468 544 1515; x_wconf 91' lang='lat' dir='ltr'>de</span> <span class='ocrx_word' id='word_1_143' title='bbox 562 1468 734 1534; x_wconf 77' lang='lat' dir='ltr'>quibus&#39;</span> <span class='ocrx_word' id='word_1_144' title='bbox 761 1468 956 1534; x_wconf 86' lang='lat' dir='ltr'>loquitur</span> <span class='ocrx_word' id='word_1_145' title='bbox 971 1467 1236 1516; x_wconf 90' lang='lat' dir='ltr'>Benedictus</span> <span class='ocrx_word' id='word_1_146' title='bbox 1267 1468 1376 1514; x_wconf 87' lang='lat' dir='ltr'>XIV.</span> <span class='ocrx_word' id='word_1_147' title='bbox 1410 1467 1457 1514; x_wconf 93' lang='grc'>111</span> <span class='ocrx_word' id='word_1_148' title='bbox 1487 1466 1689 1517; x_wconf 82' lang='lat' dir='ltr'>Declara-</span> 
     </span>
     <span class='ocr_line' id='line_1_18' title="bbox 208 1543 1687 1611; baseline 0.001 -19"><span class='ocrx_word' id='word_1_149' title='bbox 208 1543 336 1592; x_wconf 80' lang='lat' dir='ltr'>-tio&#39;ne</span> <span class='ocrx_word' id='word_1_150' title='bbox 359 1544 432 1592; x_wconf 88' lang='lat' dir='ltr'>die</span> <span class='ocrx_word' id='word_1_151' title='bbox 460 1546 503 1591; x_wconf 85' lang='lat'>4.</span> <span class='ocrx_word' id='word_1_152' title='bbox 523 1545 733 1594; x_wconf 89' lang='lat' dir='ltr'>Novemb.</span> <span class='ocrx_word' id='word_1_153' title='bbox 756 1547 877 1593; x_wconf 78' lang='lat'>1741</span> <span class='ocrx_word' id='word_1_154' title='bbox 892 1583 922 1602; x_wconf 83' lang='lat'>.‚</span> <span class='ocrx_word' id='word_1_155' title='bbox 944 1556 1079 1611; x_wconf 88' lang='lat' dir='ltr'>atque</span> <span class='ocrx_word' id='word_1_156' title='bbox 1095 1545 1151 1592; x_wconf 89' lang='lat' dir='ltr'>ad</span> <span class='ocrx_word' id='word_1_157' title='bbox 1169 1562 1281 1610; x_wconf 85' lang='lat' dir='ltr'>quas</span> <span class='ocrx_word' id='word_1_158' title='bbox 1303 1562 1384 1610; x_wconf 88' lang='lat' dir='ltr'>per</span> <span class='ocrx_word' id='word_1_159' title='bbox 1406 1561 1687 1594; x_wconf 85' lang='lat' dir='ltr'>successores</span> 
     </span>
     <span class='ocr_line' id='line_1_19' title="bbox 212 1619 1258 1669; baseline -0.001 -2"><span class='ocrx_word' id='word_1_160' title='bbox 212 1635 320 1668; x_wconf 86' lang='lat' dir='ltr'>suos</span> <span class='ocrx_word' id='word_1_161' title='bbox 352 1619 431 1667; x_wconf 90' lang='lat' dir='ltr'>illa</span> <span class='ocrx_word' id='word_1_162' title='bbox 465 1620 620 1668; x_wconf 90' lang='lat' dir='ltr'>eadem</span> <span class='ocrx_word' id='word_1_163' title='bbox 649 1620 899 1669; x_wconf 86' lang='lat' dir='ltr'>Declaratio</span> <span class='ocrx_word' id='word_1_164' title='bbox 933 1631 1114 1669; x_wconf 84' lang='lat' dir='ltr'>extensa</span> <span class='ocrx_word' id='word_1_165' title='bbox 1142 1624 1258 1669; x_wconf 84' lang='lat' dir='ltr'>est.»</span> 
     </span>
    </p>

    <p class='ocr_par' dir='ltr' id='par_1_4' title="bbox 206 1695 1689 2602">
     <span class='ocr_line' id='line_1_20' title="bbox 312 1695 1689 1763; baseline 0.001 -21"><span class='ocrx_word' id='word_1_166' title='bbox 312 1695 408 1743; x_wconf 87' lang='lat' dir='ltr'>Iam</span> <span class='ocrx_word' id='word_1_167' title='bbox 445 1696 504 1744; x_wconf 89' lang='lat' dir='ltr'>ab</span> <span class='ocrx_word' id='word_1_168' title='bbox 537 1714 653 1745; x_wconf 89' lang='lat' dir='ltr'>anno</span> <span class='ocrx_word' id='word_1_169' title='bbox 684 1698 825 1745; x_wconf 81' lang='lat'><strong>1678.</strong></span> <span class='ocrx_word' id='word_1_170' title='bbox 861 1707 996 1745; x_wconf 88' lang='lat' dir='ltr'>totam</span> <span class='ocrx_word' id='word_1_171' title='bbox 1016 1697 1141 1745; x_wconf 56' lang='lat' dir='ltr'>‚hanc</span> <span class='ocrx_word' id='word_1_172' title='bbox 1174 1697 1419 1746; x_wconf 89' lang='lat' dir='ltr'>doctrinam</span> <span class='ocrx_word' id='word_1_173' title='bbox 1453 1696 1689 1763; x_wconf 89' lang='lat' dir='ltr'>perspicue</span> 
     </span>
     <span class='ocr_line' id='line_1_21' title="bbox 213 1773 1683 1839; baseline 0.001 -20"><span class='ocrx_word' id='word_1_174' title='bbox 213 1783 509 1838; x_wconf 86' lang='lat' dir='ltr'>accurateque</span> <span class='ocrx_word' id='word_1_175' title='bbox 532 1784 822 1839; x_wconf 90' lang='lat' dir='ltr'>proposuerat</span> <span class='ocrx_word' id='word_1_176' title='bbox 851 1792 890 1822; x_wconf 85' lang='lat' dir='ltr'>s.</span> <span class='ocrx_word' id='word_1_177' title='bbox 914 1774 1195 1838; x_wconf 80' lang='lat' dir='ltr'>congregatio</span> <span class='ocrx_word' id='word_1_178' title='bbox 1219 1773 1396 1822; x_wconf 88' lang='lat' dir='ltr'>concilii</span> <span class='ocrx_word' id='word_1_179' title='bbox 1420 1773 1466 1821; x_wconf 92' lang='lat' dir='ltr'>in</span> <span class='ocrx_word' id='word_1_180' title='bbox 1490 1773 1683 1830; x_wconf 86' lang='lat' dir='ltr'>decreto,</span> 
     </span>
     <span class='ocr_line' id='line_1_22' title="bbox 213 1849 1687 1916; baseline 0.001 -20"><span class='ocrx_word' id='word_1_181' title='bbox 213 1849 354 1914; x_wconf 92' lang='lat' dir='ltr'>quod,</span> <span class='ocrx_word' id='word_1_182' title='bbox 384 1850 641 1899; x_wconf 90' lang='lat' dir='ltr'>Innocentio</span> <span class='ocrx_word' id='word_1_183' title='bbox 663 1851 739 1897; x_wconf 88' lang='lat' dir='ltr'>XI.</span> <span class='ocrx_word' id='word_1_184' title='bbox 769 1868 980 1916; x_wconf 87' lang='lat' dir='ltr'>expresse</span> <span class='ocrx_word' id='word_1_185' title='bbox 1008 1851 1225 1916; x_wconf 82' lang='lat' dir='ltr'>probante</span> <span class='ocrx_word' id='word_1_186' title='bbox 1241 1889 1251 1908; x_wconf 93' lang='lat'>,</span> <span class='ocrx_word' id='word_1_187' title='bbox 1273 1850 1499 1914; x_wconf 82' lang='lat' dir='ltr'>vulgavit,</span> <span class='ocrx_word' id='word_1_188' title='bbox 1528 1850 1575 1897; x_wconf 91' lang='lat' dir='ltr'>in</span> <span class='ocrx_word' id='word_1_189' title='bbox 1598 1867 1687 1915; x_wconf 93' lang='lat' dir='ltr'>quo</span> 
     </span>
     <span class='ocr_line' id='line_1_23' title="bbox 214 1925 1687 1976; baseline -0.001 -2"><span class='ocrx_word' id='word_1_190' title='bbox 214 1926 299 1974; x_wconf 87' lang='lat' dir='ltr'>tria</span> <span class='ocrx_word' id='word_1_191' title='bbox 332 1925 444 1975; x_wconf 87' lang='lat' dir='ltr'>haec</span> <span class='ocrx_word' id='word_1_192' title='bbox 479 1927 741 1975; x_wconf 87' lang='lat' dir='ltr'>edicuntur:</span> <span class='ocrx_word' id='word_1_193' title='bbox 782 1930 827 1974; x_wconf 87' lang='lat'>1.</span> <span class='ocrx_word' id='word_1_194' title='bbox 855 1927 983 1975; x_wconf 92' lang='lat' dir='ltr'>«Ubi</span> <span class='ocrx_word' id='word_1_195' title='bbox 1019 1928 1243 1976; x_wconf 89' lang='lat' dir='ltr'>decretum</span> <span class='ocrx_word' id='word_1_196' title='bbox 1277 1926 1477 1975; x_wconf 88' lang='lat' dir='ltr'>eiusdem</span> <span class='ocrx_word' id='word_1_197' title='bbox 1510 1926 1687 1975; x_wconf 91' lang='lat' dir='ltr'>concilii</span> 
     </span>
     <span class='ocr_line' id='line_1_24' title="bbox 214 2002 1688 2068; baseline -0.001 -18"><span class='ocrx_word' id='word_1_198' title='bbox 214 2004 232 2064; x_wconf 89' lang='lat'>(</span> <span class='ocrx_word' id='word_1_199' title='bbox 256 2002 358 2050; x_wconf 90' lang='lat' dir='ltr'>trid.</span> <span class='ocrx_word' id='word_1_200' title='bbox 379 2005 396 2064; x_wconf 93' lang='lat'>)</span> <span class='ocrx_word' id='word_1_201' title='bbox 424 2020 522 2068; x_wconf 89' lang='lat' dir='ltr'>cap.</span> <span class='ocrx_word' id='word_1_202' title='bbox 551 2004 586 2050; x_wconf 89' lang='grc' dir='ltr'>Ι.</span> <span class='ocrx_word' id='word_1_203' title='bbox 617 2021 734 2051; x_wconf 88' lang='lat' dir='ltr'>sess.</span> <span class='ocrx_word' id='word_1_204' title='bbox 760 2004 908 2050; x_wconf 87' lang='lat' dir='ltr'><strong>XXIV.</strong></span> <span class='ocrx_word' id='word_1_205' title='bbox 936 2004 1002 2051; x_wconf 92' lang='lat' dir='ltr'>De</span> <span class='ocrx_word' id='word_1_206' title='bbox 1026 2003 1201 2051; x_wconf 85' lang='lat' dir='ltr'>reform.</span> <span class='ocrx_word' id='word_1_207' title='bbox 1225 2012 1355 2050; x_wconf 87' lang='lat' dir='ltr'>matr.</span> <span class='ocrx_word' id='word_1_208' title='bbox 1381 2002 1481 2051; x_wconf 79' lang='lat' dir='ltr'>Non</span> <span class='ocrx_word' id='word_1_209' title='bbox 1508 2011 1578 2050; x_wconf 92' lang='lat' dir='ltr'>est</span> <span class='ocrx_word' id='word_1_210' title='bbox 1603 2018 1688 2066; x_wconf 92' lang='lat' dir='ltr'>pu-</span> 
     </span>
     <span class='ocr_line' id='line_1_25' title="bbox 206 2077 1687 2144; baseline 0 -19"><span class='ocrx_word' id='word_1_211' title='bbox 206 2077 423 2127; x_wconf 85' lang='lat' dir='ltr'>blica-tum</span> <span class='ocrx_word' id='word_1_212' title='bbox 448 2079 495 2126; x_wconf 89' lang='lat' dir='ltr'>in</span> <span class='ocrx_word' id='word_1_213' title='bbox 521 2080 756 2144; x_wconf 88' lang='lat' dir='ltr'>parochia,</span> <span class='ocrx_word' id='word_1_214' title='bbox 783 2080 932 2128; x_wconf 86' lang='lat' dir='ltr'>valere</span> <span class='ocrx_word' id='word_1_215' title='bbox 957 2079 1240 2127; x_wconf 89' lang='lat' dir='ltr'>matrimonia</span> <span class='ocrx_word' id='word_1_216' title='bbox 1262 2081 1489 2127; x_wconf 85' lang='lat' dir='ltr'>contracta</span> <span class='ocrx_word' id='word_1_217' title='bbox 1515 2077 1687 2143; x_wconf 88' lang='lat' dir='ltr'>absque</span> 
     </span>
     <span class='ocr_line' id='line_1_26' title="bbox 210 2154 1687 2221; baseline 0 -18"><span class='ocrx_word' id='word_1_218' title='bbox 210 2154 521 2203; x_wconf 81' lang='lat' dir='ltr'>observatione</span> <span class='ocrx_word' id='word_1_219' title='bbox 553 2156 721 2204; x_wconf 87' lang='lat' dir='ltr'>formae</span> <span class='ocrx_word' id='word_1_220' title='bbox 749 2174 777 2204; x_wconf 85' lang='lat' dir='ltr'>a</span> <span class='ocrx_word' id='word_1_221' title='bbox 809 2156 1000 2204; x_wconf 89' lang='lat' dir='ltr'>concilio</span> <span class='ocrx_word' id='word_1_222' title='bbox 1037 2156 1353 2221; x_wconf 88' lang='lat' dir='ltr'>praescriptae.</span> <span class='ocrx_word' id='word_1_223' title='bbox 1393 2155 1452 2202; x_wconf 85' lang='grc'>11.</span> <span class='ocrx_word' id='word_1_224' title='bbox 1482 2154 1687 2203; x_wconf 86' lang='lat' dir='ltr'>Publica·</span> 
     </span>
     <span class='ocr_line' id='line_1_27' title="bbox 213 2230 1686 2296; baseline 0 -19"><span class='ocrx_word' id='word_1_225' title='bbox 213 2231 380 2279; x_wconf 88' lang='lat' dir='ltr'>tionem</span> <span class='ocrx_word' id='word_1_226' title='bbox 422 2231 647 2295; x_wconf 89' lang='lat' dir='ltr'>praesumi</span> <span class='ocrx_word' id='word_1_227' title='bbox 681 2231 759 2278; x_wconf 93' lang='lat' dir='ltr'>ubi</span> <span class='ocrx_word' id='word_1_228' title='bbox 793 2232 1017 2279; x_wconf 88' lang='lat' dir='ltr'>decretum</span> <span class='ocrx_word' id='word_1_229' title='bbox 1054 2231 1186 2279; x_wconf 86' lang='lat' dir='ltr'>fuerit</span> <span class='ocrx_word' id='word_1_230' title='bbox 1223 2230 1376 2296; x_wconf 87' lang='lat' dir='ltr'>aliquo</span> <span class='ocrx_word' id='word_1_231' title='bbox 1410 2240 1607 2296; x_wconf 91' lang='lat' dir='ltr'>tempore</span> <span class='ocrx_word' id='word_1_232' title='bbox 1640 2230 1686 2277; x_wconf 91' lang='lat' dir='ltr'>in</span> 
     </span>
     <span class='ocr_line' id='line_1_28' title="bbox 211 2306 1688 2372; baseline -0.001 -18"><span class='ocrx_word' id='word_1_233' title='bbox 211 2307 425 2371; x_wconf 87' lang='lat' dir='ltr'>parochia</span> <span class='ocrx_word' id='word_1_234' title='bbox 448 2317 675 2372; x_wconf 89' lang='lat' dir='ltr'>tamquam</span> <span class='ocrx_word' id='word_1_235' title='bbox 700 2308 925 2355; x_wconf 87' lang='lat' dir='ltr'>decretum</span> <span class='ocrx_word' id='word_1_236' title='bbox 949 2307 1125 2355; x_wconf 89' lang='lat' dir='ltr'>concilii</span> <span class='ocrx_word' id='word_1_237' title='bbox 1150 2307 1447 2355; x_wconf 89' lang='lat' dir='ltr'>observatum.</span> <span class='ocrx_word' id='word_1_238' title='bbox 1470 2308 1548 2353; x_wconf 88' lang='grc' dir='ltr'>ΠΙ.</span> <span class='ocrx_word' id='word_1_239' title='bbox 1571 2306 1688 2354; x_wconf 83' lang='lat' dir='ltr'>Hae-</span> 
     </span>
     <span class='ocr_line' id='line_1_29' title="bbox 212 2371 1682 2448; baseline 0 -20"><span class='ocrx_word' id='word_1_240' title='bbox 212 2383 363 2429; x_wconf 82' lang='lat' dir='ltr'>retioos</span> <span class='ocrx_word' id='word_1_241' title='bbox 399 2384 549 2437; x_wconf 75' lang='lat' dir='ltr'>etiam,</span> <span class='ocrx_word' id='word_1_242' title='bbox 592 2382 667 2430; x_wconf 89' lang='lat' dir='ltr'>ubi</span> <span class='ocrx_word' id='word_1_243' title='bbox 704 2383 928 2431; x_wconf 91' lang='lat' dir='ltr'>decretum</span> <span class='ocrx_word' id='word_1_244' title='bbox 962 2371 1067 2431; x_wconf 83' lang='lat' dir='ltr'>dicti</span> <span class='ocrx_word' id='word_1_245' title='bbox 1103 2383 1262 2448; x_wconf 90' lang='lat' dir='ltr'>capitis</span> <span class='ocrx_word' id='word_1_246' title='bbox 1294 2393 1363 2430; x_wconf 92' lang='lat' dir='ltr'>est</span> <span class='ocrx_word' id='word_1_247' title='bbox 1391 2382 1682 2447; x_wconf 87' lang='lat' dir='ltr'>publicatum,</span> 
     </span>
     <span class='ocr_line' id='line_1_30' title="bbox 214 2458 1686 2525; baseline -0.001 -19"><span class='ocrx_word' id='word_1_248' title='bbox 214 2459 351 2506; x_wconf 88' lang='lat' dir='ltr'>teneri</span> <span class='ocrx_word' id='word_1_249' title='bbox 378 2458 510 2507; x_wconf 86' lang='lat' dir='ltr'>talem</span> <span class='ocrx_word' id='word_1_250' title='bbox 534 2459 719 2507; x_wconf 87' lang='lat' dir='ltr'>formam</span> <span class='ocrx_word' id='word_1_251' title='bbox 745 2460 980 2508; x_wconf 84' lang='lat' dir='ltr'>observare</span> <span class='ocrx_word' id='word_1_252' title='bbox 998 2498 1008 2517; x_wconf 93' lang='lat'>,</span> <span class='ocrx_word' id='word_1_253' title='bbox 1041 2470 1084 2508; x_wconf 91' lang='lat' dir='ltr'>et</span> <span class='ocrx_word' id='word_1_254' title='bbox 1110 2469 1345 2525; x_wconf 86' lang='lat' dir='ltr'>propterea</span> <span class='ocrx_word' id='word_1_255' title='bbox 1369 2459 1568 2524; x_wconf 89' lang='lat' dir='ltr'>ipsorum</span> <span class='ocrx_word' id='word_1_256' title='bbox 1592 2475 1686 2505; x_wconf 83' lang='lat' dir='ltr'>ma—</span> 
     </span>
     <span class='ocr_line' id='line_1_31' title="bbox 214 2534 1687 2602; baseline 0 -20"><span class='ocrx_word' id='word_1_257' title='bbox 214 2534 422 2582; x_wconf 90' lang='lat' dir='ltr'>trimonia</span> <span class='ocrx_word' id='word_1_258' title='bbox 457 2534 628 2600; x_wconf 89' lang='lat' dir='ltr'>absque</span> <span class='ocrx_word' id='word_1_259' title='bbox 661 2536 802 2583; x_wconf 85' lang='lat' dir='ltr'>forma</span> <span class='ocrx_word' id='word_1_260' title='bbox 835 2535 1038 2594; x_wconf 88' lang='lat' dir='ltr'>concilii,</span> <span class='ocrx_word' id='word_1_261' title='bbox 1076 2536 1280 2602; x_wconf 85' lang='lat' dir='ltr'>quamvis</span> <span class='ocrx_word' id='word_1_262' title='bbox 1317 2552 1464 2584; x_wconf 88' lang='lat' dir='ltr'>coram</span> <span class='ocrx_word' id='word_1_263' title='bbox 1484 2534 1687 2582; x_wconf 86' lang='lat' dir='ltr'>ministro</span> 
     </span>
    </p>
   </div>
   <div class='ocr_carea' id='block_1_3' title="bbox 211 2611 1688 2751">
    <p class='ocr_par' dir='ltr' id='par_1_5' title="bbox 211 2611 1688 2751">
     <span class='ocr_line' id='line_1_32' title="bbox 213 2611 1688 2676; baseline 0 -18"><span class='ocrx_word' id='word_1_264' title='bbox 213 2611 436 2660; x_wconf 89' lang='lat' dir='ltr'>haeretico</span> <span class='ocrx_word' id='word_1_265' title='bbox 480 2612 550 2661; x_wconf 87' lang='lat' dir='ltr'>vel</span> <span class='ocrx_word' id='word_1_266' title='bbox 587 2613 850 2676; x_wconf 83' lang='lat' dir='ltr'>magistratu</span> <span class='ocrx_word' id='word_1_267' title='bbox 882 2613 966 2663; x_wconf 89' lang='grc'><strong>1001</strong></span> <span class='ocrx_word' id='word_1_268' title='bbox 1002 2623 1258 2671; x_wconf 86' lang='lat' dir='ltr'>contracta,</span> <span class='ocrx_word' id='word_1_269' title='bbox 1309 2613 1433 2661; x_wconf 80' lang='lat' dir='ltr'>nulla</span> <span class='ocrx_word' id='word_1_270' title='bbox 1472 2622 1512 2659; x_wconf 82' lang='lat' dir='ltr'>et</span> <span class='ocrx_word' id='word_1_271' title='bbox 1559 2612 1688 2659; x_wconf 81' lang='lat' dir='ltr'>irrita</span> 
     </span>
     <span class='ocr_line' id='line_1_33' title="bbox 211 2689 489 2751; baseline -0.004 -16"><span class='ocrx_word' id='word_1_272' title='bbox 211 2704 313 2735; x_wconf 89' lang='lat' dir='ltr'>esse</span> <span class='ocrx_word' id='word_1_273' title='bbox 338 2689 489 2751; x_wconf 83' lang='lat'>(49).»</span> 
     </span>
    </p>
   </div>
   <div class='ocr_carea' id='block_1_4' title="bbox 309 2845 958 2888">
    <p class='ocr_par' dir='ltr' id='par_1_6' title="bbox 309 2845 958 2888">
     <span class='ocr_line' id='line_1_34' title="bbox 309 2845 958 2888; baseline 0.003 -10"><span class='ocrx_word' id='word_1_274' title='bbox 309 2845 375 2888; x_wconf 77' lang='lat'>(49)</span> <span class='ocrx_word' id='word_1_275' title='bbox 397 2848 434 2879; x_wconf 87' lang='lat' dir='ltr'>ln</span> <span class='ocrx_word' id='word_1_276' title='bbox 452 2848 478 2881; x_wconf 85' lang='lat' dir='ltr'><strong><em>T</em></strong></span> <span class='ocrx_word' id='word_1_277' title='bbox 478 2849 656 2881; x_wconf 71' lang='lat' dir='ltr'>ricauensi</span> <span class='ocrx_word' id='word_1_278' title='bbox 674 2853 702 2881; x_wconf 85' lang='grc'><strong>8,</strong></span> <span class='ocrx_word' id='word_1_279' title='bbox 720 2850 849 2881; x_wconf 79' lang='lat' dir='ltr'>Ianuar.</span> <span class='ocrx_word' id='word_1_280' title='bbox 872 2851 958 2882; x_wconf 83' lang='lat'>1678.</span> 
     </span>
    </p>
   </div>
  </div>
 </body>
</html>
