1980 3260
302 224 391 270 232
609 235 689 266 Lm.
719 235 765 276 11.
795 234 908 266 sacr.
938 234 966 265 1.
997 234 1049 265 ni:
1074 232 1239 264 rorssr.
1270 232 1437 265 meniis.

299 312 641 367 matrimonium,
679 327 946 358 consensum
986 308 1357 356 matrimonialem
1392 326 1542 357 coram
1563 312 1774 376 ‚parocho

297 393 507 437 renovare
530 425 540 444 ‚
580 396 656 434 aut
695 387 842 450 potius
877 403 980 450 pars
1003 423 1014 442 ,
1059 401 1175 449 quae
1210 384 1476 432 catholicam
1511 385 1771 449 religionem

295 464 497 529 amplexa
531 473 624 519 est,
665 462 783 510 circa
823 461 1099 509 validitatem
1135 460 1405 508 matrimonii
1439 460 1486 507 in
1517 460 1638 509 bona
1675 462 1770 514 fide

295 550 364 602 est
391 537 718 603 relinquenda?
746 538 990 602 «Cumque
1013 536 1309 599 interrogatus
1339 536 1499 584 fuisset
1529 536 1775 602 episcopus

295 616 413 663 circa
445 614 731 679 particularia
764 613 982 679 propositi
1015 630 1149 661 casus
1181 613 1419 669 adiuncta,
1448 613 1681 678 respondit
1702 631 1776 679 ap÷

295 691 440 755 posito
470 691 658 755 scripto;
687 697 788 738 cum
818 689 1093 754 publicatum
1119 689 1203 736 fuit
1225 689 1451 736 decretum
1483 689 1775 742 tridentinum

293 766 411 813 circa
434 765 743 814 necessitatem
766 765 1045 830 praesentiae
1067 764 1236 829 proprii
1260 764 1443 829 parochi
1465 763 1524 812 ad
1546 764 1774 819 matrimes·

293 842 357 890 nii
391 841 611 898 valorem,
645 851 941 906 protestantes
977 840 1023 887 in
1058 839 1136 888 illa
1170 840 1363 888 dioecesi
1396 857 1558 904 magno
1590 857 1775 911 numero

293 917 437 966 fuisse
458 956 469 974 ,
507 917 853 982 distinctamque
885 916 1172 966 constituisse
1199 916 1457 964 societatem
1492 916 1770 980 religiosam,

295 1011 411 1059 quae
445 1011 551 1041 suas
590 993 785 1041 habebat
817 994 1076 1050 conciones,
1115 1009 1222 1042 suos
1254 992 1483 1040 ministros
1501 1030 1512 1050 ,
1547 1009 1776 1058 suumque

294 1070 494 1127 cultum3
532 1087 585 1117 ex
620 1070 691 1118 his
735 1070 952 1118 inferebat
987 1069 1213 1120 decretum
1256 1068 1546 1116 tridentinum
1570 1068 1773 1134 'spectari

293 1163 444 1210 posse<
470 1157 698 1211 tamquam
734 1164 823 1194 non
858 1146 966 1194 satis
999 1144 1327 1210 promulgatum
1350 1181 1361 1201 ,
1399 1161 1453 1192 eo
1483 1143 1555 1192 vel
1588 1144 1735 1207 magis
1755 1181 1767 1202 ‚

294 1222 592 1286 quod'aetate
626 1222 703 1269 illa
736 1222 945 1269 haeretici
981 1238 1118 1285 saepe
1143 1220 1191 1267 in
1216 1219 1334 1267 bello
1368 1220 1585 1268 adversus
1620 1219 1774 1276 cathfoe

293 1297 407 1346 licos
440 1308 738 1345 versarentur.
761 1298 935 1345 Adiecit
968 1307 1195 1361 praeterea
1212 1334 1222 1354 ,
1259 1296 1380 1362 quod
1414 1296 1621 1362 quamvis
1652 1312 1773 1346 nunc

294 1372 426 1419 valde
449 1372 711 1419 imminutus
734 1373 793 1420 sit
821 1372 866 1418 in
897 1389 980 1419 sua
1008 1371 1203 1420 dioecesi
1238 1372 1579 1437 protestantium
1614 1386 1771 1427 nume-

297 1465 402 1504 rus,
431 1457 624 1509 attamen
653 1465 791 1513 supra
828 1447 1009 1511 triginta
1041 1447 1189 1495 adhuc
1222 1447 1366 1495 millia
1399 1447 1700 1513 reperiantur3
1729 1457 1774 1495 et

291 1523 396 1571 licet
428 1540 566 1588 saepe
598 1524 826 1588 contingat
856 1524 1011 1573 ambos
1041 1524 1252 1588 coniuges
1286 1524 1333 1570 in
1361 1524 1512 1572 sinum
1541 1522 1773 1599 religionis

290 1600 537 1648 catholicae
560 1618 611 1648 se
634 1601 862 1665 recipere,
890 1596 1183 1648 nihilominus
1216 1595 1438 1648 interdum
1467 1599 1653 1655 alteram
1676 1596 1776 1647 tan-

284 1685 384 1721 tum
425 1686 594 1740 partem
627 1675 895 1724 catholicam
936 1675 1194 1739 religionem
1230 1675 1455 1740 profiteri,
1494 1674 1602 1721 dum
1636 1673 1775 1733 altera

293 1749 340 1796 in
370 1751 553 1815 propria
585 1757 706 1799 secta
738 1751 887 1798 adhuc
921 1762 1178 1815 permanet:
1218 1750 1266 1797 in
1306 1761 1497 1814 utroque
1526 1766 1640 1798 vero·
1659 1766 1775 1809 ,casu

294 1842 426 1888 aegre
459 1826 670 1889 coniuges
706 1826 859 1874 induci
893 1826 953 1873 ad*
982 1826 1286 1875 renovandum
1319 1842 1589 1873 consensum
1623 1842 1771 1883 coram

293 1902 513 1966 parocho,
559 1920 659 1949 cum
693 1903 779 1949 hoc
814 1902 1076 1967 implicitam
1112 1902 1438 1950 confessionem
1472 1900 1697 1958 includat,
1725 1918 1776 1950 se

293 1977 509 2025 hactenus
535 1978 580 2025 in
604 1979 902 2027 concubinatu
932 1979 1115 2027 vixisse.
1139 1979 1419 2044 Responsum
1448 1994 1581 2042 porro
1615 1988 1684 2025 cst
1716 1977 1775 2025 ad

294 2053 568 2118 propositum
603 2054 788 2102 dubium
813 2072 840 2102 a
863 2072 955 2104 sac.
979 2054 1319 2119 congregatione
1352 2070 1589 2119 supremae
1622 2053 1773 2119 inqui-

289 2129 470 2182 sitionis
505 2130 578 2176 die
604 2133 647 2177 8.
671 2131 772 2178 Iulii
800 2133 975 2178 1848.»
999 2131 1398 2180 Praevio‘recessu
1428 2147 1458 2177 a
1485 2129 1659 2195 decisis¹
1688 2129 1775 2178 sub

292 2205 403 2252 feria
436 2206 504 2251 lV.
536 2207 613 2251 14.
643 2208 818 2254 Ianuar.
845 2209 986 2254 1846.
1010 2207 1344 2256 Consulendum
1376 2224 1442 2254 ss.
1472 2223 1553 2270 pro
1581 2223 1775 2272 ⁴respon-

292 2280 418 2327 sione
463 2280 695 2343 dirigenda
738 2283 947 2348 episcopo
979 2283 1221 2331 vivariensi
1258 2282 1380 2330 iuxta
1421 2291 1615 2330 mentem
1649 2291 1774 2346 patc-

292 2357 453 2404 factam
493 2375 565 2404 an.
602 2359 741 2413 1737.
778 2359 822 2404 in
858 2378 994 2407 causa
1028 2360 1200 2425 iprensi
1234 2378 1261 2407 a
1293 2377 1333 2407 5.
1363 2376 1517 2422 congr.
1555 2358 1768 2415 concilii,

293 2450 453 2516 nempe
486 2434 695 2497 coniuges
731 2435 787 2481 de
820 2435 1047 2483 validitate
1079 2435 1348 2485 matrimonii
1372 2452 1461 2509 non
1485 2435 1767 2491 dubitantes,

293 2509 339 2555 in
377 2508 495 2556 bona
538 2510 628 2557 fide
661 2527 761 2557 esse
795 2511 1143 2575 relinquendos,
1184 2530 1327 2577 neque
1360 2529 1395 2559 a
1427 2510 1772 2575 participatione

293 2595 671 2633 sacramentorum
712 2586 928 2634 arcendos
972 2587 1079 2635 sore.
1121 2588 1373 2636 Peculiares
1400 2603 1516 2635 vero
1553 2600 1687 2634 casus
1729 2595 1774 2632 et

295 2660 650 2708 circumstantias
683 2678 834 2709 eorum
851 2700 861 2718 ,
894 2662 969 2726 qui
1008 2663 1231 2728 scrupulis
1257 2679 1392 2730 super
1414 2666 1595 2710 suorum
1618 2660 1772 2708 matri-

294 2737 542 2784 moniorum
566 2737 793 2785 validitate
811 2749 1032 2801 anguntur
1050 2777 1060 2796 ,
1083 2751 1285 2805 oportere
1303 2738 1360 2786 ab
1378 2738 1534 2786 eodem
1558 2736 1772 2802 episcopo

295 2812 501 2861 distincte
524 2814 732 2880 exponi.»
758 2816 877 2863 Haec
901 2826 1047 2864 autem
1073 2817 1283 2865 resolutio
1307 2814 1364 2864 ab
1389 2814 1478 2864 alia
1513 2812 1771 2881 particulari
