1980 3260
346 260 437 307 332
645 270 727 305 mn.
756 270 802 304 ιι.
831 269 974 305 suono
998 270 1028 304 1.
1057 269 1110 302 nn
1140 268 1307 303 Pornsr.
1337 269 1502 305 aconas.

342 351 467 399 irrita
498 349 624 397 fiunt.
660 348 717 397 Et
748 349 898 413 reipsa
929 348 1126 397 vidimus
1160 348 1219 398 ab
1252 346 1582 413 antiquioribus
1617 351 1818 401 conciliis

341 436 443 493 post
457 442 609 474 eorum
627 425 960 473 conversionem
978 424 1134 472 saltem
1152 423 1336 472 tolerata
1352 423 1510 482 fuisse,
1521 440 1575 472 ac
1591 437 1820 491 propterea

343 501 477 551 etiam
510 517 629 548 nunc
662 500 875 565 temporis
910 500 1088 548 tolerari
1117 517 1269 565 posse.

438 576 569 633 Quod
603 576 644 625 si
683 576 923 625 concilium
953 576 1170 625 limanum
1193 577 1448 625 constituit:
1474 576 1608 624 «Indi
1633 579 1820 642 pemani

339 652 420 719 qui
452 653 784 702 matrimonium
817 662 1134 702 contraxerunt
1155 671 1257 702 cum
1282 669 1473 702 noverca
1493 652 1564 702 vel
1588 671 1704 702 nuru
1734 669 1824 703 non

343 729 634 778 admittantur
662 730 720 779 ad
748 730 1020 797 baptismum
1035 768 1046 789 ,
1084 730 1175 779 nisi
1211 730 1336 797 prius
1371 730 1627 795 coniugium
1657 729 1827 797 praefa-

340 817 435 856 tum
467 807 604 856 veluti
637 807 735 856 iure
768 817 955 856 naturae
1001 807 1176 856 irritum
1222 807 1398 857 solvant
1433 810 1530 872 (56)
1553 846 1564 866 ‚
1585 827 1608 854 »
1626 806 1824 873 profecto

341 883 560 941 excessit,
588 883 696 933 dum
719 901 802 933 ceu
830 884 1107 950 exploratum
1137 895 1373 951 ratumque
1402 883 1674 950 assumpsit,
1701 882 1824 950 quod

341 976 432 1009 non
474 959 619 1009 solum
661 961 878 1009 incertum
920 970 990 1009 est
1031 970 1165 1026 atque
1191 978 1219 1010 a
1254 960 1533 1026 gravissimis
1567 958 1825 1009 auctoribus

342 1036 517 1104 passim
541 1047 752 1101 negatum
780 1036 861 1086 sed
885 1047 1115 1102 praeterea
1141 1036 1304 1086 salsum
1328 1054 1432 1085 esse
1451 1036 1822 1102 deprehenditur,

339 1113 383 1163 si
415 1112 579 1178 agendi
612 1113 831 1162 rationem
863 1113 1174 1172 consulamus,
1211 1130 1348 1179 quam
1381 1112 1566 1178 antiqua
1597 1111 1787 1161 concilia
1807 1149 1820 1170 ,

339 1198 391 1239 ut
416 1188 617 1239 vidimus
637 1226 649 1246 ‚
686 1198 937 1237 tenuerunt.
972 1188 1191 1236 Nimirum
1223 1205 1306 1254 pro
1340 1198 1463 1237 certo
1494 1187 1743 1253 assumpsit
1763 1186 1827 1236 af-

341 1264 559 1314 finitatem
580 1301 592 1322 ,
629 1280 747 1330 quae
779 1282 834 1312 ex
867 1263 1152 1312 matrimonio
1190 1264 1331 1312 oritur
1363 1263 1460 1312 iure
1493 1273 1682 1312 naturae
1717 1263 1823 1311 diri-

340 1356 462 1389 mere
494 1339 825 1388 matrimonium
844 1339 891 1386 in
909 1339 1055 1405 primo
1077 1338 1221 1403 gradu
1243 1338 1389 1387 lineae
1412 1348 1560 1387 rectae
1586 1340 1705 1403 (57).
1727 1339 1825 1387 Nisi

340 1416 491 1466 dicere
507 1416 611 1482 quis
633 1415 762 1463 malit
783 1431 918 1481 posse
938 1415 1175 1464 ecclesiam
1193 1433 1246 1464 eo
1264 1433 1401 1465 sensu
1418 1453 1429 1473 ,
1451 1433 1541 1482 quo
1557 1415 1673 1464 alias
1693 1432 1825 1481 expo-

340 1493 518 1542 suimus
535 1530 545 1550 ,
572 1492 784 1540 dirimere
805 1492 1014 1557 coniugia
1036 1491 1287 1540 infidelium
1302 1531 1313 1551 ,
1339 1509 1457 1559 quae
1478 1492 1564 1541 etsi
1585 1509 1691 1540 vera
1713 1492 1821 1549 sint,

341 1579 536 1619 attamen
568 1569 769 1617 nondum
801 1578 904 1617 rata
933 1579 1037 1618 ante
1068 1568 1344 1635 baptismum
1364 1607 1375 1627 ,
1403 1586 1504 1618 eam
1526 1585 1616 1618 non
1644 1585 1825 1635 praese-

341 1646 490 1697 ferunt
511 1645 763 1694 firmitatem
778 1683 789 1703 ‚
817 1663 936 1711 quae
958 1645 1159 1694 fidelium
1182 1645 1403 1710 coniugiis
1426 1645 1632 1694 convenit
1655 1644 1827 1693 ratione

341 1722 607 1773 sacramenti
630 1761 642 1781 ‚
678 1722 789 1771 adeo
811 1733 862 1772 ut
885 1722 974 1771 nisi
1008 1723 1232 1787 coniugiis
1265 1722 1517 1770 infidelium
1534 1760 1545 1780 ,
1572 1738 1674 1770 cum
1696 1720 1747 1768 hi
1768 1720 1826 1770 ad

342 1799 603 1864 religionem
635 1799 926 1848 christianam
973 1799 1268 1865 profitendam
1303 1799 1522 1848 accedunt
1554 1799 1695 1848 insint
1725 1815 1827 1848 con-

342 1876 534 1925 ditiones
566 1893 682 1942 quas
714 1876 907 1925 ecclesia
939 1876 1165 1943 exposcit,
1203 1876 1379 1942 possint
1411 1876 1644 1933 conversi,
1681 1875 1827 1924 soluta

345 1952 514 2002 incesta
547 1953 625 2000 illa
657 1953 991 2011 coniunctione,
1020 1953 1078 2002 ad
1101 1970 1240 2002 novas
1267 1953 1447 2018 nuptias
1479 1952 1684 2000 transire.

439 2029 520 2078 Ast
550 2030 638 2078 hac
670 2030 718 2077 in
751 2029 992 2097 hypothesi
1014 2030 1090 2078 vix
1113 2029 1361 2096 probabili,
1399 2046 1514 2078 nova
1547 2028 1723 2093 exurgit
1743 2028 1827 2076 dif-

344 2105 518 2154 ficultas
533 2144 544 2163 ,
585 2117 734 2155 utrum
767 2124 928 2174 nempe
961 2106 1108 2156 valeat
1141 2105 1410 2172 particulare
1442 2105 1680 2154 concilium
1695 2142 1708 2164 ‚
1747 2122 1826 2153 cu-

344 2182 539 2232 iusmodi
567 2182 650 2230 fuit
670 2183 909 2242 limanum,
939 2183 1042 2232 illas
1066 2200 1292 2249 apponere
1314 2182 1617 2241 conditiones,
1646 2199 1701 2231 ac
1720 2192 1826 2230 vera

344 2270 739 2324 consummataque
780 2261 1005 2310 connubia
1049 2261 1310 2324 disiungere
1332 2298 1342 2318 ‚
1381 2276 1483 2308 oum
1524 2259 1610 2308 hoc
1642 2258 1824 2308 nonnisi

344 2352 579 2403 supremae
602 2338 808 2400 potestati
833 2338 1073 2387 convenire
1095 2354 1231 2403 posse
1252 2337 1472 2387 videatur.
1495 2335 1684 2385 Nonnisi
1706 2351 1825 2384 unus

345 2412 393 2460 in
411 2412 508 2460 iure
524 2412 737 2460 canonico
761 2414 972 2463 universo
996 2432 1131 2463 casus
1159 2413 1351 2462 habetur
1371 2412 1683 2461 dissolutionis
1706 2411 1826 2461 eius-

345 2488 466 2538 modi
488 2488 793 2552 coniugiorum
815 2527 825 2547 ,
854 2507 956 2538 cum
980 2491 1151 2540 scilicet
1183 2490 1321 2540 altero
1354 2488 1544 2552 coniuge
1567 2489 1625 2537 ad
1647 2487 1826 2552 religio-

435 2622 503 2665 (56)
522 2623 618 2665 Apud
639 2622 759 2656 Bened.
772 2625 859 2657 XIV.
873 2625 925 2656 De
939 2624 1058 2666 synod.
1076 2624 1221 2658 dioeces.
1238 2625 1296 2658 lib.
1311 2626 1370 2658 IX.
1383 2632 1413 2657 c.
1427 2625 1515 2656 xm.
1528 2631 1562 2656 n.
1578 2625 1609 2656 4.
1625 2622 1825 2656 celebratum

345 2676 396 2710 est
415 2676 481 2709 hoc
498 2675 674 2709 concilium
694 2684 748 2708 an.
771 2680 863 2709 1583.
887 2677 989 2709 cuius
1006 2678 1079 2710 acta
1099 2687 1166 2710 non
1186 2685 1280 2711 secus
1299 2686 1339 2710 ac
1358 2675 1491 2710 alterius
1519 2674 1651 2708 concilii
1676 2674 1767 2717 quod
1787 2676 1823 2708 in

346 2729 515 2771 provincia
540 2729 710 2763 mexicana
738 2730 789 2763 est
813 2729 962 2762 habitum
983 2739 1036 2763 an.
1054 2735 1145 2764 1585.
1165 2731 1263 2764 refert
1291 2729 1380 2763 card.
1394 2731 1443 2762 De
1460 2729 1596 2771 Aguirre
1615 2729 1650 2761 in
1664 2730 1737 2762 Sua
1753 2728 1822 2762 col-

345 2781 425 2815 lect.
451 2783 612 2815 maxima
634 2781 760 2816 concil.
776 2783 970 2824 Hispaniae
990 2784 1025 2815 et
1045 2784 1137 2816 Novi
1158 2783 1251 2816 orbis
1270 2783 1351 2816 tom.
1368 2783 1425 2815 1v.
1442 2789 1515 2823 pag.
1535 2785 1606 2815 1³1.
1620 2782 1654 2815 et
1675 2785 1748 2815 2⁹2.
1766 2780 1820 2815 ed.

347 2837 614 2930 Romi-‘igneam
631 2889 682 2922 vel
703 2889 773 2932 ipse
790 2887 982 2922 Benedictus
1002 2889 1088 2921 xlv,
1104 2888 1166 2921 loc.
1184 2888 1240 2921 cit.
1257 2887 1290 2920 id
1309 2887 1482 2929 Improbat.
