1980 3260
249 259 339 291 cir.
358 258 484 291 unm:
504 257 619 290 scen.
635 258 724 291 ror.
740 257 843 291 msr.
862 257 905 292 m
927 258 1014 291 nn».
1034 257 1157 291 uun.
1174 259 1258 292 mn.
1274 259 1366 291 Am.
1385 259 1442 292 1v.
1515 243 1607 291 137

153 335 366 384 ecclesiae
388 336 537 401 plures
562 335 954 400 consanguinitatis
977 335 1141 400 gradus
1166 347 1270 385 sunt
1286 354 1312 384 a
1329 337 1609 386 matrimonio

153 413 358 476 separati.
381 413 451 459 Sic
477 430 580 476 ergo
606 430 659 460 ex
687 413 818 461 dictis
847 421 985 478 patet,
1016 413 1135 477 quod
1170 414 1528 477 consanguinitas
1553 414 1609 462 ad

153 486 326 551 aliquas
361 505 573 552 personas
608 488 792 552 impedit
823 488 1148 535 matrimonium
1175 488 1231 536 de
1264 488 1358 535 iure
1392 489 1604 546 naturali;

152 573 366 626 quantum
401 563 456 610 ad
490 563 665 628 aliquas
700 564 756 610 de
788 563 882 610 iure
914 563 1091 620 divino,
1125 573 1168 611 et
1195 576 1408 628 quantum
1441 564 1499 611 ad
1533 564 1610 612 ali-

152 656 265 703 quas
298 639 355 686 de
387 639 483 685 iure
515 657 594 702 per
626 639 829 686 homines
866 640 1102 687 constituto
1125 641 1276 702 (96).»

186 744 189 746 -
247 715 471 761 Hactenus
500 714 680 778 quidem
708 732 747 761 s.
775 714 966 761 Thomas
1001 732 1053 762 ex
1086 716 1213 763 cuius
1246 715 1396 763 verbis
1429 716 1608 781 conspi-

150 790 268 838 citur
299 798 497 853 spectato
531 798 713 836 naturae
741 789 835 836 iure
868 807 1020 854 presse
1054 800 1252 854 sumpto,
1286 808 1372 838 non
1402 791 1522 838 aliud
1556 809 1609 839 ex

153 864 562 927 consanguineitate
584 864 946 928 impedimentum
970 865 1101 922 oriri,
1130 882 1263 929 quam
1281 882 1334 912 ex
1351 866 1469 914 linea
1493 878 1609 916 recta

151 940 265 987 inter
298 940 598 1004 progenitores
633 957 684 987 ac
718 940 858 997 fili0s;
886 950 1055 988 ceteros
1078 957 1181 988 vero
1205 940 1371 1004 gradus
1396 942 1610 1007 impedire

150 1025 226 1062 aut
248 1015 456 1062 dirimere
482 1015 809 1063 matrimonium
832 1026 999 1063 tantum
1026 1033 1079 1063 ex
1102 1017 1396 1081 dispositione
1419 1017 1610 1082 positiva

149 1091 303 1139 divina
325 1102 400 1139 aut
424 1092 633 1139 humana.
667 1091 784 1148 Quin
818 1092 949 1140 etiam
983 1110 1138 1156 graves
1163 1111 1251 1141 non
1275 1093 1438 1141 desunt
1460 1103 1611 1142 aucto·

151 1185 221 1215 res
238 1205 248 1225 ,
278 1169 356 1232 qui
381 1178 591 1216 censeant
623 1164 814 1233 primum
849 1169 1031 1232 gradum
1057 1169 1103 1215 in
1126 1169 1244 1217 linea
1267 1178 1385 1217 recta
1408 1169 1508 1216 idco
1531 1169 1609 1217 ad-

149 1243 317 1291 versari
351 1244 555 1307 coniugio
578 1261 630 1290 ex
654 1243 749 1290 iure
775 1243 986 1301 naturali,
1025 1245 1144 1309 quod
1180 1244 1239 1292 sit
1270 1244 1605 1302 inconveniens,

150 1317 388 1382 minusque
427 1329 610 1366 naturae
642 1318 878 1366 conformis
912 1319 1052 1383 patris
1086 1330 1162 1367 aut
1194 1319 1348 1367 matris
1383 1337 1482 1367 cum
1518 1319 1609 1367 filia

148 1403 225 1441 aut
248 1393 340 1441 filio
364 1394 635 1451 commixtio;
675 1411 763 1442 non
797 1404 940 1442 autem
971 1394 1121 1442 stricto
1147 1395 1242 1442 iure
1271 1405 1455 1442 naturae
1471 1432 1481 1451 ,
1508 1411 1609 1442 cum

152 1468 230 1515 fini
258 1470 496 1535 praecipuo
529 1470 723 1534 coniugii
751 1470 828 1536 qui
859 1480 925 1518 est
955 1470 1120 1518 bonum
1154 1470 1291 1535 prolis
1325 1469 1507 1519 minime
1531 1470 1610 1517 ad-

149 1556 362 1594 versetur.
397 1546 676 1612 Quapropter
706 1546 958 1595 existimant
991 1564 1044 1594 ex
1076 1547 1171 1594 iure
1204 1547 1349 1611 potius
1383 1546 1574 1610 positivo
1594 1583 1605 1602 ,

150 1637 231 1669 seu
254 1620 351 1685 lege
375 1622 526 1670 divina
549 1640 682 1687 quam
706 1640 759 1670 ex
781 1622 876 1670 iure
902 1621 1090 1669 naturali
1120 1639 1271 1687 presse
1299 1631 1473 1686 sumpto
1495 1621 1610 1669 eius-

149 1697 269 1745 modi
292 1698 506 1745 dirimens
530 1698 893 1763 impedimentum
917 1698 1037 1746 oriri.
1054 1698 1118 1744 Ex
1135 1715 1224 1762 quo
1242 1697 1435 1744 inferunt
1450 1735 1459 1753 ‚
1487 1697 1607 1761 quod

148 1773 188 1820 si
221 1773 343 1820 aliud
377 1784 624 1822 occurreret
655 1783 935 1839 praeceptum
969 1773 1196 1837 urgentius
1218 1783 1261 1820 et
1278 1772 1526 1829 efficacius,
1554 1789 1611 1819 ne

147 1866 216 1896 ex.
244 1868 309 1913 gr.
338 1851 499 1915 periret
532 1851 827 1915 deficeretque
861 1867 1042 1915 prorsus
1077 1866 1215 1913 genus
1249 1849 1516 1906 humanum,
1555 1848 1609 1894 il-

148 1925 224 1973 lud
252 1926 615 1991 impedimentum
647 1926 816 1991 absque
843 1925 935 1973 ulla
961 1925 1294 1990 dispensatione
1318 1941 1369 1971 eo
1393 1924 1491 1988 ipso
1514 1941 1610 1971 ces-

147 2012 266 2050 saret
281 2004 397 2066 (97).
414 2003 547 2051 Multo
565 2020 668 2051 vero
685 2003 828 2066 magis
846 2002 891 2049 id
910 2012 1026 2050 esset
1050 2000 1359 2048 affirmandum
1382 2000 1503 2047 iuxta
1526 1999 1609 2048 hos

147 2090 346 2127 auctores
370 2079 426 2126 de
450 2079 613 2143 gradu,
641 2079 719 2143 qui
745 2097 771 2126 a
794 2079 935 2144 primo
959 2078 1128 2143 stipite,
1157 2077 1260 2124 licet
1282 2076 1326 2122 in
1351 2075 1468 2123 linea
1490 2086 1609 2124 recta

148 2156 207 2204 sit
224 2156 444 2204 remotior.
460 2156 672 2211 Quamvis
687 2156 804 2202 enim
819 2155 939 2202 haud
953 2154 1080 2219 pauci
1097 2154 1231 2202 velint
1248 2152 1608 2218 impedimentum

149 2232 413 2296 proveniens
441 2249 493 2278 ex
520 2231 638 2278 linea
672 2241 792 2278 recta
825 2231 1032 2278 dirimere
1055 2232 1101 2277 in
1118 2230 1358 2295 infinitum,
1386 2238 1435 2276 ut
1458 2229 1604 2286 aiunt,

149 2306 225 2354 alii
244 2317 390 2355 tamen
403 2306 523 2354 hunc
539 2306 747 2354 effectum
765 2306 835 2354 vel
853 2307 910 2353 ad
927 2308 1176 2371 septimam,
1189 2304 1258 2353 vel
1277 2313 1443 2352 sextam
1456 2342 1466 2361 ,
1484 2304 1610 2369 quin-

150 2393 239 2430 tam
255 2420 265 2439 ,
288 2381 555 2449 quandoque
573 2382 705 2429 etiam
730 2382 788 2429 ad
812 2392 1013 2447 quartam
1031 2381 1277 2437 tertiamve,
1300 2380 1389 2428 imo
1405 2390 1449 2427 et
1471 2379 1526 2426 ad
1546 2397 1611 2427 se-

151 2457 343 2507 cundam
354 2457 704 2521 generationem,
723 2468 917 2524 spectato
941 2457 1034 2506 solo
1052 2466 1233 2508 naturae
1251 2455 1347 2529 iure
1364 2465 1603 2505 coarctant.

246 2600 313 2642 (96)
332 2601 496 2642 supplem.
515 2605 543 2633 3.
563 2610 595 2643 p.
611 2610 643 2642 q.
660 2603 710 2633 54.
726 2601 786 2632 art.
803 2604 833 2633 3.
846 2608 938 2642 corp.

245 2654 311 2694 (97)
336 2655 408 2691 Qua
427 2653 468 2686 de
486 2662 583 2686 causa
601 2662 805 2694 congressum
819 2652 956 2685 filiarum
968 2653 1031 2685 Lot
1044 2661 1120 2685 cum
1138 2653 1229 2694 patre
1243 2660 1282 2684 cx
1297 2650 1511 2692 persuasione,
1520 2648 1609 2688 quod

151 2705 224 2746 igne
243 2714 354 2739 omnes
374 2706 520 2739 homines
537 2706 719 2747 periissent,
736 2705 837 2747 aliqui
854 2714 874 2738 a
891 2705 980 2746 gravi
1004 2706 1135 2746 peccato
1155 2704 1325 2743 excusant,
1348 2701 1427 2743 quln
1448 2701 1544 2732 etiam
1568 2700 1610 2732 ab

151 2757 239 2789 omni
263 2759 393 2798 peccato
421 2758 559 2791 liberant
582 2767 610 2791 s.
625 2760 713 2791 Ioan.
730 2758 995 2799 chrysostomus,
1011 2766 1039 2790 s.
1051 2757 1239 2790 Ambrosius
1253 2755 1373 2795 aliique
1384 2752 1542 2785 nonnulli.
1555 2753 1606 2785 Cf.

150 2809 270 2850 Kugler
281 2812 494 2844 Dematrim.
510 2813 561 2845 De
574 2811 698 2854 imped.
713 2812 906 2844 matrimc.
915 2809 1008 2852 lv.§.
1019 2814 1046 2844 ι.
1055 2818 1088 2843 ιι.
1104 2814 1192 2843 1³⁰5.
1204 2809 1286 2841 ltem
1299 2805 1449 2840 Pontium
1463 2804 1521 2838 lib.
1534 2806 1605 2837 vll.

150 2869 222 2905 cap.
237 2867 287 2896 31.
300 2871 333 2897 n.
350 2866 381 2897 4.
397 2865 429 2896 et
445 2868 474 2896 5.
