1980 3260
397 249 454 294 50
693 259 773 290 un.
801 258 846 289 11.
875 257 986 290 sacr.
1017 258 1045 287 1.
1074 256 1125 286 m:
1150 255 1315 286 rornsr.
1346 255 1509 288 nectas.

394 347 629 404 potestate,
669 335 746 382 sed
769 334 824 381 de
851 333 1104 381 executione
1138 331 1283 394 legum
1311 331 1605 395 imperialium
1623 371 1633 390 ,
1660 335 1716 382 de
1749 336 1849 401 qui-

392 414 475 462 bus
508 413 553 458 in
588 411 660 458 his
694 410 893 458 conciliis
928 426 1072 456 sermo
1106 418 1188 455 est.

484 487 711 535 Vindicata
746 486 992 549 dogmatica
1031 485 1287 532 auctoritate
1326 501 1543 531 canonum
1590 485 1849 536 tridentino-

392 582 515 621 rum,
554 564 771 627 reliquum
802 572 894 618 est,
932 572 980 607 ut
1014 560 1267 607 eorumdem
1300 560 1574 607 vindicemus
1598 561 1844 621 veritatem,

392 651 519 706 prout
552 639 745 687 secundo
769 638 863 685 loco
887 637 1211 702 proposuimus.
1241 637 1291 683 ld
1314 647 1459 684 autem
1483 637 1725 686 efficiemus
1757 648 1849 686 tum

395 734 448 764 ex
481 716 542 762 rei
577 725 733 761 natura
765 725 807 761 et
840 731 866 760 a
891 715 1054 777 priori,
1094 723 1185 760 tum
1220 731 1245 760 a
1274 714 1516 776 posteriori.

485 792 550 838 Ex
584 791 646 838 rei
680 791 859 855 quidem
884 801 1039 837 natura
1067 789 1295 854 multiplex
1313 789 1496 852 emergit
1519 789 1743 854 probatio,
1773 808 1849 858 ea-

391 885 477 932 que
498 867 630 931 plane
653 866 972 922 ineluctabilis;
1001 883 1051 912 ac
1076 867 1120 911 1.
1150 883 1202 912 ex
1226 865 1393 912 ratione
1417 866 1705 923 sacramenti,
1734 883 1849 931 quae

391 943 590 991 inhaeret
622 943 826 1006 coniugio
859 943 1053 1005 legitime
1085 942 1197 988 inter
1235 942 1388 989 fideles
1422 942 1654 990 celebrato.
1683 943 1747 989 Ex
1770 943 1849 990 de-

388 1019 641 1067 monstratis
675 1020 807 1076 enim,
836 1019 882 1065 in
905 1018 1123 1066 connuhio
1158 1018 1399 1065 christiano
1432 1018 1748 1082 inseparabilis
1780 1029 1849 1066 est

390 1095 500 1143 ratio
534 1105 781 1142 contractus
811 1113 838 1141 a
870 1095 1037 1141 ratione
1061 1094 1348 1151 sacramenti,
1395 1094 1500 1158 quia
1523 1105 1846 1143 sacramentum

390 1188 442 1218 ex
474 1172 748 1219 institutione
783 1171 947 1218 Christi
974 1171 1029 1218 ab
1057 1171 1131 1217 illo
1158 1170 1239 1217 rite
1266 1171 1374 1218 inito
1404 1170 1602 1233 exurgit,
1641 1171 1775 1220 immo
1803 1181 1847 1219 et

389 1247 635 1294 conficitur.
680 1249 811 1295 Porro
846 1257 1215 1294 sacramentorum
1251 1246 1571 1294 administratio
1606 1263 1659 1293 ac
1696 1246 1849 1295 mode-

390 1322 501 1369 ratio
535 1323 596 1369 ita
627 1340 654 1369 a
687 1322 862 1369 Christo
888 1322 1100 1369 ecclesiae
1135 1322 1386 1369 concredita
1417 1332 1506 1379 est,
1540 1332 1589 1369 ut
1619 1322 1719 1386 ipsa
1742 1339 1847 1386 pos-

388 1398 446 1445 sit
479 1399 712 1446 decernere
741 1416 855 1463 quae
885 1399 940 1445 ad
973 1416 1122 1445 eorum
1151 1398 1343 1446 validam
1372 1408 1449 1444 aut
1482 1397 1722 1445 invalidam
1746 1415 1846 1446 oon-

387 1474 617 1521 sectionem
656 1484 855 1538 spectant
894 1485 936 1521 et
969 1492 1226 1521 concurrere
1260 1474 1435 1521 debent.
1483 1474 1592 1520 Cum
1627 1474 1761 1537 igitur
1798 1475 1844 1521 in

386 1551 652 1598 matrimonii
674 1561 944 1598 sacramento
962 1551 1234 1598 conficiendo
1251 1552 1498 1615 requiratur
1511 1550 1734 1613 legitimus
1747 1568 1847 1598 con-

386 1636 573 1683 tractus,
602 1627 679 1691 qui
712 1627 849 1674 oritur
871 1645 923 1673 ex
947 1628 1296 1675 contrahentium
1326 1644 1571 1682 consensu,
1601 1627 1639 1674 si
1674 1637 1847 1675 contra-

386 1711 482 1748 ctus
506 1701 657 1749 nullus
680 1702 809 1749 fuerit
832 1702 1000 1749 nullum
1025 1703 1187 1767 pariter
1209 1703 1291 1749 erit
1315 1712 1637 1749 sacramentum
1661 1702 1840 1766 ipsum;

386 1786 462 1823 aut
485 1777 646 1824 rectius
675 1778 833 1824 etiam:
879 1779 1090 1826 ecclesiae
1113 1789 1181 1825 est
1214 1795 1428 1842 personas
1459 1778 1631 1825 habiles
1660 1789 1736 1825 aut
1757 1796 1846 1827 non

386 1852 557 1900 habiles
592 1853 814 1901 declarare
846 1872 923 1901 seu
956 1854 1129 1901 efficere
1162 1854 1218 1900 ad
1251 1853 1444 1916 legitime
1470 1854 1842 1912 contrahendum,

387 1938 519 1992 atque
548 1929 710 1976 idcirco
741 1930 796 1976 ad
826 1929 1138 1977 conferendum
1165 1940 1239 1976 aut
1266 1929 1567 1993 recipiendum
1594 1929 1743 1977 valide
1775 1947 1848 1977 sa-

389 2015 657 2052 cramentum
690 2005 956 2053 matrimonii
996 2022 1094 2052 cum
1124 2005 1178 2052 de
1216 2023 1263 2052 re
1296 2005 1450 2053 morali
1487 2006 1617 2070 eique
1658 2005 1847 2052 obnoxia

388 2090 557 2142 agatur.
598 2079 872 2144 Quapropter
900 2090 1043 2146 potest
1087 2080 1275 2128 ecclesia
1307 2098 1530 2145 apponere
1571 2079 1847 2127 conditiones

391 2155 488 2203 sine
523 2155 685 2220 quibus
712 2174 924 2221 personae
952 2158 1145 2221 legitime
1169 2157 1427 2205 contrahere
1451 2174 1538 2204 non
1560 2156 1736 2204 valeant
1766 2174 1847 2204 nec

387 2231 571 2296 proinde
612 2244 930 2279 sacramentum
972 2234 1181 2291 efficere,
1230 2244 1273 2280 et
1313 2233 1476 2298 quibus
1517 2231 1840 2290 deficientibus,

389 2318 709 2355 sacramentum
745 2309 911 2355 nullum
938 2310 1020 2367 sit,
1051 2310 1250 2375 adeoque
1284 2320 1326 2357 et
1350 2318 1614 2358 contractus.
1638 2308 1733 2355 Hae
1766 2326 1845 2356 au-

386 2392 472 2431 tern
495 2384 767 2432 conditiones
792 2385 893 2432 illae
918 2397 1040 2443 sunt,
1068 2405 1182 2451 quae
1205 2387 1518 2452 impedimenta
1541 2385 1837 2449 appellantur.

387 2460 496 2507 Nam
521 2478 656 2525 penes
681 2472 941 2526 potestatem
976 2463 1199 2526 publicam
1229 2474 1296 2512 est
1328 2462 1600 2512 conditiones
1625 2462 1721 2509 sine
1745 2461 1845 2527 qui-

387 2535 471 2584 bus
495 2546 741 2586 contractus
765 2538 911 2586 valide
934 2538 1027 2585 fieri
1052 2557 1138 2587 non
1163 2550 1370 2605 possunt,
1409 2556 1654 2604 apponere,
1689 2548 1733 2586 et
1765 2556 1845 2586 no—

387 2611 586 2661 minatim
620 2623 761 2662 certas
791 2631 1003 2678 personas
1033 2616 1087 2662 ad
1118 2616 1463 2664 contrahendum
1498 2614 1722 2662 inhabiles
1744 2613 1845 2662 red-

387 2688 512 2746 dere;
550 2689 630 2738 sed
657 2701 851 2755 potestas
874 2691 1051 2756 publica
1078 2693 1160 2741 hoc
1192 2711 1279 2742 non
1305 2702 1446 2758 potest
1469 2692 1556 2739 nisi
1592 2692 1637 2738 in
1671 2701 1843 2738 contra-

390 2764 532 2813 ctibus
548 2804 558 2822 ‚
595 2766 671 2832 qui
705 2766 761 2814 ad
796 2784 925 2814 suum
953 2768 1143 2816 tribunal
1175 2770 1403 2836 pertinent.
1433 2767 1564 2832 Atqui
1598 2777 1844 2815 contractus

387 2840 743 2899 matrimonialis,
773 2842 878 2907 quia
895 2855 1213 2893 sacramentum
1237 2855 1319 2902 est,
1347 2843 1403 2892 ad
1421 2843 1634 2892 ecclesiae
1651 2841 1842 2890 tribunal
