1980 3260
359 254 416 299 52
660 259 1094 295 Lm.11.81tc'r.1.1›1·:
1119 257 1281 289 Porsssr.
1310 256 1475 290 scetus

357 345 455 392 dem
489 340 758 389 auctoritatis
785 341 828 387 vi
857 338 1013 403 poterit
1038 335 1221 383 ecclesia
1247 349 1460 408 personas
1485 334 1571 380 sibi
1607 335 1808 383 subditas

356 420 554 474 afficere,
584 427 627 463 et
660 415 828 462 nullum
853 414 1034 461 reddere
1061 420 1326 458 contractum
1357 404 1631 473 spiritualem
1657 412 1819 458 coniu—v

355 494 441 557 gii;
480 509 559 540 seu
582 492 698 556 quod
722 491 838 537 idem
863 500 959 544 est,
989 497 1134 551 potest
1157 496 1349 533 statuere
1371 484 1687 549 impedimenta
1708 491 1810 533 con-

355 568 521 632 iugium
550 566 779 612 irritantia.
1814 632 1818 634 .

430 644 499 689 'Id
531 642 649 706 quod
683 641 896 687 hactenus
930 657 956 686 a
999 639 1133 703 priori
1177 637 1476 693 ostendimus,
1516 654 1542 684 a
1576 637 1807 700 posteriori

354 720 442 765 iam
463 718 707 773 efficimus,
734 716 940 762 nimirum
969 732 1022 761 ex
1051 724 1261 779 perpetuo
1285 713 1420 760 huius
1445 712 1555 760 iuris
1581 712 1818 760 exercitioe

354 792 463 839 Nam
497 793 534 839 si
569 792 704 839 semel
737 791 981 838 constiterit
1013 790 1168 854 quovis
1209 800 1402 854 tempore
1446 783 1677 835 ecclesiam
1720 788 1809 835 hac

343 877 564 933 ,potestate
603 868 646 913 in
683 866 1001 914 constituendis
1025 865 1289 912 matrimonii
1313 865 1640 929 impedimentis
1678 881 1806 911 usam

352 961 474 1000 esse,
509 943 593 990 hoc
630 943 729 1007 ipso
763 942 980 989 constabit
1012 941 1155 1005 ipsam
1189 958 1339 987 revera
1371 958 1505 1004 posse
1537 940 1583 985 id
1612 939 1800 987 efficere.

354 1019 446 1066 Iam
473 1035 576 1065 vero
606 1017 973 1082 quemadmodum
1006 1016 1207 1062 Christus
1242 1015 1394 1061 Matth.
1430 1015 1543 1060 XIX.
1580 1015 1714 1062 Marci
1746 1015 1800 1060 X.

352 1103 396 1141 et
417 1094 520 1141 Luc.
546 1094 642 1139 XII.
675 1093 764 1139 iam
787 1089 1070 1139 constituerat
1092 1091 1451 1155 impedimentum
1465 1128 1474 1146 ,
1505 1090 1625 1154 quod
1648 1100 1807 1137 vocant

352 1167 574 1231 ligaminis
596 1206 606 1224 ,
644 1168 705 1214 ita
740 1178 789 1214 ut
827 1184 954 1214 nemo
989 1166 1129 1231 possit
1159 1166 1333 1213 vivente
1366 1165 1512 1211 adhuc
1535 1181 1671 1211 uxore
1698 1181 1819 1220 suas

352 1242 484 1290 aliam
518 1242 697 1299 ducere,
733 1243 798 1289 sic
820 1242 1083 1306 Apostolus,
1112 1251 1290 1304 accepta
1325 1258 1350 1286 a
1383 1239 1557 1286 Christo
1590 1248 1808 1303 potestate

351 1318 386 1363 1.
421 1316 519 1364 Cor.
555 1317 646 1362 VII.
694 1334 781 1363 non
816 1317 945 1363 modo
978 1315 1173 1362 declarat
1203 1315 1383 1362 uberius
1418 1314 1581 1361 Christi
1614 1311 1806 1361 mentem

351 1392 468 1439 circa
500 1402 784 1439 memoratum
818 1391 1041 1454 ligaminis
1071 1391 1432 1456 impedimentum
1451 1428 1461 1446 ,
1495 1390 1805 1438 verumetiam

350 1484 422 1515 vv.
451 1469 611 1514 12-15.
651 1467 772 1514 aliud
805 1468 1032 1515 constituit
1060 1467 1272 1514 dirimens
1305 1467 1637 1514 matrimonium⁴
1659 1466 1806 1532 quoad

351 1542 525 1590 fidelem
548 1560 575 1589 a
597 1560 685 1607 quo
709 1542 934 1605 religionis
958 1560 1094 1590 causa
1117 1542 1309 1589 infidelis
1337 1543 1496 1590 coniux
1524 1542 1817 1598 discesserit,v

350 1618 598 1665 facultatem
618 1618 815 1665 tribuens
833 1618 954 1665 aliud
979 1619 1161 1665 ineundi
1186 1619 1438 1681 coniugium
1467 1619 1562 1680 (47)
1589 1638 1600 1675 ;
1627 1635 1708 1665 nec
1730 1618 1808 1665 de-

351 1704 473 1750 sunt,
512 1694 589 1758 qui
623 1694 889 1741 contendant
926 1694 1128 1741 eumdem
1151 1694 1410 1758 Apostolum
1442 1693 1806 1758 impedimentum

350 1768 630 1816 constituisse
645 1769 918 1834 disparitatis
936 1769 1078 1816 cultus
1101 1770 1157 1815 11.
1176 1769 1374 1816 Corinth.
1397 1770 1467 1816 VI.
1488 1770 1564 1815 14.
1596 1769 1686 1817 illis
1708 1766 1814 1818 rer-³-

350 1843 453 1890 his:
487 1843 667 1890 «Nolite
700 1844 851 1907 iugum
880 1844 1040 1891 ducere
1068 1861 1169 1891 cum
1202 1844 1484 1901 infidelibus;
1511 1864 1533 1889 ι)
1572 1844 1728 1892 saltem
1750 1862 1818 1900 ex,

352 1917 409 1964 iis
432 1927 594 1965 certum
620 1928 687 1965 est
708 1919 934 1982 prohiberi
957 1920 1014 1966 ab
1036 1919 1245 1984 Apostolo
1274 1919 1481 1967 fidelibus
1503 1920 1681 1985 nuptias
1703 1919 1815 1967 iun-2

352 2009 453 2055 gere
473 2009 571 2040 cum
601 1994 851 2042 infidelibus
880 1996 997 2057 (48),
1027 1995 1168 2061 Atque
1185 1995 1290 2042 hinc
1307 1996 1467 2043 factum
1488 1996 1587 2053 est,
1620 2005 1663 2043 et
1684 1995 1812 2044 eius-

441 2160 507 2202 (47)
527 2161 577 2193 Cf.
594 2162 760 2195 Praelect
779 2164 921 2205 theoloy.
946 2165 1048 2197 tract.
1065 2164 1108 2197 de
1125 2165 1279 2197 matrim.
1295 2172 1366 2206 cap.
1385 2165 1427 2196 11.
1440 2173 1532 2205 prop.
1548 2165 1591 2196 Π.

440 2213 506 2254 (48)
525 2215 562 2245 In
578 2215 660 2246 hanc
674 2216 860 2249 sententiam
878 2217 1081 2249 consentiunt
1098 2217 1286 2260 interpretes
1300 2216 1451 2249 catholici
1466 2216 1634 2262 Cornelius
1645 2224 1666 2249 a
1677 2215 1808 2258 lapide,

349 2264 475 2304 Estius,
498 2266 637 2307 calmet,
658 2268 872 2300 Bernardinus
893 2278 912 2300 a
931 2270 1063 2302 Piconio
1084 2269 1216 2311 aliique.
1238 2270 1279 2302 Et
1300 2271 1405 2310 recte3
1429 2258 1602 2310 siquidem
1611 2277 1670 2315 per
1693 2269 1803 2301 coniu-

353 2316 405 2356 gia
422 2317 558 2350 societas
583 2319 686 2357 oritur
700 2319 843 2351 omnium
866 2321 1065 2361 arctissima,
1087 2331 1169 2362 quae
1186 2331 1250 2354 non
1270 2322 1340 2354 sine
1360 2330 1475 2363 magna
1492 2320 1568 2353 fidei
1592 2314 1719 2352 iactura
1739 2328 1816 2354 esse

346 2370 462 2410 potest
488 2370 582 2405 Anim
627 2372 755 2404 vertunt
777 2373 939 2413 praeterea
964 2374 998 2406 hi
1030 2374 1110 2415 ipsi,
1141 2374 1231 2416 quod
1255 2374 1376 2411 Paulus
1395 2376 1422 2408 1.
1442 2375 1519 2408 cor.
1534 2366 1607 2405 vn.
1626 2372 1808 2414 permiserit

352 2420 483 2462 quidem
509 2421 594 2455 fideli
619 2432 656 2455 us
678 2423 743 2455 iam
769 2425 877 2466 nuptis
901 2434 973 2457 cum
996 2426 1178 2459 infidelibus
1206 2436 1394 2469 permanere
1413 2435 1487 2459 cum
1510 2424 1645 2466 iisdem,
1674 2425 1805 2468 quando

631 2475 701 2508 sine
725 2477 885 2509 creatoris
905 2478 1043 2520 iniuria;
1061 2479 1094 2510 in
1114 2480 1173 2512 hac
1186 2489 1264 2512 vero
1278 2479 1418 2513 secunda
1443 2479 1578 2520 epistola
1592 2479 1745 2519 vetuerit,
1760 2478 1810 2512 ue'

350 2527 477 2568 innupti
490 2526 572 2563 duce
589 2528 644 2560 ent
657 2528 796 2569 aliquem
810 2528 994 2561 infidelem·
984 2539 1018 2562 ιιι
1031 2531 1227 2572 coniugium.
1243 2532 1411 2565 Rationem
1423 2530 1569 2564 diversae
1581 2531 1677 2564 huius
1689 2530 1804 2572 aad!

353 2578 486 2611 rationis
503 2587 522 2611 e
541 2619 546 2632 ί
582 2579 636 2611 bet
655 2580 762 2612 Estius
786 2581 818 2611 in
846 2581 931 2613 hunc
955 2581 1016 2613 loc.

440 2622 506 2663 lam
531 2628 559 2671 ὀ
579 2625 585 2629 ’
610 2631 791 2672 ieronymus
815 2632 849 2663 in
870 2632 927 2664 lib.
946 2634 971 2664 1.
991 2635 1103 2666 contra
1125 2633 1282 2668 Iovinian.
1308 2640 1411 2668 n.1o.
1437 2635 1519 2667 etin
1542 2636 1637 2676 epist.
1664 2635 1704 2667 ad
1725 2638 1802 2676 Age-

352 2682 517 2723 ruchiam,
536 2680 583 2725 qu
635 2683 670 2716 iu
682 2683 760 2716 edit.
778 2684 928 2717 vallarsii
940 2686 988 2718 est
1010 2687 1153 2719 cxxlu.
1168 2696 1202 2720 ιι.
1219 2693 1251 2721 6.
1268 2687 1457 2729 scripserat.
1482 2686 1666 2728 “Quodque
1675 2687 1803 2720 addidit

351 2734 515 2776 (Paulus)
535 2737 551 2768 t
599 2738 674 2769 tum
691 2738 729 2769 in
748 2739 911 2777 Domino,
926 2740 1070 2779 amputat
1091 2740 1293 2773 ethnicorum
1307 2740 1474 2781 coniugia,
1494 2739 1536 2772 de
1555 2740 1675 2781 quibus
1688 2740 1812 2774 irratio.-

351 2786 422 2820 looo
441 2787 497 2820 dix
552 2789 582 2821 t:
605 2789 721 2822 Nolite
746 2791 868 2831 iuqum
891 2789 1015 2824 ducere
1042 2801 1121 2825 cum
1141 2792 1376 2833 infidelibus.»
1394 2795 1504 2835 Neque
1523 2793 1669 2827 abnuunt
1680 2792 1742 2835 ipsi
1756 2793 1804 2826 in·

350 2839 504 2882 terpretoe
528 2841 757 2881 protestantes,
775 2842 813 2875 ut
836 2841 947 2875 vidore
964 2843 1012 2875 est
1032 2844 1064 2876 in
1087 2846 1224 2877 criticis
1236 2846 1345 2878 sacris
1364 2844 1406 2877 ad
1426 2845 1514 2877 hunc
1533 2845 1584 2877 loc
