1980 3260
277 248 367 281 cAr.
391 250 436 282 11.
460 251 511 282 nn
530 249 669 293 roras.
689 250 824 283 rnmc.
843 251 924 283 rm.
943 249 1164 282 mmmm.
1180 248 1342 282 cnmsr.
1360 248 1453 280 mr.
1472 248 1501 279 1.
1577 232 1666 278 359

205 326 389 375 nubium
422 327 773 377 dissuadendum
816 338 1000 393 possent
1038 326 1275 384 inservire,
1320 325 1486 374 nullam
1527 324 1669 389 legem

202 402 550 451 ecclesiasticam
585 403 768 461 habuit,
807 421 922 469 quae
946 403 991 450 id
1015 402 1290 467 prohiberet,
1319 401 1397 450 sed
1426 401 1586 467 partim
1615 418 1670 448 ex

203 479 392 528 Levitico
428 491 472 528 et
504 481 726 546 aequitate
767 479 987 537 naturali,
1032 480 1190 544 partim
1225 497 1278 527 ex
1314 478 1532 543 imperiali
1573 478 1668 542 lege

202 555 439 603 Theodosii
473 556 654 604 deducit
687 574 713 603 a
747 555 882 604 simili
918 566 1176 620 argumenta
1209 555 1265 603 ad
1299 554 1410 602 illud
1443 555 1668 603 matrimo-

200 627 323 677 nium
358 630 700 695 improbandum
729 633 852 694 (2).»

293 704 374 753 Ast
406 723 445 752 s.
474 704 758 764 Ambrosius,
799 708 837 755 si
873 708 956 755 rite
994 708 1090 755 eius
1130 706 1460 772 perpendantur
1496 706 1630 754 verba
1652 744 1662 763 ,

196 780 317 828 haud
342 781 500 846 repetit
521 799 548 829 a
572 782 668 846 lege
691 783 982 831 theodosiana
1005 800 1158 830 recens
1183 783 1302 829 edita
1325 782 1444 830 illius
1468 782 1664 846 coniugii

195 857 540 923 prohibitionem
573 868 708 923 atque
742 858 1083 915 inhonestatem,
1122 875 1223 905 cum
1258 857 1335 906 illa
1357 875 1445 906 non
1470 859 1666 906 afficeret

195 934 285 982 nisi
318 934 543 982 connubia
576 934 963 991 consobrinorum,
1003 934 1082 982 sed
1116 951 1144 981 a
1176 934 1273 997 lege
1307 935 1460 983 divina
1483 934 1664 982 Levitici

194 1010 403 1076 adoptata
437 1011 494 1059 ab
518 1008 717 1060 'ecclesia
745 1013 808 1075 (3)
828 1049 838 1068 ,
877 1021 1010 1077 atque
1032 1029 1059 1058 a
1083 1011 1406 1059 consuetudine
1430 1011 1487 1058 ab
1516 1010 1667 1058 imme-

193 1085 399 1135 morabili
429 1088 475 1134 in
504 1087 694 1136 ecclesia
728 1097 922 1144 servata,
960 1105 1077 1153 quae
1109 1105 1162 1135 ex
1199 1087 1445 1144 s.Basilio,
1478 1097 1529 1135 ut
1551 1086 1667 1134 vidi-

192 1181 318 1222 mus,
355 1165 445 1210 vim
488 1164 593 1228 leqis
631 1163 879 1221 obtinebat;
923 1181 1012 1229 quo
1048 1164 1212 1211 factum
1254 1173 1346 1221 est,
1388 1173 1438 1211 ut
1472 1181 1511 1211 s.
1542 1173 1666 1228 pater

192 1254 280 1286 non
306 1239 497 1303 potuerit
521 1239 606 1287 sibi
632 1239 890 1304 persuaderi
925 1238 1046 1304 quod
1079 1239 1319 1304 episcopus
1350 1239 1524 1286 Paterni
1562 1256 1664 1304 pro-

190 1314 359 1363 baverit
392 1315 665 1380 propositum
701 1315 1000 1371 connubium,
1039 1331 1139 1362 cum
1176 1315 1220 1361 id
1246 1315 1364 1380 apud
1391 1315 1663 1363 christianos

190 1389 323 1438 suerit
357 1390 623 1438 inauditum.
663 1391 736 1438 Sic
769 1390 888 1438 enim
924 1390 1077 1438 scribit
1110 1408 1149 1438 s.
1184 1390 1470 1438 Ambrosius:
1503 1390 1661 1438 «Istud

189 1466 437 1514 inauditum
456 1505 466 1524 ,
503 1477 553 1514 ut
575 1468 815 1532 quisquam
841 1477 1017 1532 neptem
1044 1485 1171 1515 suam
1197 1468 1241 1513 in
1266 1485 1447 1516 uxorem
1472 1467 1664 1532 accipiat

187 1553 232 1591 et
264 1543 497 1607 coniugem
537 1542 713 1591 dicat.»
735 1543 802 1590 Ad
841 1543 1166 1591 dehortandum
1200 1543 1389 1608 proinde
1425 1545 1660 1591 Paternum

186 1616 288 1667 ideo
321 1620 573 1685 provocavit
607 1637 646 1667 s.
674 1620 836 1667 Doctor
858 1620 915 1667 ad
945 1620 1085 1684 legem
1122 1620 1358 1668 Theodosii
1384 1638 1436 1667 eo
1459 1620 1579 1685 quod
1605 1619 1661 1667 ab

188 1692 274 1742 hoc
297 1694 562 1761 imperatore
584 1695 786 1761 pluribus
818 1695 1063 1743 honoribus
1089 1697 1302 1743 Paternus
1328 1696 1458 1743 fuerit
1481 1706 1655 1751 auctus,

187 1781 237 1819 ut
260 1771 417 1819 saltem
441 1772 538 1819 eius
563 1772 809 1820 reverentia
832 1772 910 1837 qui
934 1772 1075 1836 legem
1094 1790 1238 1837 nuper
1256 1772 1415 1820 tulerat
1432 1772 1487 1819 ad
1506 1788 1660 1819 conso·

186 1847 413 1896 brinorum
447 1849 639 1896 vetanda
662 1848 914 1906 connubia,
944 1867 992 1896 se
1016 1849 1258 1896 abstineret
1291 1866 1318 1895 a
1348 1848 1659 1914 prosequendo

186 1923 394 1988 coniugio
428 1941 517 1972 non
552 1925 702 1973 minus
738 1925 989 1972 inhonesto.
1030 1925 1150 1972 Haec
1185 1935 1288 1972 sunt
1322 1924 1543 1972 Ambrosii
1566 1941 1658 1972 ver-

187 1999 267 2048 ba:
293 1999 413 2048 «Sed
449 2001 485 2048 si
523 2001 677 2049 divina
711 2012 753 2049 te
793 2012 1094 2066 praetereunt,
1142 2001 1298 2048 saltem
1344 2001 1656 2066 imperatorum

186 2088 445 2142 praecepta,
473 2095 500 2125 a
523 2077 687 2142 quibus
712 2078 1029 2143 amplissimum
1046 2080 1250 2142 accepisti
1271 2077 1490 2133 honorem,
1519 2077 1659 2125 haud-

181 2169 407 2218 quaquam
442 2163 484 2199 te
520 2148 758 2217 praeterire
796 2153 1059 2201 debuerunt.
1106 2155 1216 2200 Nam
1255 2153 1531 2201 Theodosius
1574 2154 1650 2199 im-

180 2238 357 2292 perator
389 2229 520 2276 etiam
557 2226 780 2294 patrueles
815 2230 971 2277 fratres
995 2240 1039 2277 et
1061 2229 1350 2278 consobrinos
1378 2229 1519 2277 vetuit
1542 2229 1656 2276 inter

275 2385 322 2427 (2)
342 2387 393 2419 De
410 2387 591 2428 republica
612 2387 845 2420 ecclesiastica
865 2388 922 2420 lib.
935 2390 975 2421 V.
987 2397 1058 2430 cap.
1074 2388 1230 2430 XLquod
1243 2388 1421 2429 inscripsit:
1438 2388 1654 2420 Matrimonia

179 2438 365 2472 vinculum
379 2441 412 2473 et
427 2448 553 2473 causas
568 2449 590 2472 a
599 2442 747 2482 propria
762 2443 935 2483 potestate
956 2441 1117 2474 ecclesiae
1137 2450 1206 2474 non
1224 2441 1384 2484 pendere.
1405 2439 1542 2473 Londini
1562 2442 1649 2472 1617.

179 2491 262 2531 part.
280 2492 323 2523 ΙΙ.

273 2543 318 2585 (3)
339 2545 439 2586 Leges
466 2545 636 2578 iudiciales
654 2569 664 2586 ,
692 2554 775 2587 quae
802 2546 836 2578 in
866 2546 1010 2579 Levitico
1045 2547 1252 2580 continentur
1280 2555 1343 2578 non
1373 2544 1557 2585 obligabant
1590 2543 1651 2576 nisi

173 2595 348 2638 hebraeos,
373 2599 575 2639 cessavitque
595 2598 689 2640 piane
708 2598 838 2632 illarum
864 2599 1038 2641 obligatio,
1065 2601 1102 2632 ut
1120 2601 1244 2632 ceterae
1266 2607 1376 2631 omnes
1399 2596 1579 2630 istiusmodi
1600 2605 1649 2628 ce·

180 2649 371 2682 remoniales
394 2659 433 2683 ac
457 2650 624 2683 iudiciales
642 2651 726 2691 leges
745 2652 904 2684 mosaicae
923 2652 984 2684 sub
1003 2652 1187 2692 evangelio;
1203 2651 1337 2692 proinde
1352 2650 1379 2682 si
1396 2650 1461 2681 vim
1476 2648 1649 2689 quamdam

175 2701 311 2743 adeptae
339 2704 416 2735 sunt
441 2703 475 2735 in
502 2703 617 2736 ordine
642 2704 683 2735 ad
710 2704 926 2746 christianos,
952 2706 1053 2746 repeti
1079 2706 1113 2737 id
1141 2705 1236 2737 debet
1260 2703 1301 2735 ab
1327 2702 1480 2734 ecclesiae
1506 2703 1649 2742 accepta·

177 2754 280 2787 tione:
298 2757 441 2797 spectata
459 2759 566 2790 tamen
585 2757 750 2798 primaeva
762 2758 876 2790 harum
897 2758 1004 2800 legum
1026 2758 1149 2799 origine
1170 2766 1188 2789 a
1211 2766 1236 2789 s.
1254 2756 1423 2788 Ambrosio
1442 2754 1578 2795 aliisque
1596 2763 1648 2795 pa·

177 2807 282 2840 tribus
304 2808 457 2841 dicuntur
483 2809 574 2851 leyes
595 2809 738 2843 divinae
757 2835 766 2851 ,
797 2811 948 2852 quamvis
970 2820 1026 2852 per
1048 2820 1082 2843 se
1103 2819 1165 2842 non
1188 2810 1292 2841 essent
1320 2807 1381 2840 nisi
1402 2806 1646 2840 ecclesiasticae.

174 2860 224 2892 Cf.
243 2861 365 2894 Gerdii.
386 2864 495 2895 Traet.
513 2863 572 2896 del
595 2865 750 2896 matrim.
770 2866 851 2905 part.
868 2866 892 2897 1.
910 2864 939 2905 ς.
957 2867 994 2897 x.
