1980 3260
293 216 382 262 248
604 227 684 258 Lm.
714 225 760 257 11.
789 225 902 257 sacr.
931 224 960 255 1.
989 223 1040 254 m:
1065 222 1230 253 rornsr.
1260 222 1427 254 nectas.

380 304 602 352 Interdum
633 302 788 350 eadem
811 320 850 349 s.
873 318 1079 364 congreg.
1102 299 1354 347 aestimavit
1375 298 1497 346 aliud
1520 317 1622 350 esse
1644 320 1750 367 pru-

286 380 478 429 dentiale
501 375 769 444 capiendum
791 386 1200 441 temperamentum.
1223 375 1335 421 Nam
1357 374 1403 420 in
1427 391 1565 422 causa
1580 376 1753 440 Iprenst'

284 459 333 504 in
366 457 485 503 visit.
514 470 675 501 sacror.
706 453 904 500 liminum
933 453 1009 498 17.
1038 451 1150 513 Aug.
1181 451 1323 496 1737.
1351 450 1399 513 5.
1421 450 1619 497 Attamen
1640 450 1752 500 haec

286 530 526 578 habentur:
559 548 582 573 «
603 529 649 574 Si
675 528 753 592 q'ui
777 528 823 573 in
848 526 1024 573 haeresi
1048 525 1304 588 coniugium
1329 524 1524 573 invalide
1555 525 1751 583 inierint,

284 607 426 654 forma
452 604 678 653 tridentini
715 621 804 651 non
838 613 1040 659 servata,
1082 601 1363 666 subindeque
1394 600 1453 649 ad
1486 600 1753 650 catholicam

284 682 540 745 religionem
573 679 774 728 conversi
796 718 806 736 ‚
836 679 955 726 bona
983 678 1072 725 fide
1100 679 1147 724 in
1170 695 1223 726 eo
1246 688 1553 742 perseverant,
1581 695 1755 744 suoque

283 757 488 821 coniugio
517 756 759 804 adhaerent
776 793 786 812 ,
822 755 1100 820 relinquendi
1125 755 1273 819 potius
1297 754 1505 802 videntur
1527 754 1574 801 in
1597 755 1754 803 eadem

283 834 402 881 bona
434 833 550 889 fide,
594 850 727 897 quam
770 831 825 879 de
867 822 1079 878 nullitate
1109 831 1344 888 monendi,
1383 849 1439 879 ne
1471 831 1609 889 alias,
1653 848 1756 879 cum

281 909 420 957 velint
453 908 777 956 matrimonium
795 945 805 964 ,
855 917 1062 954 renovato
1097 924 1321 955 consensu
1365 923 1515 954 coram
1557 908 1762 972 parocho

285 985 502 1034 catholico
536 984 844 1040 convalidare‚
875 983 1080 1048 plurimis
1115 983 1325 1047 gravibus
1359 982 1657 1032 subiiciantur
1678 1002 1756 1050 pe-

283 1061 460 1118 riculis,
497 1078 612 1125 quae
646 1060 776 1108 facile
808 1059 897 1107 sibi
931 1059 1237 1123 impenderent
1262 1058 1318 1106 ob
1346 1058 1499 1106 odium
1531 1070 1576 1107 et
1608 1077 1756 1124 perse-

285 1137 508 1185 cutionem
542 1136 761 1201 principis
786 1153 866 1183 seu
889 1135 1174 1199 magistratus
1199 1133 1433 1182 acatholici
1459 1152 1591 1198 aegre
1606 1135 1757 1184 'feren-

285 1213 343 1261 tis
367 1202 645 1261 *validitatem
679 1211 947 1259 matrimonii
987 1228 1135 1258 coram
1169 1210 1372 1258 ministro
1401 1210 1757 1261 haereticoiniti

283 1289 331 1335 in
355 1288 542 1336 dubium
571 1289 816 1345 revocari,»
831 1287 993 1335 deinde
1015 1286 1163 1334 emisit
1185 1286 1436 1334 decretum:
1463 1286 1530 1334 Ad
1545 1297 1754 1346 mentem,-

282 1382 408 1411 mens
433 1373 579 1411 autem
609 1364 712 1410 suit:
745 1363 844 1410 «Ut
879 1362 1146 1410 rescribatur
1177 1361 1414 1427 episcopo,
1453 1363 1666 1427 coniuges
1699 1363 1757 1413 de

279 1439 509 1488 validitate
531 1439 801 1486 matrimonii
819 1456 908 1487 non
929 1438 1213 1486 dubitantes
1201 1457 1248 1485 1n
1264 1438 1383 1486 bona
1401 1438 1489 1487 fide
1505 1456 1607 1488 esse
1622 1440 1758 1489 relin-

281 1516 508 1581 quendos,
547 1532 693 1579 neque
717 1533 743 1562 a
767 1526 1144 1563 sacramentorum
1179 1514 1515 1580 participatione
1538 1517 1756 1566 arcendos

283 1593 397 1640 fore:
437 1591 684 1656 peculiares
708 1609 814 1639 vero
845 1608 978 1639 casus
1004 1601 1048 1638 et
1069 1591 1428 1640 circumstantias
1462 1609 1640 1648 eorum,
1675 1594 1755 1659 qui

285 1667 508 1732 scrupulis
544 1684 680 1731 super
714 1667 873 1714 horum
912 1666 1291 1714 matrimoniorum
1325 1666 1553 1716 validitate
1590 1685 1758 1732 angun-

284 1753 376 1799 tur,
408 1752 610 1807 oportere
632 1742 690 1789 ab
713 1742 869 1790 eodem
892 1743 1103 1807 episcopo
1126 1742 1372 1790 distinctim
1395 1744 1607 1808 exponi.»

378 1819 464 1866 Sed
500 1820 608 1884 quid
649 1820 689 1867 si
723 1830 926 1883 ageretur
959 1819 1016 1866 de
1049 1837 1102 1867 eo
1124 1857 1134 1876 ‚
1173 1818 1250 1884 qui
1284 1837 1526 1868 conversus
1566 1832 1666 1879 est,
1703 1838 1758 1870 ac

282 1895 504 1943 dubitaret
529 1895 586 1942 de
610 1895 760 1944 valore
785 1896 854 1942 sui
878 1906 1010 1942 antea
1039 1895 1139 1943 initi
1163 1895 1395 1959 coniugii?
1417 1897 1539 1944 Haec
1566 1898 1759 1946 occurrit

285 1971 331 2018 in
349 1973 423 2018 cit.
445 1989 580 2019 causa
596 1973 769 2036 Iprensi
780 1973 828 2036 5.
848 1972 1060 2036 Coniuges
1083 1972 1410 2021 animadversio
1427 1973 1527 2021 eius
1549 1973 1629 2039 qui
1653 1984 1758 2023 tunc

283 2047 495 2110 temporis
524 2059 616 2095 erat
638 2066 665 2095 a
688 2048 887 2096 secretis.
924 2067 946 2094 «
973 2049 1142 2096 Recens
1183 2048 1241 2096 ad
1282 2049 1415 2097 fidem
1448 2051 1676 2108 conversi,
1715 2051 1755 2098 si

284 2122 538 2170 dubitantes
562 2124 616 2170 de
639 2124 787 2172 valore
812 2124 1083 2172 matrimonii
1107 2125 1153 2171 in
1177 2124 1354 2172 haeresi
1378 2142 1527 2174 coram
1550 2126 1756 2176 ministro

281 2198 504 2246 haeretico
538 2201 780 2256 contracti,
821 2211 1022 2264 pastores
1064 2218 1145 2248 seu
1180 2201 1480 2249 confessarios
1513 2217 1621 2251 suos
1655 2219 1757 2250 con·

283 2273 458 2330 sulam,
499 2292 603 2321 num
637 2275 723 2321 sibi
753 2275 922 2323 licitum
951 2277 1010 2324 sit
1038 2277 1084 2323 in
1114 2294 1166 2326 eo
1192 2277 1401 2341 coniugio
1427 2278 1495 2326 sic
1520 2278 1638 2327 inito'
1655 2296 1756 2344 per-

281 2366 486 2406 manere3
515 2350 754 2397 inducendi
779 2352 956 2400 omnino
986 2363 1116 2410 sunt,
1147 2364 1197 2401 ut
1223 2364 1351 2401 caute
1379 2370 1528 2401 coram
1559 2354 1756 2419 parocho

281 2425 499 2473 catholico
531 2442 797 2472 consensum
826 2439 1062 2484 renovent,
1092 2446 1146 2476 ac
1174 2430 1237 2476 ita
1267 2428 1600 2476 matrimonium
1634 2446 1754 2478 reva-

281 2500 434 2548 lident.
464 2500 591 2556 Quod
616 2500 654 2547 si
680 2510 773 2547 tuto
796 2511 838 2547 et
861 2503 1089 2550 commode
1112 2504 1158 2551 id
1184 2504 1280 2551 fieri
1314 2514 1535 2568 nequeat,
1562 2521 1652 2552 non
1675 2503 1754 2552 de-

283 2587 385 2624 sunt
406 2576 499 2623 DD.
525 2576 601 2642 qui
620 2586 777 2641 putant
798 2577 864 2624 eis
888 2577 1019 2625 licere
1043 2579 1090 2624 in
1113 2597 1201 2627 usu
1224 2578 1494 2627 matrimonii
1518 2579 1607 2626 iam
1631 2579 1747 2637 initi,

282 2671 369 2701 non
404 2663 611 2701 renovato
637 2670 859 2701 consensu
882 2671 1029 2702 coram
1054 2657 1249 2720 parocho
1271 2656 1488 2704 catholico
1506 2694 1516 2713 ,
1546 2673 1754 2720 perseve-

281 2747 395 2787 rare,
412 2729 691 2786 arbitrantes,
710 2729 827 2777 hanc
849 2731 1103 2794 opinionem
1121 2733 1255 2780 veluti
1280 2732 1553 2797 probabilem
1577 2732 1752 2780 admitti

282 2823 439 2870 posse,
479 2823 566 2854 non
600 2805 802 2855 obstante
832 2823 957 2871 prop.
981 2806 1037 2855 ab
1070 2807 1323 2856 Innocentio
1357 2808 1432 2855 XI.
1464 2807 1715 2874 proscripta
1735 2845 1746 2865 ,
