1980 3260
330 254 418 298 360
583 266 664 298 Lm.
693 267 738 297 11.
767 265 880 297 secr.
909 266 1080 297 ALTERA.
1111 266 1179 296 nn.
1200 265 1363 297 Pornsr.
1393 265 1533 297 cwm.

330 362 378 391 se
404 343 596 405 coniugii
622 343 856 390 convenire
881 343 1057 390 nomine
1072 380 1082 399 ,
1111 353 1152 389 et
1175 343 1488 390 severissimam
1506 359 1688 406 poenam
1708 355 1796 393 sta·
1816 363 1819 365 ’

330 421 434 473 tuit,
474 419 512 466 si
548 418 649 482 quis
685 429 896 466 temerare
930 436 1066 466 ausus
1102 429 1221 466 esset
1256 419 1439 466 fratrum
1476 418 1550 483 pia
1583 418 1792 484 pignera,

328 506 370 542 et
394 505 539 542 tamen
565 494 630 540 illi
655 494 842 542 invicem
868 495 954 542 sibi
979 495 1190 560 aequales
1209 504 1337 551 sunt;
1361 494 1668 542 tantummodo
1693 495 1798 559 quia

328 570 668 635 propinquitatis
687 571 1016 619 necessitudine
1032 610 1042 628 ,
1063 582 1106 618 et
1124 571 1340 619 fraternae
1356 571 1579 619 societatis
1603 570 1801 634 ligantur

326 646 522 703 vinculo,
564 646 715 711 pietati
750 664 826 694 eos
860 646 999 695 voluit
1032 647 1218 705 debere,
1256 647 1375 713 quod
1410 647 1501 695 nati
1532 655 1637 695 sunt
1675 649 1793 710 (4).»

424 724 489 770 Ex
525 723 596 771 his
631 724 719 771 duo
754 724 999 772 habemus:
1028 724 1170 789 primo
1204 724 1324 789 quod
1348 724 1603 788 coniugium
1629 724 1685 771 de
1707 740 1797 788 quo

329 798 544 862 agebatur
566 799 654 846 iam
679 799 809 846 fuerit
832 800 877 845 in
902 799 1092 847 ecclesia
1108 799 1411 864 'prohibitum,
1439 810 1483 847 et
1513 800 1576 847 ita
1599 809 1647 847 ut
1669 799 1800 847 fuerit
1837 850 1841 855 ,

329 875 546 922 hactenus
582 875 855 922 inauditum:
894 876 1116 933 secundo,
1155 876 1274 941 quod
1311 893 1348 923 s.
1377 875 1640 924 Ambrosius
1677 875 1799 923 nullo

330 951 462 999 modo
504 969 557 998 ex
601 951 697 1014 lege
737 951 1029 999 theodosiana
1070 951 1191 999 illam
1231 951 1574 1017 prohibitionem
1608 951 1798 1016 repetie-

330 1027 400 1074 rit,
439 1027 650 1093 Adeoque
684 1028 771 1075 iam
805 1046 858 1075 ex
892 1028 976 1075 hoc
1010 1039 1134 1093 patre
1167 1039 1316 1076 nostra
1350 1027 1491 1075 thesis
1525 1027 1739 1075 firmatur.

424 1103 567 1161 Alter,
607 1122 767 1169 nempe
801 1123 839 1152 s.
868 1104 1165 1167 Augustinus,
1204 1104 1266 1151 ita
1298 1104 1354 1151 ad
1390 1121 1482 1151 rem
1517 1115 1644 1154 suam
1667 1103 1799 1151 affer-

329 1191 399 1227 tur
419 1198 447 1227 a
470 1181 535 1227 De
557 1181 786 1228 Dominis:
814 1181 922 1227 «Sic
945 1181 1075 1228 etiam
1100 1180 1398 1243 Augustinus,
1424 1190 1475 1228 ut
1496 1179 1676 1227 eosdem
1700 1196 1801 1243 gra-

329 1256 413 1303 dus
449 1256 677 1313 excludat;
716 1256 884 1321 pluries
917 1256 1159 1319 amplificat
1192 1256 1504 1319 congruentias
1528 1256 1794 1321 aequitatis;

330 1349 410 1379 nec
439 1332 547 1395 lege
566 1333 868 1380 ecclesiastica
900 1349 1142 1396 quicquam
1175 1342 1352 1379 cautum
1385 1332 1575 1397 profert:
1605 1349 1706 1380 nam
1730 1349 1801 1380 se-

329 1408 525 1454 cundum
569 1408 754 1470 gradum
791 1407 1129 1455 transversalem
1164 1407 1279 1454 inter
1312 1407 1534 1472 patrueles
1568 1418 1611 1456 et
1643 1425 1801 1456 conso-

329 1483 481 1531 brinos
522 1484 648 1548 prius
681 1484 850 1531 licitum
873 1522 882 1540 ,
924 1484 1012 1531 iam
1046 1483 1219 1547 legibus
1265 1484 1534 1548 prohibitum
1572 1484 1797 1532 affirmati

334 1560 583 1624 «Ea-perti,
608 1560 776 1625 inquit,
798 1578 944 1607 sumus
963 1561 1009 1606 in
1027 1561 1249 1607 connubiis
1274 1560 1643 1616 consobrinorum,
1672 1562 1802 1608 etiam

329 1637 486 1683 nostris
523 1636 805 1700 temporibus,
837 1646 1015 1700 propter
1045 1635 1233 1700 qradum
1249 1637 1591 1700 propinquitatis
1608 1637 1801 1700 fraterno

328 1712 490 1775 gradui
515 1714 789 1776 prowimum,
829 1730 959 1776 quam
981 1729 1080 1759 raro
1103 1730 1184 1776 per
1211 1729 1369 1759 umores
1395 1712 1544 1777 fiebat,
1575 1711 1689 1776 quod
1706 1712 1804 1777 fieri

324 1806 405 1851 per
434 1790 546 1853 leqes
579 1790 752 1844 licebat,
793 1791 898 1853 quia
924 1789 971 1835 id
999 1807 1073 1835 nec
1097 1789 1249 1836 divina
1274 1789 1525 1852 prohibuit,
1555 1798 1594 1835 et
1616 1788 1803 1836 nondum

325 1866 607 1928 prohibuerat
640 1865 711 1912 lem
745 1866 933 1912 hum-ana
967 1867 1050 1927 (ὃ).
1073 1865 1217 1912 Audio
1246 1865 1394 1913 adhuc
1423 1864 1658 1928 Augustini
1693 1876 1802 1912 tem·

334 1956 461 2002 pore,
500 1941 695 2004 profecto
730 1940 998 1989 christianos
1035 1941 1318 1988 matrimonia
1350 1941 1396 1986 in
1431 1940 1629 1988 secundo
1661 1940 1803 2004 gradu

336 2017 622 2063 transversali
659 2018 872 2075 inivisse,
901 2029 944 2065 et
966 2017 1051 2065 hoc
1081 2028 1186 2064 tunc
1218 2034 1362 2082 neque
1389 2016 1542 2065 divina
1573 2016 1696 2080 lege,
1725 2034 1803 2065 ne-

334 2109 420 2155 que
456 2092 651 2140 humana
685 2093 826 2142 fuisse
858 2093 1130 2160 prohibitum
1153 2096 1270 2156 (6).»

430 2167 631 2215 Attamen
667 2188 810 2235 neque
847 2188 885 2217 s.
919 2170 1195 2233 Augustinus
1229 2170 1485 2218 adversario
1520 2170 1669 2227 favet,
1710 2179 1802 2217 tum

333 2244 440 2308 quia
473 2244 569 2308 ipse
602 2245 797 2309 loquitur
832 2247 877 2293 in
912 2264 1073 2310 genere
1107 2247 1162 2294 de
1195 2246 1452 2294 hominibus
1493 2246 1625 2294 etiam
1667 2263 1800 2312 paga-

333 2319 434 2376 nis,
476 2319 639 2384 quibus
673 2321 843 2370 horrori
881 2323 1058 2370 fuerunt
1091 2323 1312 2371 connubia
1345 2323 1458 2371 inter
1490 2323 1647 2370 fratres
1671 2333 1805 2370 etso-

335 2412 456 2442 rores
475 2434 484 2452 ,
512 2413 627 2460 quae
654 2397 808 2443 mundi
844 2399 1098 2462 primordiis
1133 2400 1397 2449 necessitate
1426 2399 1679 2463 impellente
1703 2400 1805 2446 iun-

334 2470 573 2534 gebantur,
613 2472 786 2519 etiamsi
823 2491 849 2519 a
883 2474 1005 2521 nulla
1051 2475 1242 2539 positiva
1287 2475 1384 2539 lege
1428 2474 1766 2540 prohiberentur
1788 2512 1798 2531 ‚

335 2558 465 2611 prout
477 2547 612 2595 «etiam
640 2565 736 2595 raro
759 2548 873 2596 inter
896 2551 1185 2600 consobrinos
1210 2551 1544 2600 celebrabantur
1567 2550 1797 2613 coniugia:

334 2640 433 2670 raro
448 2641 531 2688 per
550 2641 685 2670 mores
707 2623 858 2688 fiebat,
890 2625 1002 2688 quod
1024 2626 1121 2690 fieri
1135 2645 1217 2691 per
1242 2628 1351 2692 leqes
1377 2626 1530 2674 licebat
1539 2644 1553 2681 ,·
1580 2636 1671 2673 tum
1695 2624 1802 2690 quia

427 2771 474 2809 (4)
496 2771 596 2811 Epist.
615 2773 681 2804 Lx.
700 2780 732 2804 n.
748 2776 777 2804 8.
793 2770 845 2804 ed.
860 2773 963 2804 Maur.
976 2772 1038 2804 col.
1061 2778 1149 2806 1019.

430 2822 474 2862 (ὁ)
495 2822 567 2855 Lib.
586 2825 655 2855 XV.
670 2825 718 2856 De
739 2823 829 2855 civit.
846 2823 904 2856 Dei
918 2832 986 2864 cap.
1004 2826 1087 2856 xvi.

428 2875 473 2914 (e)
495 2875 577 2907 lbid.
