1980 3260
241 230 331 260 CAP·
353 229 398 259 11.
415 228 467 259 DE
486 226 601 258 EGCL.
622 225 762 256 POTES.
779 224 920 256 CONST.
940 224 1027 256 mr.
1044 225 1168 256 rum.
1187 225 1271 256 mn.
1287 224 1380 255 ΛΒΤ.
1397 225 1454 255 lv.
1537 210 1593 255 75

131 307 319 353 haereses
343 315 383 353 et
406 322 584 352 errores.
613 304 704 351 Iam
738 319 842 350 vero
866 302 1083 352 Lutherus
1117 320 1171 350 ne
1206 303 1462 366 suspicatus
1496 303 1597 367 qui-

129 381 229 429 dem
263 391 358 430 erat
392 390 652 445 potestatem
686 377 984 426 constituendi
1019 378 1334 443 impedimenta
1373 378 1596 426 matrimo-

128 457 266 504 nialia
290 457 430 504 fuisse
453 456 500 502 in
523 454 712 502 ecclesia
735 452 1004 502 adscititiam
1020 490 1030 509 ,
1063 463 1197 517 atque
1230 452 1469 515 originario
1502 454 1597 501 iure

127 532 182 579 ad
219 533 442 597 principes
476 531 616 578 laicos
650 539 874 593 spectare;
913 528 1111 593 alioquin
1143 527 1315 591 absque
1348 527 1484 575 dubio
1518 544 1597 592 pro

129 608 275 655 furore
308 624 396 672 quo
421 606 635 669 agebatur
658 605 874 652 adversus
898 603 1186 669 apostolicam
1210 604 1363 651 sedem
1397 603 1597 652 hortatus

127 684 354 747 principes
378 681 647 729 christianos
672 680 831 728 fuisset
853 680 909 727 ad
934 680 1228 727 revocandam
1246 717 1256 736 ‚
1290 679 1468 744 sibique
1500 679 1598 727 vin-

126 758 364 806 dicandam
403 764 662 820 potestatem
706 754 852 810 illam,
900 772 990 818 qua
1029 754 1141 802 adeo
1180 754 1435 818 tyrannice,
1479 755 1598 802 iuxta

128 833 305 897 ipsum,
339 840 454 878 rom.
494 829 692 894 pontifex
726 829 1006 876 abutebatur.

227 909 271 954 2.
300 907 457 955 Patefit
479 924 531 955 ex
555 923 608 953 eo
632 905 1014 970 quod'concilium
1038 906 1086 951 in
1113 906 1284 967 Spiritu
1313 906 1470 951 Sancto
1500 923 1599 952 con-

124 995 351 1050 qreqatum
375 1002 617 1049 numquam
642 983 881 1031 sollicitum
906 983 964 1031 sit
985 982 1042 1030 de
1072 982 1343 1031 adstruenda
1372 982 1419 1028 in
1449 982 1600 1031 adver-

128 1063 348 1112 sariorum
378 1080 515 1110 sensu
539 1061 787 1125 dogmatice
814 1060 1066 1125 principum
1093 1060 1358 1108 secularium
1386 1070 1600 1124 potestate

131 1156 212 1187 seu
235 1149 451 1203 potestate
475 1138 560 1186 sibi
588 1148 819 1194 extranea,
855 1137 935 1184 sed
970 1137 1027 1184 de
1055 1155 1108 1184 ea
1141 1136 1444 1185 tantummodo
1467 1154 1599 1201 quam

128 1234 181 1263 ex
217 1215 369 1263 divina
402 1216 655 1263 revelatione
690 1231 738 1262 se
771 1214 1000 1279 accepisse
1033 1214 1167 1262 novit.
1196 1214 1429 1262 Eiusmodi
1453 1224 1599 1262 autem

129 1303 199 1341 est
223 1301 418 1357 potestas
442 1291 764 1348 ecclesiastica,
794 1309 874 1339 seu
897 1291 1112 1339 ecclesiae
1135 1290 1351 1338 ministris
1375 1309 1402 1338 a
1418 1290 1600 1339 'Christo

127 1368 251 1424 data;
280 1386 368 1416 non
394 1369 535 1433 potuit
557 1369 694 1432 igitur
716 1368 955 1415 tridentina
977 1367 1176 1432 synodus
1200 1367 1246 1414 in
1269 1366 1387 1414 binis
1405 1367 1600 1415 recitatis

125 1444 371 1492 canonibus
405 1445 527 1510 loqui
561 1445 650 1493 nisi
683 1445 740 1492 de
772 1444 987 1492 ecclesiae
1005 1445 1187 1508 propria
1210 1453 1452 1508 potestate,
1480 1459 1601 1490 eam-

126 1537 214 1586 que
247 1521 496 1584 dogmatice
528 1521 730 1569 definire.

175 1621 176 1624 ¹
230 1599 275 1644 3.
315 1596 469 1643 Patefit
500 1614 554 1644 ex
586 1599 674 1644 usu
707 1614 839 1661 quem
875 1596 1074 1643 eiusdem
1099 1595 1328 1661 potestatis
1362 1594 1474 1642 fecit·
1496 1611 1601 1642 con—

133 1673 286 1719 cilium
321 1683 546 1737 tamquam
581 1673 667 1720 sibi
702 1673 909 1737 propriae
942 1672 987 1718 in
1027 1670 1112 1718 hac
1151 1671 1251 1736 ipsa
1285 1670 1510 1726 sessione;
1554 1682 1603 1718 ut

129 1749 248 1795 enim
282 1748 417 1812 paulo
450 1758 552 1795 ante
585 1747 1002 1803 animadvertimuS,
1032 1747 1078 1793 in
1101 1747 1285 1795 Decreto
1309 1746 1366 1793 de
1397 1746 1602 1794 reforma-

132 1824 250 1871 tione
283 1824 467 1887 legitur:
495 1824 721 1871 «Tametsi
755 1823 1049 1870 dubitandum
1074 1841 1162 1870 non
1195 1834 1285 1879 est,
1320 1823 1599 1870 clandestina

132 1900 413 1948 matrimonia
445 1900 585 1948 libero
619 1899 974 1948 contrahentium·
1005 1916 1227 1948 consensu
1259 1900 1398 1956 facta,
1435 1909 1530 1946 rata
1559 1910 1602 1946 et

129 1993 234 2023 vera
254 1993 357 2023 esse
379 1976 663 2023 matrimonia
678 2014 688 2032 ‚
716 1975 930 2040 quamdiu
955 1976 1132 2023 ecclesia
1155 1975 1280 2022 irrita
1303 1991 1392 2023 non
1411 1974 1595 2022 fecit....

132 2052 218 2108 Qui
253 2052 382 2100 aliter
414 2070 549 2116 quam
584 2062 816 2117 praesente
840 2052 1034 2116 parocho
1050 2089 1060 2108 ,
1087 2051 1157 2099 vel
1184 2051 1271 2099 alio
1297 2051 1524 2100 sacerdote
1547 2050 1602 2098 de

133 2128 279 2192 ipsius
315 2128 498 2191 parochi
535 2145 615 2175 seu
648 2128 861 2176 ordinarii
895 2128 1096 2185 licentia,
1135 2138 1178 2176 et
1211 2127 1393 2175 duobus.
1420 2127 1489 2175 vel
1524 2127 1601 2175 tri-

130 2202 215 2250 bus
240 2203 429 2250 testibus
452 2203 784 2251 matrimonium
809 2203 1066 2251 contrahere
1089 2203 1386 2259 attentabunt,
1408 2220 1486 2251 eos
1506 2221 1602 2251 san—

133 2289 202 2326 cta
222 2279 414 2344 synodus
432 2279 487 2326 ad
509 2280 575 2326 sic
592 2279 941 2327 contrahendum
959 2279 1181 2336 inhabiles
1197 2279 1345 2327 reddit
1361 2317 1371 2336 ‚
1392 2290 1435 2327 et
1454 2279 1603 2327 huius-

134 2354 255 2402 modi
302 2365 553 2403 contractus
595 2356 742 2404 irritos
784 2366 827 2404 et
866 2356 1012 2404 nullos
1051 2374 1152 2404 esse
1187 2356 1428 2419 ⁴decernit,>
1474 2366 1604 2419 prout

131 2448 210 2478 eos
233 2432 456 2495 praesenti
492 2431 668 2479 decreto
692 2432 837 2480 irritos
862 2432 968 2479 facit
990 2443 1032 2480 et
1056 2432 1451 2479 annullat.»Porro
1474 2449 1605 2478 nemo

135 2507 361 2569 negaverit
393 2507 478 2555 hoc
512 2507 558 2554 in
592 2507 768 2555 decreto
799 2507 1014 2556 ecclesiae
1047 2508 1226 2555 nomine
1255 2507 1601 2555 ecclesiasticam

135 2582 432 2630 hierarchiam
463 2601 546 2631 seu
580 2584 896 2632 sacerdotalem
931 2595 1104 2633 coetum
1137 2585 1389 2647 designari,
1423 2584 1501 2648 qui
1527 2600 1605 2647 po—

135 2668 339 2706 testatem
375 2677 501 2707 suam
536 2677 744 2707 exercens
785 2677 945 2709 novum
986 2660 1202 2708 dirimens
1237 2658 1603 2723 impedimentum

134 2735 377 2783 constituit.
418 2736 473 2783 At
503 2754 607 2784 vero
643 2742 837 2801 potestas
870 2755 960 2802 qua
982 2755 1067 2798 usa
1088 2747 1157 2785 est
1179 2736 1367 2790 ecclesia
1391 2735 1438 2782 in
1469 2735 1604 2782 refor-

134 2811 342 2860 mationis
378 2812 582 2869 decreto,
623 2813 774 2861 eadem
810 2823 878 2861 est
911 2813 988 2861 il'la
1023 2824 1241 2878 potestas,
1281 2830 1425 2877 quam'
1451 2812 1496 2859 in
1531 2829 1601 2859 ca-
