1980 3260
291 270 381 304 mr.
399 271 456 303 ιν.
476 272 527 303 nu
546 270 661 304 scm..
680 270 820 304 roms.
840 270 988 304 SANAN.
1009 269 1134 302 nm.
1153 270 1198 303 ιΝ
1217 270 1311 303 mn.
1331 271 1424 304 ΑΜ.
1444 272 1489 304 11.
1566 258 1654 304 165

271 348 476 397 Clemens
495 350 570 395 XI.
593 348 717 396 brevi
737 349 842 397 dato
868 350 913 395 2.
937 347 1104 413 Aprilis
1125 350 1266 395 1701.
1292 360 1368 397 aut
1392 351 1534 397 1705.
1556 367 1657 398 con·

181 426 376 473 firmavit
415 423 627 473 nonnulla
661 424 969 482 matrimonia,
1010 442 1128 490 quae
1156 424 1384 488 illegitime
1424 426 1535 474 inita
1568 426 1658 474 fue-

182 512 283 549 rant
317 501 438 567 apud
474 499 608 547 ludos
647 501 915 558 orientales,
955 501 1266 549 contrahentes
1306 502 1611 567 dispensando
1635 521 1662 550 a

180 578 463 626 renovatione
495 592 743 623 consensus
774 579 903 639 (11);
942 588 1096 625 contra
1128 596 1231 626 vero
1259 596 1351 627 sac.
1375 580 1659 643 congregatio

183 650 570 717 depropaqanda
608 651 692 715 fide
727 652 802 699 die
841 654 917 699 20.
956 653 1063 718 Apr.
1095 655 1236 701 1607.
1267 655 1488 703 decrevit:
1531 655 1664 703 «Me—

185 729 395 779 minerint
422 727 722 784 missionarii‚
754 729 1126 794 quotiescumque
1163 747 1347 779 necesse
1370 731 1664 779 iudicaverint

189 807 454 871 dispensare
483 803 530 848 in
564 803 862 851 matrimoniis
898 806 1137 853 contractis
1167 823 1268 853 cum
1298 807 1450 872 aliquo
1475 807 1664 872 impedi-

186 890 335 930 mento
375 879 639 936 dirimente,
678 880 1003 944 procurandam
1039 881 1096 928 ab
1132 881 1248 945 ipsis
1289 899 1389 930 esse
1422 885 1663 930 renovatio-

179 974 276 1004 nem
303 972 531 1003 consensus
550 974 596 1012 3»
628 965 671 1003 et
705 955 778 1003 die
813 957 889 1002 28.
926 956 1029 1004 Feb.
1071 958 1214 1003 1644.
1244 958 1409 1022 pariter
1442 959 1657 1015 sancivit,

178 1035 491 1086 missionarios
530 1037 695 1085 habere
727 1036 1275 1086 facultatem'declarandi
1312 1039 1482 1104 prolem
1517 1039 1662 1104 legiti-

180 1133 299 1163 mam
333 1125 475 1163 ortam
510 1131 563 1162 ex
595 1112 879 1163 matrimonio
903 1114 1046 1172 nullo,
1082 1133 1161 1180 per
1195 1116 1472 1164 sanationem
1503 1133 1662 1181 nempe

182 1191 227 1238 in
263 1191 429 1239 radice.

278 1269 471 1315 Rursum
510 1267 628 1314 idem
660 1268 859 1333 pontifex
892 1269 1054 1317 Bened.
1089 1269 1199 1316 XIV.
1237 1269 1370 1317 refert
1402 1287 1661 1318 concessam

183 1344 568 1409 dispensationem
605 1361 685 1391 seu
709 1345 987 1392 sanationem
1012 1346 1058 1392 in
1093 1346 1244 1394 radice
1267 1347 1407 1394 fuisse
1431 1346 1666 1393 cuiusdam

182 1421 383 1484 coniugii
407 1421 506 1468 initi
533 1421 579 1467 in
603 1421 816 1469 Bohemia
840 1432 942 1469 ante
971 1439 1119 1482 annos,
1136 1423 1434 1487 quadraginta
1468 1422 1566 1469 sine
1589 1440 1669 1486 pa-

185 1497 310 1545 rochi
336 1498 605 1562 praesentia.
633 1498 813 1546 Sanatio
831 1498 1062 1563 petebatur
1085 1499 1141 1546 ad
1162 1498 1299 1564 prolis
1324 1498 1663 1562 legitimitatem,

187 1591 241 1622 ac
275 1573 614 1622 difficultatibus
647 1574 736 1622 non
776 1574 1055 1623 obstantibus
1096 1593 1211 1641 quas
1250 1593 1387 1640 passa
1425 1585 1519 1622 erat
1549 1575 1669 1622 eius-

187 1650 309 1698 modi
339 1668 498 1707 causa,
527 1668 580 1699 eo
604 1651 724 1716 quod
750 1668 838 1698 non
864 1651 974 1699 satis
998 1651 1271 1700 constitisset
1293 1651 1350 1698 de
1372 1651 1489 1699 bona
1512 1651 1667 1699 coniu-

185 1743 293 1790 gum
315 1726 430 1783 fide,
454 1736 612 1791 postea
631 1736 779 1774 tamen
798 1765 808 1783 ,
832 1745 883 1774 ea
910 1727 1220 1792 comprobata,
1244 1727 1349 1775 licet
1365 1727 1553 1774 maritus
1578 1727 1666 1774 iam

186 1802 278 1850 vita
311 1802 488 1850 functus
513 1802 699 1859 fuisset,
733 1803 908 1850 censuit
936 1820 1027 1851 sac.
1069 1803 1352 1868 congregatio
1385 1803 1562 1851 concilii
1600 1821 1669 1852 re-

184 1878 435 1926 cedendum
468 1896 495 1925 a
529 1878 713 1933 decisis,
753 1895 805 1926 ac
840 1878 914 1925 die
947 1881 1024 1925 18.
1065 1880 1186 1944 Sept.
1217 1881 1358 1926 1723.
1389 1879 1665 1927 sanationem

187 1954 412 2003 concessit
441 1956 558 2018 (12).

284 2031 394 2078 Item
412 2030 617 2079 Clemens
633 2032 730 2079 XII.
754 2032 877 2080 brevi
895 2032 1159 2079 Iamdudum
1176 2033 1280 2081 dato
1299 2034 1343 2079 3.
1367 2033 1487 2097 Sept.
1518 2033 1661 2079 1734.

184 2108 314 2156 cuius
350 2108 553 2155 meminit
595 2109 759 2156 Bened.
799 2110 910 2155 XIV.
955 2111 1072 2171 (13),
1113 2109 1299 2157 indulsit
1333 2109 1587 2157 sanationes
1623 2109 1669 2155 in

188 2185 338 2232 radice
362 2183 534 2248 absque
557 2186 823 2233 necessitate
855 2186 1096 2234 renovandi
1129 2203 1391 2234 consensus.
1431 2186 1543 2232 Nam
1568 2203 1669 2233 cum

186 2261 394 2309 Clemens
416 2261 494 2307 XI.
523 2261 822 2309 missionariis
848 2261 1074 2309 Indiarum
1093 2262 1344 2310 facultatem
1370 2262 1669 2310 concessisset

188 2336 484 2402 dispensandi
520 2336 577 2383 ab
606 2337 936 2402 impedimentis
972 2337 1284 2386 dirimentibus
1309 2338 1366 2385 ad
1400 2356 1542 2386 annos
1570 2338 1665 2383 XX.

190 2412 393 2460 nonnulli
421 2430 474 2460 ex
507 2412 647 2477 ipsis,
678 2412 763 2460 hoc
786 2423 984 2478 tempore
1007 2413 1174 2460 iamdiu
1198 2413 1368 2479 elapso,
1392 2414 1574 2461 easdem
1599 2412 1669 2458 di-

190 2489 502 2555 spensationes
539 2507 669 2554 porro
702 2489 944 2538 concedere
967 2501 1270 2555 perrexerunt.
1310 2491 1398 2538 Res
1434 2489 1581 2537 delata
1605 2499 1674 2536 est

281 2631 347 2673 (11)
368 2631 413 2664 Ut
427 2631 514 2664 idem
527 2631 625 2683 refert
637 2631 755 2664 Bened.
776 2633 862 2665 xlv.
881 2633 1000 2666 Instit.
1010 2635 1061 2666 87.
1079 2641 1112 2665 n.
1122 2637 1175 2666 80.
1189 2633 1222 2666 et
1236 2634 1286 2666 De
1297 2641 1372 2674 syn.
1389 2631 1496 2664 dioec.
1509 2630 1566 2662 lib.
1583 2631 1670 2662 xm.

189 2692 220 2716 c·
244 2688 350 2779 2103).
368 2688 431 2779 gp.
454 2738 510 2770 cit.
533 2738 674 2776 Quaesl.
693 2745 818 2771 canon.
842 2738 883 2775 Q.
908 2740 976 2771 174.

281 2790 348 2831 (13)
370 2790 442 2823 Lib.
462 2792 551 2823 xm.
567 2792 619 2823 De
635 2799 710 2832 syn.
727 2799 758 2822 c.
774 2794 826 2823 21.
843 2799 876 2822 n.
896 2793 927 2823 7.
948 2790 1072 2824 Ibidem
1091 2791 1189 2824 etiam
1208 2790 1321 2823 scribIt
1336 2789 1369 2822 id
1386 2790 1492 2831 Ipsum
1509 2788 1673 2821 indultum

192 2841 305 2876 secisse
325 2851 345 2875 a
364 2843 531 2878 clemente
552 2845 607 2877 xl.
628 2843 661 2876 in
682 2843 798 2877 lItterIs
819 2843 1048 2886 incipientibus
1068 2843 1283 2886 Apostolicae
1306 2841 1491 2885 dimittatis
1513 2841 1599 2875 datis
1620 2841 1673 2873 die

193 2899 226 2928 2.
243 2894 346 2938 April.
369 2899 458 2930 1701.
