1980 3260
330 254 423 300 284
619 263 698 295 mn.
728 262 773 295 11.
803 261 918 296 sacr.
947 262 976 294 1.
1005 262 1057 294 nn
1082 261 1247 294 rornsr.
1278 260 1442 295 nectas.

427 343 551 399 Quae
579 341 761 406 quidem
785 341 991 389 sufficere
1011 339 1244 397 videntur;
1274 356 1330 387 ne
1353 340 1457 405 quis
1484 349 1630 389 tamen
1652 344 1799 394 adhuc

329 420 524 483 ambigat
545 428 622 466 aut
636 418 827 466 haerens
855 418 1006 466 animo
1030 418 1105 475 sit,
1128 434 1217 464 non
1243 416 1481 465 abnuimus
1506 417 1698 468 adiicere
1719 439 1799 487 po·

328 496 462 545 sitiva
495 495 785 551 documenta,
824 511 967 559 eaque
1002 494 1171 541 directa
1189 531 1199 551 ‚
1232 511 1348 558 quae
1382 511 1475 542 rem
1503 494 1636 559 plane
1663 498 1800 545 confi-

327 573 462 621 ciant.
492 571 595 619 Tale
629 581 698 619 est
730 588 995 636 responsum
1030 571 1150 636 quod
1184 570 1314 619 refert
1342 571 1533 637 Prosper
1565 572 1802 636 Fagnanus

327 648 479 696 datum
514 665 541 695 a
574 664 685 695 rom.
715 647 924 712 pontifice
959 647 1017 695 ad
1056 647 1318 696 relationem
1347 665 1440 696 sac.
1465 664 1672 713 congreg.
1696 665 1801 697 con-

327 724 418 773 cilii
447 724 520 773 his
542 724 718 773 verbis:
741 743 763 769 «
786 723 1001 772 Sanctiss.
1025 723 1178 771 audita
1206 723 1418 773 relatione
1443 724 1802 789 congregationis

327 799 465 848 dixit:
503 800 543 849 si
583 799 697 849 alias
732 799 955 865 parochus
989 799 1061 849 vel
1093 800 1302 849 sacerdos
1336 800 1584 850 catholicus
1618 801 1665 848 in
1699 817 1804 867 pro-

331 876 505 942 pinquo
533 876 630 926 loco
657 877 742 934 sit,
775 894 923 925 coram
947 877 1047 943 ipso
1070 887 1113 925 et
1136 877 1323 925 testibus
1346 877 1653 935 contrahatur;
1682 876 1803 943 quod

325 953 365 1003 si
398 954 445 1001 id
478 953 689 1002 commode
722 954 820 1018 fieri
851 963 1062 1018 nequeat,
1107 954 1386 1001 contrahatur
1418 971 1560 1002 coram
1594 954 1798 1010 testibus,

327 1039 371 1079 et
393 1030 433 1079 si
459 1030 554 1079 fieri
578 1030 758 1096 poterit,
786 1030 921 1079 etiam
945 1047 1094 1079 coram
1117 1030 1317 1079 notario:
1346 1030 1477 1078 factis
1505 1040 1654 1079 tamen
1677 1031 1803 1097 prius

326 1106 374 1154 in
400 1116 590 1172 utroque
618 1123 727 1155 casu
755 1105 1175 1155 denunciationibus
1193 1117 1237 1154 et
1253 1105 1355 1154 aliis
1379 1106 1566 1167 servatis
1593 1124 1647 1154 ex
1670 1123 1797 1155 conc.

330 1183 637 1247 (tridentino)
677 1182 910 1232 servandis
953 1185 1136 1246 (189).»
1157 1182 1289 1230 Aliud
1323 1183 1637 1231 documentum
1670 1183 1802 1232 nobis

324 1260 582 1326 suppeditat
615 1260 825 1309 resolutio
858 1277 949 1308 sac.
972 1277 1179 1323 congreg.
1203 1259 1381 1307 concilii
1406 1260 1509 1309 data
1530 1260 1604 1308 die
1633 1261 1710 1308 19.
1732 1260 1804 1308 Ia-

324 1353 451 1384 nuar.
476 1338 620 1383 1605.
643 1336 701 1384 ad
726 1336 925 1401 episcop.
948 1335 1250 1384 tricariensem
1269 1336 1449 1385 omnino
1467 1336 1707 1385 conformis
1723 1336 1802 1385 de-

326 1409 560 1459 clarationi
587 1428 699 1459 rom.
722 1411 947 1476 pontificis
964 1411 1096 1459 modo
1121 1411 1301 1469 allatae,
1324 1429 1440 1478 quae
1463 1412 1684 1460 eiusmodi
1708 1422 1797 1460 est:

328 1487 418 1533 «Si
442 1504 547 1535 vero
576 1487 788 1553 parochia
820 1488 866 1535 in
901 1506 991 1554 qua
1020 1488 1102 1537 fuit
1129 1488 1372 1554 aliquando
1405 1489 1688 1538 observatum
1723 1488 1802 1537 de-

323 1574 491 1611 cretum
514 1563 876 1627 (tridentinum),
895 1565 1091 1630 parocho
1110 1575 1278 1623 careat,
1301 1576 1344 1613 et
1361 1565 1631 1614 cathedralis
1644 1565 1800 1614 itidem

325 1639 536 1706 episcopo
554 1650 597 1688 et
614 1640 810 1706 capitulo
829 1640 1096 1689 habentibus
1121 1659 1149 1689 a
1170 1641 1359 1689 concilio
1388 1641 1641 1689 facultatem
1665 1640 1803 1688 alium

326 1716 602 1764 sacerdotem
637 1716 695 1764 ad
729 1716 775 1763 id
810 1716 1070 1781 delegandi,
1108 1717 1350 1782 nullusque
1378 1716 1494 1764 alius
1518 1716 1581 1763 ibi
1611 1716 1696 1774 sit,
1723 1716 1803 1782 qui

324 1792 446 1841 vices
475 1793 686 1859 parochi,
726 1804 803 1842 aut
835 1795 1034 1860 episcopi
1077 1793 1287 1859 suppleat
1314 1832 1324 1852 ‚
1362 1793 1692 1841 matrimonium
1725 1810 1804 1842 va-

330 1870 385 1916 let
423 1871 581 1935 absque
611 1872 862 1936 praesentia
893 1871 1101 1936 parochi,
1149 1881 1324 1919 servata
1368 1881 1517 1918 tamen
1551 1870 1597 1916 in
1632 1887 1685 1918 eo
1707 1908 1717 1927 ,
1756 1869 1803 1916 in

329 1963 417 2010 quo
441 1957 609 2010 potest,
638 1948 779 1996 forma
802 1947 1007 2005 concilii;
1030 1965 1190 2013 nempe
1213 1946 1428 1995 adhibitis
1453 1946 1610 1994 saltem
1627 1945 1802 1994 duobus

327 2022 530 2070 testibus.
570 2024 615 2070 Si
649 2042 753 2072 vero
787 2034 935 2072 extent
978 2024 1159 2089 quidem
1198 2023 1423 2088 parochus
1456 2032 1500 2070 et
1531 2022 1770 2088 episcopus
1787 2060 1798 2079 ‚

328 2098 409 2146 sed
446 2099 567 2148 nullo
602 2101 840 2149 constituto
873 2101 1069 2158 vicario,
1102 2111 1289 2165 uterque
1322 2110 1443 2148 metu
1477 2099 1802 2147 haereticorum

326 2174 486 2232 lateat,
515 2193 597 2224 nec
629 2178 685 2224 ad
712 2178 968 2226 alterutrum
993 2178 1053 2226 sit
1075 2187 1196 2225 tutus
1231 2193 1466 2233 accessuS,
1502 2176 1701 2224 validum
1735 2185 1804 2224 est

328 2252 658 2300 matrimonium
683 2254 854 2320 absque
878 2254 1097 2321 parocho,
1126 2253 1342 2303 adhibitis
1366 2263 1514 2301 tamen
1538 2252 1714 2301 duobus
1738 2263 1802 2300 te-

328 2326 474 2375 stibus
498 2330 679 2391 (190).»

423 2405 474 2451 In
497 2404 635 2452 dubio
658 2416 804 2453 utrum
830 2408 1104 2472 publicatum
1130 2408 1262 2457 fuerit
1284 2425 1366 2456 nec
1390 2425 1446 2455 ne
1469 2406 1695 2454 decretum
1721 2406 1799 2453 tri-

325 2480 555 2529 dentinum
580 2482 627 2528 in
652 2483 877 2531 nonnullis
908 2485 1114 2533 Sinarum
1145 2484 1386 2551 provinciis
1419 2482 1663 2531 resolutum
1695 2481 1795 2528 fuit:

328 2558 454 2606 «Non
486 2557 802 2623 inquietandos
842 2559 996 2608 fideles
1013 2599 1023 2618 ,
1054 2561 1131 2626 qui
1162 2560 1433 2608 missionario
1459 2559 1580 2622 lonqe
1603 2558 1793 2611 absente,

424 2716 511 2758 (189)
533 2719 646 2759 Prosp.
669 2717 814 2758 Fugnani
835 2718 1091 2751 commentaria
1113 2720 1151 2751 in
1172 2716 1312 2752 secund.
1342 2715 1423 2750 libr.
1453 2714 1619 2748 decretal.
1645 2715 1696 2747 De
1716 2713 1800 2754 soro

322 2771 530 2812 competenti
541 2770 575 2802 in
590 2778 662 2812 cap.
676 2771 712 2803 Si
726 2770 875 2803 clericus
893 2779 926 2802 n.
943 2775 993 2803 58.

419 2824 507 2865 (190)
531 2824 625 2866 Apud
640 2824 744 2857 Diana
760 2823 910 2857 Resolut.
928 2824 1052 2856 moral.
1071 2826 1154 2866 part.
1171 2826 1225 2856 xl.
1242 2824 1335 2857 tract.
1351 2824 1407 2855 vl.
1424 2822 1519 2854 resol.
1536 2822 1561 2854 1.
1578 2822 1690 2855 venet.
1709 2825 1799 2854 1655.

324 2886 397 2918 pag.
414 2882 483 2910 528.
