1980 3260
346 218 434 263 180
661 226 741 258 mn.
770 223 817 256 n.
846 224 959 256 sacr.
986 223 1016 255 ι.
1046 223 1098 254 ni:
1134 223 1300 255 rornsr.
1331 223 1496 257 nectus.

343 310 431 356 bet.
472 308 578 352 Nam
615 304 652 351 si
689 302 808 350 iuxta
842 301 1126 348 Benedictum
1150 301 1258 346 xlv.
1294 302 1470 348 sanatio
1499 303 1545 349 in
1581 305 1731 355 radice
1755 323 1823 355 re«

346 383 487 432 stituit
517 379 773 442 coniugium
807 379 852 425 in
888 388 1050 426 statum
1083 376 1347 441 pristinum,
1376 394 1508 441 quem
1541 377 1749 439 haberet,
1777 384 1818 430 si

349 457 710 522 impedimentum
741 472 828 502 non
854 455 1096 510 extitisset,
1133 453 1265 518 plane
1288 453 1579 518 consequitur
1599 491 1609 510 ‚
1636 450 1757 519 quod
1780 458 1820 506 si

346 523 602 596 coniugium
647 532 904 595 religiosum
940 548 1027 578 non
1073 529 1278 595 producit
1309 529 1491 577 effectus
1529 529 1713 587 civiles,
1749 527 1814 579 di·

346 609 674 675 spensationem
709 608 856 654 datam
891 625 917 653 a
951 607 1165 670 pontifice
1198 599 1379 652 romano
1414 605 1538 652 haud
1573 623 1708 671 posse
1741 623 1820 656 eos

346 686 589 733 restituere.
630 685 908 748 Quapropter
942 684 979 730 si
1016 682 1325 731 contrahentes
1344 721 1353 739 ‚
1388 683 1466 748 qui
1501 682 1819 732 relaxationem

347 762 653 817 obtinuerunt,
685 759 1048 815 formalitatibus,
1080 777 1193 824 quas
1229 758 1381 806 civiles
1416 769 1601 816 vocant,
1642 759 1819 808 satisfe-

347 847 526 894 cerunt,
566 847 671 884 tunc
710 835 915 883 civilibus
957 835 1188 882 effectibus
1235 835 1586 899 independenter
1623 853 1650 882 a
1695 853 1823 883 sana-

347 915 465 962 tione
491 913 714 960 fruentur:
754 913 824 959 sin
853 928 961 959 vero
985 911 1084 958 illas
1111 913 1529 975 praetermiserunt,
1559 911 1706 976 proles
1731 911 1824 959 ille-

347 990 502 1052 gitima
524 989 571 1034 in
605 988 698 1036 soro
721 988 839 1035 civili
873 1005 974 1035 esse
1009 986 1332 1052 perseverabit,
1363 1003 1451 1033 non
1477 986 1684 1034 obstante·
1714 1004 1825 1053 qua·

349 1068 415 1112 vis
444 1065 673 1113 sanatione
701 1065 894 1127 coniugii
930 1064 976 1110 in
1011 1063 1175 1110 radice.
1654 1062 1658 1065 ’

444 1142 627 1205 Semper
656 1151 800 1188 tamen
823 1139 1053 1204 pontificia
1087 1138 1368 1204 dispensatio
1391 1137 1607 1184 obtinebit
1637 1138 1830 1185 effectus-

350 1234 456 1265 suos
490 1218 536 1263 in
573 1217 729 1265 ordine
763 1216 1009 1281 spirituali,
1049 1233 1148 1262 cum
1184 1215 1230 1261 id
1273 1214 1403 1261 unice
1437 1213 1494 1261 ab
1522 1214 1725 1264 ecclesia,
1747 1213 1829 1262 de-

351 1294 555 1358 pendeat.
1799 1289 1805 1293 ”

366 1376 368 1378 ’
445 1369 572 1415 Tales
607 1380 712 1415 sunt
744 1369 927 1416 effectus
962 1369 1039 1434 qui
1076 1369 1170 1417 sive
1204 1368 1370 1416 directe
1404 1369 1498 1416 sive
1531 1367 1746 1415 indirecte
1773 1383 1828 1414 ex

350 1445 579 1493 sanatione
616 1445 779 1492 radicis
814 1445 1082 1493 matrimonii
1118 1445 1398 1510 proveniunt.

905 1583 1146 1621 CAPUT
1179 1584 1242 1620 V·

801 1690 853 1720 DE
889 1688 1109 1721 ECGLESIAE
1145 1689 1374 1721 POTESTATE

566 1767 608 1799 IN
644 1764 794 1798 CAUSAS
829 1765 1165 1798 MATRIMONIALES
1197 1766 1247 1797 Ac
1281 1765 1594 1813 lNVSPONSAuA.

918 1874 1193 1913 ARTICULUS
1220 1874 1250 1910 1.

399 1970 543 2008 Causae
561 1980 691 2008 omnes
711 1970 1036 2019 matrimoniales,
1058 1979 1157 2019 quae
1175 1970 1350 2008 intimam
1369 1972 1587 2007 contractus
1605 1973 1786 2014 naturam

545 2035 740 2084 attingunt
767 2035 816 2073 ad
843 2035 944 2073 solos
971 2033 1248 2074 ecclesiasticos
1275 2033 1421 2072 iudices
1448 2037 1636 2083 spectant.

448 2131 621 2177 Marcus
639 2130 738 2178 Ant.
762 2132 827 2179 De
843 2131 1063 2188 Dominis,
1086 2130 1326 2187 Launoius,
1344 2129 1675 2188 Tamburinius,
1695 2129 1827 2186 Litta,

356 2207 560 2263 Nesfius,
591 2207 831 2255 novissime
858 2225 962 2257 vero
996 2209 1139 2274 Nuytz
1171 2209 1235 2270 (1)
1263 2224 1353 2254 uno
1379 2224 1454 2254 ore
1485 2223 1645 2254 causas
1678 2206 1832 2254 matri-

355 2282 571 2330 moniales
602 2282 720 2330 civili
745 2283 837 2331 soro
871 2284 1142 2332 adiudicant.
1181 2283 1236 2331 At
1265 2300 1383 2349 quae
1417 2283 1477 2331 sit
1509 2281 1730 2331 catholica
1750 2281 1832 2331 do·

444 2416 493 2457 (1)
511 2418 561 2448 En
586 2416 656 2449 eius
682 2417 781 2449 verba
809 2417 843 2449 in
869 2426 923 2458 op.
947 2419 983 2450 Il
1003 2418 1200 2460 professore
1227 2418 1332 2459 Nuyts
1347 2418 1385 2450 ai
1407 2418 1485 2449 suoi
1507 2415 1747 2449 commatum.
1768 2415 1839 2447 To·-

359 2470 431 2502 rino
452 2473 542 2502 1852.
561 2477 633 2511 cap.
650 2471 723 2502 vll.
748 2470 999 2511 «Proposizione
1013 2472 1217 2504 condennata
1241 2472 1275 2504 in
1299 2470 1394 2504 Brevi
1407 2469 1457 2501 Pii
1473 2470 1528 2502 IX:
1547 2469 1578 2501 le
1596 2475 1693 2501 cause
1708 2467 1833 2500 macn-

353 2522 501 2555 moniali
526 2530 545 2555 e
561 2522 595 2554 di
621 2522 777 2564 sponsali
800 2522 834 2554 di
861 2523 931 2555 loro
957 2524 1072 2556 natura
1098 2526 1338 2566 appartengono
1364 2523 1396 2556 al
1420 2522 1493 2555 foro
1517 2519 1780 2554 civile-Aceetto
1796 2518 1830 2551 la

355 2576 597 2618 proposizitme,
622 2585 642 2609 e
669 2577 701 2608 la
727 2577 886 2617 sostengo.
903 2589 919 2604 »
941 2579 989 2609 Ne
1007 2578 1081 2618 quis
1102 2587 1180 2611 vero
1202 2578 1340 2620 benigne
1358 2575 1626 2617 interpretaretur
1643 2581 1719 2606 eum
1737 2572 1831 2614 1⁰⁴1¹¹i

356 2628 398 2661 de
422 2629 530 2661 causis
555 2627 618 2670 ipsi
648 2629 780 2661 vinculo
814 2628 1017 2670 extrinsecis,
1045 2631 1126 2671 quid
1157 2640 1216 2673 per
1238 2631 1312 2663 illas
1339 2627 1588 2670 significaverit,
1617 2626 1753 2668 ipsemet
1778 2634 1835 2658 ex-

358 2682 450 2723 ponit
473 2682 524 2714 his
547 2682 668 2715 verbis:
698 2695 715 2710 α
729 2683 845 2715 Hanno
870 2691 967 2715 nome
986 2683 1020 2715 di
1048 2683 1278 2717 matrimoniali
1293 2683 1401 2725 quelle
1425 2689 1522 2714 cause
1534 2681 1570 2712 in
1582 2680 1637 2712 cui
1656 2680 1685 2712 ei
1700 2679 1832 2720 disputa

356 2742 377 2765 ο
398 2733 484 2766 della
502 2733 655 2767 validita
675 2734 711 2766 di
728 2743 774 2766 un
793 2735 1000 2767 matrimonio
1012 2759 1021 2776 ,
1038 2744 1059 2768 o
1080 2736 1166 2768 della
1184 2736 1407 2778 separaztone
1425 2733 1476 2766 de’
1490 2732 1640 2773 coniugi,
1659 2731 1687 2764 εὶ
1702 2739 1760 2773 per
1776 2739 1832 2772 og-

357 2787 444 2827 getto
464 2787 499 2819 di
517 2787 587 2820 sola
606 2787 786 2820 abitazione
805 2786 964 2828 distinta,
990 2788 1017 2820 si
1042 2797 1100 2829 per
1117 2790 1244 2830 oggetto
1264 2787 1300 2821 di
1319 2794 1475 2830 rumpere
1489 2786 1519 2819 il
1545 2785 1682 2819 vineole
1702 2793 1765 2818 con
1785 2784 1832 2817 sa·

356 2838 443 2870 colia
460 2838 494 2870 di
514 2839 563 2871 far
583 2840 665 2872 altro
686 2839 894 2872 matrimonio
909 2852 926 2867 ν
947 2841 980 2872 et
999 2840 1077 2872 haec
1098 2841 1155 2880 qui
1177 2839 1387 2874 catholicum
1407 2847 1443 2872 se
1462 2846 1532 2871 esse
1557 2837 1740 2879 profitetur.
