1980 3260
322 231 408 276 228
626 241 705 272 Lm.
738 241 784 272 11.
814 241 928 273 sacr.
958 241 987 271 1.
1018 239 1070 270 nn
1094 215 1465 270 rornsr..acct.1·:s.'

316 323 402 368 cito
435 318 632 366 eiusdem
668 318 789 365 sedis
823 318 1025 373 decreto,
1058 332 1147 380 quo
1173 313 1230 361 ad
1257 313 1370 361 alias
1397 314 1601 377 regiones
1633 327 1784 366 exten-

319 398 461 442 datur.
910 398 912 400 ’
1548 396 1551 398 ’
1689 434 1693 439 .
1720 435 1721 439 ,

413 469 497 516 Sed
522 478 715 534 praestat
737 468 793 515 ad
818 467 1124 533 quaestionem
1158 470 1341 530 prorsu's
1371 464 1668 513 dirimendam
1691 478 1784 517 tum

319 546 570 610 antiquiora
593 554 684 591 tum
711 545 952 592 recentiora
978 544 1244 592 documenta
1266 543 1314 589 in
1338 542 1535 590 medium
1569 543 1783 608 proferre.

319 623 459 686 Atque
482 630 530 668 ut
553 639 579 668 a
602 621 898 668 matrimoniis
931 621 1083 668 mixtis
1118 619 1387 685 incipiamus
1405 611 1432 676 ,Τ
1447 619 1640 684 primum
1674 619 1787 667 mihi

319 717 367 746 se
403 716 452 746 se
484 698 612 745 offert
647 697 879 745 instructio
912 715 940 745 a
973 697 1080 745 sede
1113 696 1355 762 apostolica
1392 695 1497 744 data
1527 695 1586 743 ad
1619 696 1790 762 episco-

325 793 429 839 pum
463 774 808 822 ro'snaviensem.
832 773 941 820 Cum
968 773 1086 820 enim
1122 790 1239 820 anno
1275 773 1416 819 1780.
1439 772 1515 819 ille
1548 771 1789 838 episcopus

322 850 644 915 inquisivisset,
671 860 819 896 utrum
841 848 1088 897 Declaratio
1105 848 1388 896 benedictina
1409 847 1613 897 debuerit
1633 848 1789 897 haberi

321 939 501 975 extensa
534 928 591 975 ad
624 927 924 990 Hungariam‚
961 926 1194 991 respondit
1226 943 1267 974 si
1290 926 1453 974 sedes:
1486 946 1509 972 α
1529 927 1681 974 Donec
1713 931 1793 992 Per

322 1004 522 1051 s.sedem
546 1004 674 1051 aliter
695 1003 966 1051 declaratum
990 1003 1143 1060 fuerit,
1171 1013 1396 1067 tamquam
1413 1005 1496 1066 pro
1512 1005 1597 1050 non
1612 1012 1792 1050 eoetcnsa

321 1080 377 1126 ad
394 1079 665 1143 Hungariam
685 1079 742 1127 ab
758 1079 965 1127 omnibus
998 1077 1221 1126 censenda
1253 1077 1312 1125 sit
1328 1096 1339 1134 ;
1356 1097 1380 1122 »
1401 1077 1600 1142 adeoque
1623 1081 1792 1126 connu-

323 1156 395 1203 bia
422 1157 558 1204 mixta
587 1156 648 1203 ibi
677 1156 951 1204 clandestine
985 1154 1203 1203 celebrata
1231 1165 1458 1219 tamquam
1486 1153 1612 1201 irrita
1637 1153 1793 1203 habita

323 1232 511 1280 fuerunt.
532 1233 659 1289 Quod
677 1234 819 1297 magis
837 1232 1121 1280 confirmatur
1139 1248 1193 1278 ex
1209 1230 1311 1279 aliis
1330 1230 1531 1278 eiusdem
1548 1230 1795 1280 instructio-

324 1308 396 1354 nis
430 1308 606 1355 verbis:
649 1308 907 1364 «Quamvis
949 1306 1232 1355 matrimonia
1263 1306 1402 1354 mixta
1434 1323 1578 1354 coram
1605 1306 1794 1370 parocho

325 1385 529 1431 catholico
571 1384 741 1449 absque
775 1384 862 1431 alio
902 1383 1137 1431 dirimente
1177 1383 1494 1449 impedimento
1537 1380 1759 1431 celebrata
1778 1420 1791 1441 ,

324 1460 472 1506 valida
495 1460 830 1523 dignoscantur,
841 1480 862 1505 »
878 1461 998 1508 iuxta
1014 1460 1213 1524 regulam
1231 1460 1288 1508 ab
1305 1460 1511 1509 omnibus
1527 1459 1790 1518 admissam,

325 1536 443 1600 quod
483 1537 665 1584 inclusio
701 1538 829 1584 unius
862 1547 923 1583 est
958 1537 1149 1584 eoeclusio
1185 1537 1382 1585 alterius.
1411 1540 1413 1542 ’
1653 1576 1657 1580 .

421 1612 553 1660 Aliud
597 1613 793 1678 suppetit
832 1613 1145 1661 documentum
1185 1613 1231 1660 in
1264 1613 1558 1678 responsione
1595 1612 1700 1661 data
1735 1612 1794 1661 ad

326 1689 541 1735 vicarium
560 1690 748 1755 apostol.
769 1690 1060 1748 bredensem‚
1089 1690 1166 1755 qui
1191 1707 1347 1738 mense
1363 1691 1542 1738 Decem.
1564 1689 1792 1737 an.1828.

328 1781 426 1810 cum
462 1765 763 1830 exposuisset:
796 1786 818 1812 «
840 1767 890 1812 In
915 1766 1157 1831 provinciis
1191 1765 1422 1815 catholicis
1445 1765 1584 1830 Belgii
1607 1765 1665 1813 de
1687 1775 1799 1814 tem-

330 1848 452 1903 pore
474 1841 517 1886 in
561 1850 735 1906 tempus
779 1841 1060 1890 detestabilia
1103 1842 1308 1906 coniugia
1347 1842 1461 1890 inter
1499 1841 1728 1889 catholicos
1758 1850 1799 1888 et

330 1918 586 1965 acatholicos
619 1918 1007 1968 ineuntur'coram
1040 1920 1302 1983 magistratu
1335 1918 1482 1976 civili,
1509 1935 1599 1966 non
1626 1921 1801 1966 sei-'vata

333 1992 470 2039 forma
502 2011 529 2040 a
562 1995 798 2043 tridentino
833 1996 1128 2061 praescripta:
1161 1996 1282 2061 quod
1315 2013 1416 2043 cum
1447 1994 1698 2043 Declaratio
1726 2011 1796 2042 sa:

332 2084 467 2114 mem:
507 2070 727 2118 Benedicti
772 2073 881 2118 XIV.
920 2072 1038 2120 circa
1075 2072 1356 2120 matrimonia
1388 2071 1653 2120 Hollandiae
1696 2070 1801 2119 data

337 2146 379 2190 4.
410 2146 518 2192 Nov.
549 2148 688 2194 1741.
718 2149 775 2195 ad
802 2151 1052 2213 provincias
1087 2149 1319 2198 catholicas
1351 2148 1513 2212 Belgii,
1548 2148 1765 2197 hactenus
1784 2186 1797 2206 ‚

333 2231 381 2267 ut
408 2232 633 2285 putamus,
663 2235 838 2272 extensa
869 2244 955 2272 non
986 2227 1068 2281 sit,
1095 2225 1152 2273 de
1174 2225 1323 2274 valore
1356 2225 1553 2272 istorum
1574 2224 1802 2272 matrimo-
1829 2267 1831 2269 .

335 2298 509 2344 niorum
547 2316 634 2346 non
667 2311 858 2358 constat,
896 2302 1015 2367 quod
1050 2320 1140 2351 non
1175 2319 1275 2351 raro
1307 2301 1553 2365 contingit;
1578 2300 1701 2367 quod
1724 2299 1800 2349 tali

336 2373 467 2420 modo
500 2375 722 2421 coniuncti
758 2376 959 2425 homines
994 2378 1050 2425 ad
1085 2389 1285 2427 nostrum
1317 2387 1504 2425 tractum
1526 2415 1537 2435 ‚
1565 2377 1643 2443 qui
1666 2386 1735 2425 est
1754 2375 1801 2423 in

337 2450 517 2514 confinio
550 2450 768 2497 dictarum
802 2453 1127 2515 provinciarum
1151 2493 1162 2512 ,
1198 2453 1461 2509 deveniant,
1499 2469 1554 2500 ac
1585 2453 1634 2499 in
1667 2454 1721 2499 eo
1751 2455 1804 2497 u't

337 2525 532 2588 legitimo
560 2527 841 2575 matrimonio
866 2529 1002 2576 iuncti
1025 2531 1192 2578 vivant.
1221 2528 1518 2587 Quamobrem
1541 2526 1801 2576 confessarii

337 2619 604 2668 magnopere
638 2614 898 2668 torquentur
915 2643 925 2661 ‚
955 2605 1206 2669 ignorantes
1234 2604 1457 2672 quomodo
1480 2604 1539 2652 sit
1561 2602 1803 2669 prpceden-

337 2676 443 2724 dum
468 2696 567 2725 cum
593 2690 717 2744 parte
739 2680 980 2739 catholica,
1010 2683 1048 2729 si
1074 2682 1345 2748 poenitentia
1368 2681 1502 2728 ducta
1529 2680 1586 2727 ad
1608 2678 1802 2726 tribunal

339 2755 633 2817 poenitentiae
650 2774 699 2804 se
718 2774 768 2804 se
786 2767 1055 2822 praesentet3
1085 2776 1187 2806 nam
1211 2758 1433 2807 admonere
1462 2757 1514 2804 de
1538 2755 1806 2803 matrimonii

339 2831 536 2879 nullitate
566 2851 648 2880 non
683 2834 861 2889 audent,
896 2852 994 2889 nec,
1023 2845 1071 2882 ut
1091 2853 1207 2891 reor,
1241 2834 1415 2899 expedit
1437 2843 1614 2899 propter
1634 2833 1802 2880 maiora
