1980 3260
378 201 434 245 88
696 209 775 240 Lm.
803 208 850 239 11.
877 207 990 239 sncr.
1018 207 1048 238 1.
1070 206 1121 236 mi
1144 205 1308 236 rornsr.
1332 205 1495 238 uncins.

380 311 402 336 «
422 285 770 352 Dispensationis
788 283 943 332 modus
958 321 968 339 ,
997 282 1110 329 sicut
1130 281 1175 327 b.
1198 280 1389 345 Cyrillus
1412 282 1458 327 in
1481 282 1667 345 epistola
1687 283 1821 348 ephe-

376 366 498 413 sinae
521 359 678 425 synodi
702 359 893 423 loquitur
907 397 916 415 ,
938 357 1045 404 nulli
1069 373 1263 420 unquam
1294 356 1543 420 sapientum
1569 357 1811 421 displicuit.

373 438 579 485 Novimus
603 435 720 482 enim
754 445 926 482 sanctos
950 443 1094 498 patres
1119 442 1316 488 nostros,
1344 442 1387 478 et
1418 432 1541 495 ipsos
1564 433 1815 497 apostolos,

374 529 452 576 pro
485 522 725 575 temporum
759 509 954 557 articulis
987 518 1030 556 et
1067 507 1352 573 qualitatibus
1396 524 1716 571 personarum,
1747 509 1822 556 di:-

374 586 729 651 spensationihus
759 602 865 632 usos
894 586 1007 646 (10).
1033 604 1055 629 »
1636 606 1638 610 >
1667 623 1669 625 ,
1703 602 1706 619 .·
1730 613 1731 617 ¹
1773 584 1826 626 Ξέι,

465 662 600 724 Vulgo
633 661 818 708 traditur
851 660 1041 724 primum
1076 659 1356 706 relaxationis
1389 659 1638 724 exemplum
1664 675 1823 707 occur·

372 755 467 786 rere
498 747 637 784 aetate
671 736 911 783 Innocentii
945 737 1022 781 Ill.
1061 735 1136 800 qui
1171 735 1504 799 dispensatione
1523 735 1647 792 data,
1675 735 1824 783 induli·

371 814 429 860 sit
461 812 632 872 Othoni,
647 813 715 858 lv.
743 822 791 859 ut
812 821 962 876 posset
985 811 1030 858 in
1053 829 1229 859 uxorem
1253 811 1412 859 ducere
1435 811 1571 858 filiam
1594 811 1823 876 Philippi,

371 889 447 953 qui
487 906 586 936 cum
625 905 677 935 eo
715 888 771 935 de
814 888 1063 951 germanico
1092 887 1284 951 ¹imperio
1323 887 1614 934 contendebat
1631 925 1642 944 ,
1685 887 1822 953 idque

371 981 458 1011 non
482 964 578 1011 sine
606 963 748 1010 enixis
781 962 986 1026 precibus
1019 979 1248 1027 procerum
1266 999 1276 1018 ‚
1312 961 1525 1009 nobilium
1541 999 1552 1019 ,
1588 962 1822 1027 episcopo-

371 1055 492 1094 rum,
530 1038 815 1101 ipsorumque
846 1037 1169 1101 pontificiorum
1193 1037 1467 1121 legatorum,
1503 1054 1531 1082 a
1552 1036 1726 1101 quibus
1741 1054 1821 1101 po-

370 1114 490 1161 litica
507 1114 705 1179 exposita
727 1113 848 1160 fuere
870 1114 1032 1161 motiva
1054 1130 1193 1177 eaque
1215 1113 1476 1176 gravissima
1499 1112 1602 1159 huic
1625 1113 1823 1176 pontifici

370 1190 462 1236 ad
450 1207 598 1253 ipsum
620 1189 987 1273 permovendum,
1015 1198 1063 1236 ut
1084 1188 1299 1236 eiusmodi
1322 1188 1694 1253 dispensationem
1714 1199 1824 1236 com-

369 1264 568 1322 cederet,
593 1264 717 1312 cuius
736 1264 806 1312 sin
823 1265 970 1311 minus
994 1263 1255 1321 necessitas,
1283 1280 1455 1311 summa
1478 1263 1645 1311 saltem
1655 1263 1823 1312 utilitas

368 1339 691 1386 ostendebatur.
727 1339 841 1386 Huic
864 1339 1039 1386 tandem
1072 1338 1174 1386 licet
1205 1355 1357 1401 aegre,
1390 1355 1471 1386 nec
1495 1339 1605 1387 sinet
1620 1340 1825 1402 onerosis

366 1414 577 1478 appositis
611 1413 935 1461 conditionibus
968 1413 1103 1460 cessit
1135 1431 1334 1462 summus
1367 1413 1560 1479 pontifex
1597 1415 1822 1477 (1=1)⁷.2.÷‚1ff

459 1489 661 1537 Attamen
693 1506 747 1536 ex
779 1489 1039 1536 accuratiori
1073 1488 1284 1537 historiae
1316 1489 1642 1538 ecclesiasticae
1675 1490 1824 1543 studio

365 1582 452 1615 non
465 1565 712 1622 defuerunt,
734 1565 812 1629 qui
828 1565 1139 1612 contenderent
1155 1565 1284 1628 longe
1300 1576 1401 1613 ante
1419 1566 1822 1614 Innocentium-HL

366 1639 582 1688 eiusmodi
616 1640 998 1704 dispensationum
1032 1640 1231 1704 exempla
1264 1641 1462 1705 reperiri.
1495 1640 1558 1688 Ac
1587 1641 1738 1706 reipsa
1760 1641 1825 1689 af-

366 1715 509 1761 ferunt
531 1733 569 1762 s.
593 1716 844 1777 Gregorium
862 1716 919 1762 M.
942 1716 1019 1781 qui
1044 1716 1192 1763 seculo
1215 1716 1428 1764 ecclesiae
1457 1726 1578 1764 sexto
1606 1720 1818 1774 exeunte,

366 1808 416 1838 ac
449 1790 626 1838 ineunte
659 1792 847 1854 septimo
881 1792 938 1839 ad
971 1810 1011 1840 s.
1040 1791 1276 1855 Augustini
1309 1791 1497 1855 Angliae
1529 1792 1723 1857 apostoli*
1749 1809 1825 1857 po-

366 1865 643 1913 stulationem
670 1865 855 1914 indulsit
887 1867 1030 1929 anglis
1066 1884 1217 1915 recens
1252 1867 1308 1914 ad
1341 1866 1628 1915 christianam
1650 1867 1822 1930 religion

453 2011 517 2052 (ιο)
538 2013 637 2054 Epist.
653 2014 749 2046 XLII.
764 2014 844 2047 ads.
862 2015 1047 2048 Anselmum
1063 2023 1114 2057 ap.
1136 2014 1299 2048 Lahbeum
1317 2014 1456 2047 collect.
1462 2012 1602 2053 concil.
1599 2012 1698 2062 tom
1701 2014 1751 2048 Χ.
1760 2012 1822 2061 μὶ

365 2064 465 2096 Paris.
484 2064 546 2097 col.
566 2070 636 2098 665.

452 2116 517 2157 (ιι)
538 2118 584 2149 De
601 2117 662 2149 hac
685 2117 918 2159 dispensatione
932 2120 978 2152 ita
988 2120 1101 2153 scribit
1112 2123 1152 2153 D.
1170 2119 1341 2153 Hericourt
1356 2119 1389 2152 in
1401 2127 1455 2160 op.
1474 2120 1535 2151 Les
1552 2115 1620 2150 lots
1632 2111 1821 2150 '‘3chss

363 2168 452 2201 dans
475 2169 552 2201 leur
571 2169 673 2201 ordre
691 2171 833 2203 natur-el
853 2175 940 2205 1729.
970 2173 1163 2205 «Monsieur
1188 2172 1339 2213 Germia,
1357 2172 1439 2204 dans
1459 2179 1518 2204 son
1537 2169 1640 2212 truite
1653 2168 1824 2213 melfiam

363 2220 407 2252 du
422 2220 558 2262 pouvoir
578 2221 618 2254 de
643 2221 762 2262 l’eglise
779 2224 812 2255 et
824 2223 879 2256 dos
900 2225 1024 2265 princes
1045 2234 1101 2258 sur
1124 2226 1170 2258 les
1184 2225 1439 2266 empecheme'nts
1451 2223 1495 2255 du
1511 2222 1651 2266 mariage
1671 2230 1707 2253 ra
1773 2223 1822 2254 rte

363 2274 383 2306 a
403 2281 441 2306 ce
461 2273 545 2314 sujet
568 2275 618 2306 cet
642 2275 784 2315 exemplo
809 2276 1012 2309 memorable.
1045 2278 1145 2319 Apres
1164 2278 1196 2310 la
1215 2279 1302 2310 mort
1322 2276 1363 2309 de
1385 2264 1709 2318 Philippe,l1ui³ffi·a
1753 2270 1822 2306 ‹lis-¹

361 2326 438 2367 pute
457 2326 601 2367 l’empire
620 2327 826 2368 germanique
851 2328 871 2360 a
884 2330 991 2361 othon
1005 2332 1060 2363 IV.
1079 2339 1122 2363 on
1151 2339 1290 2372 proposa
1311 2330 1407 2368 (rm
1423 2333 1525 2365 ·.1208
1534 2328 1548 2368 )
1568 2336 1652 2370 potr
1667 2326 1823 2364 “W

362 2379 409 2411 les
435 2379 577 2412 troubles
601 2379 816 2420 d’Allemagne
836 2380 877 2412 de
897 2382 1012 2414 marier
1037 2383 1143 2415 othon
1169 2392 1247 2415 avec
1260 2382 1291 2415 la
1317 2382 1382 2414 fille
1407 2381 1448 2414 de
1472 2380 1635 2421 Philippe‚
1661 2379 1719 2420 qui
1744 2378 1823 2411 etan

362 2430 512 2463 lici-iticre
531 2430 573 2463 de
599 2439 652 2463 ces
676 2431 883 2472 protentions.
904 2434 950 2464 La
973 2434 1132 2474 princesse
1161 2435 1239 2467 etait
1258 2433 1450 2476 pai-enredo
1475 2432 1666 2473 l’empereur
1691 2439 1734 2463 au
1754 2429 1820 2462 cin-

360 2482 488 2523 quieme
512 2482 628 2524 degre,
650 2483 707 2523 qui
730 2483 835 2516 faisait
861 2484 947 2517 alors
967 2494 1011 2517 un
1040 2487 1280 2527 empechement
1298 2486 1461 2519 dirimant.
1488 2486 1535 2517 Le
1565 2492 1648 2525 pope
1672 2483 1748 2516 ΙΙόΙΙ
1763 2490 1819 2515 ⁸⁶·

361 2535 462 2567 corda
485 2535 518 2567 la
539 2534 686 2576 dispensa
699 2536 773 2576 qu’a
790 2537 955 2569 condition
968 2561 977 2577 ‚
993 2538 1071 2578 qu’il
1085 2539 1245 2572 fonderait
1267 2541 1353 2573 deux
1370 2537 1489 2580 grands
1507 2536 1722 2574 monasteriis.
1739 2534 1820 2576 ‘1¹¹'ss

359 2586 452 2618 serait
467 2586 526 2618 des
544 2587 697 2620 aumones
713 2588 950 2621 considerables
967 2597 1031 2621 aux
1054 2599 1190 2630 pauvres
1210 2591 1251 2624 de
1270 2593 1344 2624 tout
1355 2589 1517 2631 iunipiro,
1533 2588 1613 2629 qu'il
1631 2596 1668 2620 se
1681 2586 1821 2619 declare-

359 2638 420 2669 rait
433 2639 613 2678 protecteur
625 2639 666 2671 de
680 2639 820 2680 raguse,
839 2641 946 2680 etque
958 2641 1003 2673 les
1017 2641 1114 2674 ahbes
1125 2642 1166 2674 de
1179 2643 1304 2684 Glugny
1321 2643 1354 2675 et
1366 2641 1552 2674 deciman
1570 2638 1820 2680 s’engagenint

357 2689 376 2721 ὲ
397 2690 476 2722 faire
499 2690 670 2724 redoubler
688 2692 736 2724 les
757 2692 877 2733 prietes
892 2694 925 2726 et
936 2693 981 2726 les
996 2694 1177 2734 penitences
1190 2696 1231 2728 de
1246 2696 1332 2728 leurs
1348 2694 1520 2735 religieux,
1535 2701 1618 2734 pour
1639 2691 1720 2724 faire
1729 2698 1816 2723 com·

357 2750 470 2782 penset
483 2751 521 2775 en
538 2744 678 2785 quelque
701 2744 859 2786 muniere,
884 2754 942 2786 par
953 2746 1027 2779 tous
1040 2755 1093 2779 ces
1118 2756 1268 2788 moyens,
1285 2747 1317 2780 la
1332 2746 1423 2788 plaie
1437 2754 1502 2787 que
1514 2745 1546 2778 la
1565 2744 1713 2785 dispenso
1724 2741 1819 2776 :enit

357 2794 376 2827 a
397 2794 428 2828 la
449 2794 616 2838 discipline
641 2797 893 2839 ecclesiastique.
909 2810 925 2826 »
1532 2815 1535 2819 ·
