1980 3260
363 252 453 296 198
692 259 772 291 nn.
802 260 847 292 11.
878 259 991 292 sacr.
1020 259 1052 290 1.
1073 258 1126 289 nn
1150 257 1316 290 rornsr.
1342 258 1508 292 scetes.

361 345 420 391 sit
452 339 733 403 coniugium,
771 340 862 386 nisi
884 339 939 385 ab
969 338 1034 383 his
1070 338 1148 400 qui
1178 353 1307 400 super
1336 337 1478 400 ipsam
1509 335 1739 402 foeminam
1765 344 1836 391 do-

359 419 635 464 minationem
663 415 815 462 habere
840 414 1040 462 violentur
1068 423 1108 459 ct
1125 430 1152 459 a
1178 413 1335 477 quibus
1372 412 1610 460 custoditur
1634 410 1747 465 umor
1757 413 1836 484 Ρὲ-

361 504 499 548 tatur,
533 503 616 540 cta
631 492 884 557 parentibus
903 501 943 537 et
961 507 988 537 α
1011 490 1401 554 propinquioribus
1429 484 1657 555 sponsetur
1677 494 1831 557 (45),

358 580 406 617 ut
440 569 528 616 alia
562 578 835 652 praeteream
867 569 984 630 (46).
1026 565 1188 614 Contra
1221 584 1326 615 vero
1360 567 1569 615 Nicolaus
1604 568 1639 614 I.
1678 586 1837 645 paren-

358 656 476 703 tum,
516 655 592 692 aut
627 644 981 710 propinquorum
1026 643 1366 691 consensionem
1409 643 1593 692 minime
1626 639 1835 694 necessa·

356 722 467 769 riam
491 720 757 774 declaravit
779 720 957 768 dicens:
983 720 1221 768 «Sufficiat
1243 720 1476 767 secundum
1503 721 1614 786 lcqes
1647 724 1838 787 (nempe

355 798 597 862 ecclesiae)
631 797 756 846 solus
786 814 938 845 eorum
971 813 1219 845 consensus
1248 797 1304 845 de
1336 791 1527 863 quorum
1561 798 1839 847 coniunctio—

355 876 489 924 nibus
523 876 684 940 agitur.
725 874 811 930 Qui
841 891 1090 922 consensus
1120 875 1160 922 si
1185 875 1232 921 in
1259 874 1428 939 nuptiis
1458 867 1582 922 solus
1612 875 1724 924 forte
1755 875 1837 930 de*-

354 953 512 1011 fuerit‚
534 962 680 1000 cetera
704 951 879 1009 omnia,
903 951 1037 999 etiam
1062 968 1163 998 cum
1188 952 1289 1023 ipso
1314 950 1434 999 coitu
1457 950 1713 1010 celebrata,
1739 952 1836 1000 fm-

354 1039 552 1077 strantur
573 1030 691 1091 (47).
702 1047 725 1073 »
747 1027 915 1075 Eadem
941 1027 1174 1075 confirmat
1191 1026 1478 1074 Innocentius
1495 1027 1573 1074 Ill.
1601 1029 1721 1092 (48),
1748 1029 1835 1076 Lu-

355 1106 451 1154 cius
475 1106 579 1154 item
607 1106 686 1151 III.
716 1106 835 1168 (49),
856 1122 910 1152 ac
936 1105 1114 1151 demum
1133 1103 1372 1151 concilium
1390 1094 1689 1152 tridentinum
1710 1107 1831 1194 (50).

449 1183 514 1229 Ex
540 1181 707 1248 quibus
725 1181 838 1229 illud
865 1182 997 1229 etiam
1026 1180 1194 1228 eruitur
1227 1197 1316 1228 non
1342 1180 1476 1228 modo
1506 1179 1662 1229 civiles
1685 1173 1831 1246 leges,

353 1276 507 1307 verum
525 1259 659 1306 etiam
677 1257 1005 1309 ecclesiasticas
1041 1256 1088 1303 in
1118 1256 1273 1304 eodem
1297 1273 1436 1304 censu
1455 1255 1672 1305 habuisse
1689 1260 1838 1324 spen&—

351 1333 467 1382 salia
491 1351 542 1381 ac
569 1334 928 1389 matrimonium,
952 1332 1153 1397 adeoque
1178 1349 1278 1380 cum
1307 1342 1480 1404 constet
1507 1332 1756 1382 ecclesiam
1751 1335 1831 1383 uti

351 1410 572 1457 obiectum
602 1426 734 1457 suum
753 1419 1011 1457 constanter
1037 1408 1251 1457 habuisse
1281 1401 1568 1474 coniugium,
1585 1419 1739 1483 utpote
1763 1429 1832 1460 sa-

350 1496 652 1543 cramentum,
680 1495 724 1533 et
740 1485 923 1551 quidem
951 1485 1203 1544 exclusive,
1239 1486 1285 1532 in
1305 1486 1426 1552 quod
1455 1497 1677 1535 exerceret
1702 1502 1831 1536 suam

348 1572 612 1627 potestatem
631 1600 641 1619 ,
687 1562 749 1610 ita
784 1562 917 1611 etiam
953 1571 1127 1611 constat
1154 1554 1218 1610 uti
1260 1580 1370 1611 suae
1407 1563 1680 1611 auctoritatis
1711 1563 1836 1612 obie'-

349 1649 468 1687 ctum
505 1649 736 1704 spectasse
770 1638 998 1705 sponsalia
1021 1677 1031 1696 ,
1066 1656 1182 1705 quae
1214 1639 1271 1686 ad
1303 1639 1549 1688 ineundum
1577 1634 1833 1706 coniugium

347 1715 467 1763 viam
501 1726 675 1780 parant.
716 1714 888 1762 Exinde
915 1732 1078 1764 novum
1113 1715 1252 1763 oritur
1270 1726 1579 1780 argumentum
1603 1715 1662 1768 ad
1690 1714 1833 1764 eecle-

351 1791 445 1839 siae
473 1801 734 1857 potestatem
766 1791 813 1837 in
843 1791 1121 1856 sponsalium
1149 1791 1376 1840 vinculum
1405 1791 1631 1840 exclusive
1655 1791 1835 1840 adstru-

347 1867 508 1914 endam
532 1867 941 1933 vindicandamque
969 1867 1185 1916 adversus
1219 1869 1538 1933 pistorienses,
1568 1866 1712 1935 Nuytz
1734 1909 1744 1927 ,
1773 1876 1834 1919 at-

349 1961 437 2008 que
471 1944 640 1992 aulicos
674 1955 717 1992 et
751 1944 986 2009 regalistas
1023 1956 1191 1993 ceteros
1221 1947 1337 2008 (51).
1662 1939 1665 1943 ’

436 2049 501 2090 (45)
522 2050 617 2091 Apud
639 2051 828 2083 Gratianum
848 2051 883 2083 ιιι
903 2059 976 2092 cap.
999 2050 1112 2083 Aliter
1134 2055 1184 2084 32.
1205 2059 1237 2091 q.
1256 2053 1286 2083 5.

438 2101 503 2143 (46)
524 2103 658 2135 Tertull.
676 2103 733 2135 lib.
752 2105 794 2136 ΙΙ.
810 2102 864 2135 Ad
876 2111 988 2142 uxor,
1004 2111 1033 2135 c.
1049 2105 1090 2135 V.
1109 2102 1244 2136 scribit:
1263 2115 1280 2130 ιι
1293 2103 1375 2136 Nam
1392 2110 1498 2144 neque
1512 2102 1546 2134 ιιι
1558 2102 1655 2135 terris
1671 2103 1742 2136 sine
1754 2110 1830 2136 con-

344 2163 440 2188 sensu
451 2157 621 2196 parentum
631 2157 689 2188 filii
701 2158 788 2190 recte
809 2158 841 2190 et
855 2157 925 2189 iure
938 2156 1102 2190 nubent.»
1125 2156 1177 2189 Cf.
1195 2156 1354 2189 Gonzalez
1366 2156 1400 2188 in
1419 2157 1521 2202 Notis
1537 2155 1585 2189 ad
1600 2164 1702 2190 conc.
1723 2156 1835 2191 illibe-

343 2209 404 2239 rit.
417 2206 458 2239 ad
472 2210 629 2241 can.L1v.
641 2210 720 2242 Item
733 2209 886 2242 Pontium
897 2211 948 2242 De
959 2210 1115 2242 matrim.
1129 2207 1187 2241 lib.
1204 2210 1247 2241 11.
1265 2217 1337 2249 cap.
1349 2209 1376 2240 1.
1388 2207 1419 2253 ξ.
1430 2207 1456 2240 1.
1473 2208 1517 2241 et.
1530 2208 1576 2243 11.
1587 2205 1733 2246 Anastas.
1757 2210 1835 2242 Ger-

347 2260 495 2293 monium
510 2261 748 2294 Animadvers.
766 2262 822 2294 lib.
840 2264 883 2295 ΙΙ.
905 2271 977 2305 cap.
995 2264 1051 2295 Xl.
1072 2264 1194 2295 Romae
1209 2266 1299 2295 1622
1316 2270 1393 2303 opp.
1408 2261 1489 2294 tom.
1506 2261 1550 2294 ΙΙ.
1568 2269 1641 2303 pag.
1666 2264 1726 2295 170
1742 2269 1834 2303 seim.

342 2316 564 2356 Espencaeum
577 2316 628 2347 De
646 2315 852 2349 clandestin.
867 2318 1022 2350 mamm.
1042 2326 1071 2349 c.
1098 2321 1133 2350 ιι
1155 2324 1247 2358 seqq.
1267 2324 1347 2358 opp.
1365 2315 1418 2348 ed.
1433 2315 1536 2348 Paris.
1558 2318 1650 2359 1619.
1666 2324 1751 2361 pag.
1759 2319 1832 2361 με.

342 2366 508 2409 Albaspin.
523 2367 565 2411 ad
580 2367 715 2400 Tei-tull.
727 2368 784 2400 lib
799 2368 958 2401 observat.
974 2371 1089 2402 XXIV.
1104 2369 1266 2402 Francisc.
1281 2369 1505 2401 Hotmannum
1520 2370 1569 2401 De
1579 2368 1733 2412 sponsal.
1750 2366 1833 2401 mu·

340 2421 405 2453 ειν.
434 2421 557 2462 quaest.
589 2422 644 2452 IX.
670 2422 718 2453 De
738 2421 790 2453 his
811 2421 908 2454 etiam
930 2423 996 2463 agit
1015 2422 1199 2455 Brissonius
1218 2422 1253 2454 in
1275 2420 1404 2454 duobus
1424 2421 1500 2454 libr
1517 2414 1568 2455 De
1581 2422 1656 2455 ritu
1668 2413 1828 2476 κηρίων.

346 2475 380 2507 et
404 2473 448 2508 de
472 2476 550 2508 iure
574 2474 778 2508 connubior.
1655 2491 1685 2513 ’ς
1682 2505 1756 2515 .....

433 2527 499 2567 (47)
522 2528 662 2562 Consul
675 2528 863 2569 Bulqaror
873 2537 901 2561 c
913 2534 942 2562 3.
955 2530 1101 2563 Gratian.
1111 2532 1146 2563 in
1159 2539 1230 2573 cap.
1241 2528 1417 2571 Sufficiat.
1426 2536 1524 2561 causa
1537 2510 1831 2570 XXVII-q.2.c.2.

437 2580 503 2623 (48)
525 2582 563 2614 In
581 2590 652 2624 cap.
673 2583 766 2615 Tuae
782 2581 1011 2622 fraternitati
1035 2583 1078 2616 de
1098 2583 1252 2626 sponsal
1267 2585 1302 2616 ct
1316 2583 1421 2614 matr.

433 2634 498 2676 (49)
519 2637 558 2667 In
578 2635 672 2677 epist.
701 2635 742 2667 ad
757 2636 911 2677 Burgens.
930 2637 1029 2678 episc.
1056 2637 1090 2669 in
1115 2646 1187 2679 cap.
1207 2639 1295 2670 Cum
1313 2643 1423 2669 causa
1436 2634 1479 2668 de
1492 2634 1708 2676 raptoribus.
1726 2635 1827 2667 Decr.

347 2686 405 2720 lib.
422 2689 463 2718 V.
484 2688 536 2720 tit.
557 2691 607 2720 17.
621 2693 653 2719 6.

430 2739 496 2781 (50)
516 2742 600 2773 sess.
623 2742 741 2774 XXIV.
765 2743 815 2774 Dc
835 2741 983 2782 rcsorm.
998 2744 1104 2775 matr.
1122 2751 1193 2784 cap.
1214 2743 1241 2774 Ι.

429 2793 496 2835 (51)
516 2793 666 2827 Vidimus
683 2795 780 2836 paulo
802 2796 876 2828 ante
897 2795 949 2828 vel
972 2796 1080 2837 ipsum
1101 2796 1315 2829 Boehmerum
1330 2794 1598 2828 iurisconsultum
1617 2793 1825 2827 lutheranum

335 2845 376 2878 ad
399 2853 512 2878 causas
532 2854 619 2879 mere
640 2847 875 2881 ecclesiasticas
906 2849 1069 2890 sponsalia
1098 2849 1239 2891 referre,
1262 2849 1360 2890 atque
1388 2848 1435 2881 uti
1459 2847 1541 2881 iales
1571 2857 1591 2881 a
1612 2847 1832 2882 tribunalibus

336 2899 582 2939 protestantium
604 2899 728 2933 haberi.
