1980 3260
378 249 434 294 42
688 261 767 292 Lm.
796 260 843 291 11.
871 259 983 291 SECT.
1012 259 1043 289 1.
1071 257 1122 289 ΒΕ
1147 256 1311 287 POTEST.
1343 255 1508 288 ECCLES.

374 340 512 403 gressi
543 348 644 385 sunt
675 337 747 384 cll.
786 337 969 383 Audisio
1001 337 1117 397 (28),
1150 332 1347 379 Rosmini
1373 333 1542 379 Serbati
1575 336 1670 396 (29)
1690 373 1699 391 ‚
1729 338 1816 384 lac.

374 414 570 477 Margotti
610 415 726 475 (30),
760 423 802 459 et
825 412 1052 475 Avogadro
1091 411 1205 472 (31).

470 491 503 536 E
528 507 663 536 censu
687 506 858 545 eorum,
891 489 966 552 qui
1001 488 1313 550 impugnarunt
1336 485 1681 532 ecclesiasticam
1711 499 1830 550 pote—

375 574 530 611 statem
555 581 781 611 secernere
799 580 978 627 prorsus
996 562 1207 609 debemus
1231 559 1470 608 catholicos
1489 560 1589 608 illos
1610 571 1825 619 auctores,

375 641 451 705 qui
489 658 583 687 eam
625 640 802 704 quidem
841 638 1138 685 dirimentium
1180 637 1591 702 impedimentorum
1634 638 1833 684 sancien-

375 717 528 764 dorum
568 725 825 780 potestatem
855 714 969 761 ultro
1001 714 1215 762 ecclesiae
1249 714 1476 771 tribuunt,
1516 732 1701 779 eamque
1737 732 1833 779 pro-

376 793 540 855 priam,
581 792 772 838 nativam
802 808 852 839 ac
881 790 1163 854 originariam
1182 828 1191 846 ‚
1235 801 1424 837 attamen
1464 791 1649 838 eandem
1671 791 1835 856 pariter

376 870 506 915 etiam
530 869 646 915 circa
669 868 873 931 coniugia
895 867 1235 915 christianorum
1265 884 1539 914 communem
1564 868 1730 914 faciunt
1764 885 1834 915 se-

376 945 597 992 cularibus
642 945 932 1009 principibus.
972 946 1088 991 Inter
1121 962 1233 1008 quos
1267 954 1332 991 est
1365 944 1588 1001 Sanchez,
1627 945 1704 1008 qui
1748 955 1835 992 sta-

377 1020 458 1066 tuit
494 1040 516 1064 «
539 1038 669 1085 posse
693 1021 938 1085 principem
974 1020 1215 1067 secularem
1242 1037 1296 1066 ea·
1318 1037 1467 1082 qenere
1491 1029 1530 1065 et
1552 1030 1711 1066 natura
1733 1037 1835 1067 suae

371 1099 596 1159 potestatis
618 1096 885 1143 matrimonii
911 1096 1225 1160 impedimenta
1248 1094 1500 1141 dirimentia
1517 1095 1724 1142 fidelihus
1748 1096 1833 1143 sibi

379 1171 571 1218 subditis
590 1210 599 1228 ,
640 1189 691 1219 ex
727 1171 844 1218 iusta
873 1189 1008 1218 causa
1041 1171 1135 1218 suis
1169 1170 1341 1233 legibus
1371 1170 1566 1216 indicere
1587 1208 1597 1226 ,
1634 1188 1686 1217 eo
1709 1182 1837 1235 pacto

379 1264 468 1311 quo
496 1247 541 1293 id
572 1247 768 1294 Pontifex
794 1264 993 1294 summus
1020 1257 1164 1310 potest
1200 1248 1315 1308 (32).
1341 1266 1362 1290 »
1384 1246 1560 1292 Limitat
1583 1257 1727 1293 tamen
1761 1246 1840 1293 im-

381 1323 573 1369 mediate
597 1323 827 1370 subdens:
863 1322 992 1368 «nisi
1027 1322 1111 1368 sihi
1147 1322 1391 1383 (Pontifex)
1430 1321 1545 1368 hanc
1578 1332 1837 1386 potestatem

379 1410 704 1446 reservasset.»
721 1399 862 1463 Atque
885 1399 969 1445 hac
992 1398 1092 1462 ipsa
1108 1398 1164 1446 de
1187 1416 1322 1446 causa
1339 1399 1490 1445 statuit
1511 1418 1533 1444 α
1555 1416 1641 1446 non
1659 1416 1759 1446 esse
1776 1399 1840 1452 in-

382 1486 551 1538 tegrum
571 1475 703 1522 hodie
721 1474 911 1539 principi
931 1475 1120 1522 seculari
1144 1474 1263 1522 fideli
1282 1475 1518 1539 disponere
1536 1474 1705 1539 aliquid
1722 1474 1840 1522 circa

380 1550 660 1599 matrimonia
694 1550 892 1598 fidelium
926 1550 1210 1615 impedienda
1242 1561 1317 1598 aut
1350 1550 1638 1598 dissolvenda
1675 1552 1792 1612 (33).
1813 1570 1836 1595 »

381 1627 506 1674 Hanc
523 1626 667 1692 ipsam
691 1626 953 1674 sententiam
971 1627 1174 1691 pluribus
1199 1627 1400 1675 evincere
1423 1627 1633 1674 connisus
1652 1636 1721 1673 est
1742 1625 1843 1674 Ger-

381 1702 596 1759 haesius,
643 1720 695 1750 ac
742 1702 828 1749 late
871 1703 1135 1759 extendere,
1186 1702 1364 1767 dempta
1405 1702 1637 1749 Sanchezii
1681 1701 1843 1750 limita-

381 1777 499 1824 tione
546 1778 662 1839 (34).
703 1779 854 1825 Petrus
895 1779 996 1826 Soto
1038 1777 1186 1825 docuit
1225 1795 1359 1842 posse
1391 1777 1572 1842 quidem
1617 1778 1842 1843 principes

383 1853 560 1917 proprio
597 1853 691 1900 iure
726 1864 917 1901 statuere
951 1854 1006 1900 de
1030 1854 1355 1918 impedimentis
1381 1854 1608 1901 irritandis
1630 1854 1700 1901 vel
1724 1871 1837 1911 non;

468 2023 536 2064 (28)
557 2025 592 2054 In
615 2033 667 2065 op.
688 2026 855 2062 Quisliom'
875 2025 1059 2066 policiche-
1073 2025 1108 2057 Il
1135 2027 1355 2058 matrimonio
1380 2034 1397 2058 e
1418 2026 1455 2059 la
1470 2028 1591 2066 raqion
1614 2026 1652 2058 di
1669 2028 1761 2059 stato
1774 2035 1840 2059 ecc.

381 2075 495 2116 Napoii
522 2079 610 2108 1854.

473 2127 538 2167 (29)
563 2127 656 2159 Delle
680 2128 766 2169 leqqi
783 2130 899 2168 civili,
925 2129 986 2162 che
1005 2129 1219 2170 riquardano
1241 2130 1268 2161 il
1288 2132 1509 2163 matrimonio
1524 2130 1577 2163 de'
1592 2131 1769 2163 cristiani.
1787 2131 1847 2162 Το-

384 2179 456 2211 rino
486 2185 574 2212 1851.

478 2233 542 2273 (30)
568 2235 724 2265 Processo
746 2233 782 2265 di
805 2236 1039 2275 Nepomuceno
1061 2237 1187 2277 Nuycz.
1211 2236 1330 2268 Torino
1356 2240 1444 2269 1852.

477 2285 542 2324 (31)
566 2286 704 2317 Tem-ica
725 2285 781 2317 del
801 2288 1018 2319 matrimomo
1040 2288 1132 2320 cuius
1159 2288 1263 2329 prima
1289 2297 1363 2329 pars
1383 2288 1471 2320 edita
1491 2289 1540 2320 est
1557 2288 1644 2329 typis
1658 2288 1847 2321 Taurinens.

383 2345 436 2367 an.
460 2341 546 2369 1853.
565 2337 670 2368 altera
693 2346 767 2369 vero
795 2347 847 2370 an.
872 2342 959 2370 1854.

475 2390 539 2430 (32)
562 2392 611 2421 De
631 2392 788 2422 matrim.
812 2391 869 2422 lib.
886 2393 925 2423 V.
945 2391 1027 2432 disp.
1046 2397 1074 2424 3.
1092 2402 1124 2424 n.
1143 2398 1171 2425 2.

473 2442 539 2481 (33)
562 2441 642 2473 lbid.
666 2451 698 2473 n.
719 2446 749 2474 4.

475 2494 540 2534 (34)
563 2496 599 2526 ln
620 2504 675 2535 op.
702 2496 818 2527 Trana
841 2495 889 2528 du
912 2498 1066 2528 Pouvoir
1087 2496 1128 2529 de
1153 2497 1278 2538 l’eylise
1301 2500 1335 2531 et
1362 2498 1421 2531 cles
1439 2499 1579 2540 princes
1593 2506 1656 2530 sur
1670 2497 1718 2530 les
1740 2497 1847 2539 empe-

386 2547 541 2579 chemens
565 2547 613 2580 du
639 2550 805 2589 mariaqe.
833 2550 883 2580 Un
906 2549 971 2580 vol.
987 2549 1019 2580 in
1044 2552 1074 2581 4.
1100 2551 1189 2582 Paris
1214 2556 1301 2584 1696.
1327 2551 1383 2583 ubi
1403 2550 1538 2583 seconde
1556 2553 1638 2592 part.
1654 2551 1707 2582 ch.
1723 2552 1765 2583 ΙΙ.
1780 2552 1850 2584 sta-

387 2599 462 2631 tuit.
487 2602 580 2646 Prop.
608 2601 633 2631 1.
670 2614 685 2628 «
700 2602 744 2632 Le
768 2601 904 2641 pouvoir
931 2601 971 2632 ‹ie
1000 2603 1113 2634 mettre
1138 2603 1183 2634 les
1207 2604 1448 2644 empechemens
1469 2603 1687 2644 aumariage,
1713 2603 1854 2636 subsiste

385 2651 466 2683 dans
484 2652 530 2683 les
552 2653 678 2693 princes
704 2653 864 2685 chretiens
882 2653 901 2685 a
925 2654 1044 2694 l’egard
1070 2654 1109 2686 de
1124 2657 1196 2688 tous
1210 2656 1309 2696 quets
1324 2657 1393 2688 tant
1405 2655 1546 2696 baptizes
1558 2680 1569 2696 ,
1586 2665 1649 2696 que
1669 2664 1734 2688 non
1749 2656 1851 2697 bapti-

385 2705 437 2737 zes
449 2721 459 2728 -
472 2707 567 2746 Prop.
588 2706 628 2738 ΙΙ.
643 2723 654 2729 -
668 2706 804 2747 L’eglise
819 2707 871 2738 n'a
894 2715 951 2747 pas
965 2707 1126 2748 depouiue
1147 2717 1210 2740 non
1233 2709 1306 2750 plus
1320 2709 1366 2741 les
1380 2709 1506 2750 princes
1519 2708 1563 2740 du
1584 2709 1740 2750 pouvoir,
1756 2709 1856 2750 qu’iis

386 2758 445 2790 ont
456 2759 700 2791 naturellement
715 2768 770 2791 sur
784 2760 814 2791 le
829 2760 969 2800 mariage
982 2769 1021 2792 en
1035 2769 1069 2792 se
1083 2761 1111 2793 le
1125 2763 1288 2794 reservant
1299 2762 1317 2794 a
1328 2762 1389 2794 elle
1400 2762 1505 2794 seule·
1520 2763 1615 2803 Prop.
1632 2763 1689 2794 111.
1701 2779 1713 2786 ·
1722 2762 1856 2803 L'eglise

387 2809 440 2842 n'a
466 2819 524 2851 pas
546 2812 649 2844 meme
673 2811 809 2844 interdit
833 2821 895 2843 aux
917 2812 1042 2853 princes
1068 2813 1086 2844 1’
1102 2822 1197 2854 usage
1221 2823 1262 2846 ou
1284 2814 1450 2847 l'exercice
1475 2814 1519 2846 du
1536 2814 1672 2855 pouvoir
1687 2814 1784 2855 qu'sss
1797 2816 1856 2846 ont

389 2862 632 2896 naturellemcnt
660 2872 716 2895 sur
737 2864 784 2896 les
802 2863 983 2896 conditions
1005 2864 1048 2895 du
1072 2865 1246 2906 mariage.»
