1980 3260
248 249 338 281 CAP.
357 247 418 281 111.
437 247 488 280 m:
507 248 589 281 elv.
607 249 770 284 rousr.
788 251 924 285 rame.
943 251 1027 285 mr.
1046 252 1201 286 naban
1219 253 1343 286 uun.
1359 253 1452 286 Aur.
1466 255 1511 287 u.
1554 238 1642 285 479

186 327 269 375 hac
296 325 352 373 de
381 343 428 373 re
457 343 483 372 a
515 327 692 390 regibus
727 330 1007 393 potissimum
1043 331 1281 380 Galliarum
1315 331 1555 380 identidem
1595 351 1647 381 ac

185 402 384 467 repetitis
412 401 585 450 vicibus
620 405 816 453 sancitae
844 417 973 464 sunt,
1012 407 1254 456 nullimode
1286 408 1512 456 vinculum
1547 410 1647 458 atti-

182 479 306 544 gisse
328 488 406 526 aut
428 478 659 542 attingere.
688 482 797 528 Nam
823 483 861 530 si
887 483 1137 548 principum
1173 484 1416 531 infidelium
1449 485 1494 531 id
1521 502 1648 533 exce-

182 556 316 604 debat
338 556 669 614 auctoritatem,
693 558 731 605 si
749 560 917 607 excedit
941 561 1244 609 auctoritatem
1270 562 1520 626 principum
1545 563 1648 610 fide-

182 633 319 691 lium,
359 633 642 698 perspicuum
676 645 769 692 est,
806 636 954 684 valida
987 637 1033 683 in
1067 638 1336 686 conscientia
1368 656 1469 686 esse
1503 639 1648 704 quoad

179 708 407 756 vinculum
426 709 654 774 coniugia,
678 728 792 776 quae
809 711 1082 760 filiifamilias
1100 714 1422 761 contraxissent
1444 725 1522 762 aut
1544 732 1646 762 con-

183 784 406 833 traherent
437 796 590 834 contra
623 786 776 834 civiles
806 798 975 835 tantum
999 788 1147 852 leges,
1175 805 1378 854 quaeque
1401 789 1532 837 simul
1558 807 1645 838 non
1674 846 1678 853 ‚

182 860 478 926 impingerent
512 871 586 911 aut
618 862 665 908 in
698 861 840 926 legem
874 874 1058 911 naturae
1091 874 1168 911 aut
1200 863 1246 910 in
1280 863 1420 928 legem
1453 865 1647 914 divinam

182 947 261 985 aut
291 937 336 984 in
366 937 508 1001 legem
542 938 889 987 ecclesiasticam
911 942 1028 1002 (60).

277 1012 452 1060 Passim
486 1013 667 1078 quidem
691 1024 891 1062 auctores
915 1014 1019 1078 galli
1049 1015 1317 1064 contendunt
1348 1017 1647 1081 exceptionem

181 1105 283 1137 esse
305 1089 553 1138 faciendam
577 1089 725 1155 quoad
753 1090 982 1154 coniugia,
1010 1108 1126 1156 quae
1149 1092 1512 1140 contraherentur
1534 1109 1560 1139 a
1583 1110 1650 1140 re-

182 1165 282 1229 giae
306 1166 461 1231 stirpis
486 1166 795 1231 principibus,
833 1167 1094 1231 praesertim
1131 1167 1435 1232 propioribus,
1462 1179 1505 1216 et
1526 1185 1652 1234 prae-

184 1242 375 1308 sumptis
411 1259 598 1290 coronae
630 1242 926 1301 haeredibus,
966 1243 1103 1291 invito
1143 1261 1260 1308 rege.
1297 1244 1507 1301 Quaestio
1541 1244 1651 1292 haec

182 1336 343 1382 magno
377 1319 626 1366 animorum
660 1329 786 1366 aestu
821 1319 984 1382 agitata
1017 1329 1086 1367 est
1114 1337 1167 1367 ex
1196 1320 1429 1368 occasione
1457 1321 1648 1384 coniugii

183 1395 281 1442 initi
313 1395 428 1443 inter
459 1396 618 1443 ducem
649 1395 883 1443 Gastonem
918 1395 1095 1443 fratrem
1121 1396 1327 1444 Ludovici
1361 1396 1554 1444 X111.ac
1584 1414 1651 1444 so-

183 1488 325 1519 rorem
350 1471 495 1519 Caroli
527 1471 683 1528 ducis,
707 1471 1028 1534 Margaretham
1053 1472 1299 1537 principem
1322 1471 1646 1535 Lotharingiae,

183 1565 271 1595 non
307 1548 439 1596 modo
473 1565 561 1596 non
595 1548 896 1596 consentiente
911 1586 921 1604 ‚
944 1548 1022 1596 sed
1041 1547 1173 1613 plane
1190 1548 1326 1596 invito
1343 1566 1395 1596 ac
1412 1548 1652 1596 reluctante

184 1642 301 1688 rege.
331 1625 436 1673 Post
469 1625 619 1691 plures
652 1624 1002 1673 consultationes
1032 1635 1124 1673 tum
1150 1643 1177 1672 a
1200 1636 1356 1673 senatu
1383 1625 1646 1691 parisiensi,

183 1710 277 1748 tum
302 1718 329 1748 a
352 1700 469 1749 clero
503 1700 722 1765 gallicano
757 1700 973 1748 iudicium
1009 1712 1077 1748 est
1109 1700 1246 1748 latum
1271 1718 1350 1765 pro
1375 1699 1576 1748 nullitate
1598 1699 1652 1747 il-

184 1776 272 1824 lius
296 1776 514 1840 coniugii,
542 1794 594 1827 eo
617 1776 738 1842 quod
762 1777 824 1824 ita
848 1776 978 1824 ferret
999 1788 1123 1825 vetus
1142 1776 1187 1823 in
1206 1775 1372 1824 Gallico
1390 1793 1523 1839 regno
1547 1787 1659 1824 con·'

183 1853 372 1901 suetudo
405 1853 460 1901 ab
500 1854 676 1901 ecclesia
711 1853 909 1918 probata.

278 1930 589 1977 Verumtamen
623 1947 711 1977 non
745 1946 898 1977 omnes
933 1928 978 1975 in
1013 1928 1213 1976 eamdem
1253 1945 1511 1976 concessere
1547 1945 1653 1976 sen—

185 2007 367 2055 tentiam
393 2006 488 2054 sive
520 2005 721 2070 episcopi
762 2006 857 2054 sive
891 2005 1110 2068 theologi,
1154 2022 1206 2052 eo
1245 2005 1344 2070 ipso
1384 2005 1502 2070 quod
1544 2021 1655 2051 non-

184 2083 292 2131 dum
316 2083 427 2130 satis
462 2082 735 2130 constitisset
767 2082 823 2129 de
856 2080 1075 2129 eiusmodi
1104 2080 1437 2129 consuetudinis
1465 2080 1654 2128 existen-

186 2159 271 2214 tia,
309 2174 453 2221 neque
485 2157 541 2203 de
575 2157 776 2204 eiusdem
812 2156 1147 2204 consuetudinis
1171 2156 1241 2213 vi;
1269 2173 1376 2203 num
1403 2155 1571 2204 scilicet
1595 2156 1650 2203 ad

185 2233 329 2281 solum
365 2232 506 2279 forum
540 2243 768 2279 externum
802 2231 1076 2296 effectusque
1100 2231 1251 2280 civiles
1274 2231 1525 2280 extenderet
1549 2248 1651 2278 con-

189 2308 297 2372 iugii
324 2307 677 2371 illegitimitatem
697 2345 707 2363 ‚
736 2324 792 2354 an
817 2307 948 2355 etiam
984 2306 1039 2354 ad
1076 2307 1231 2355 foedus
1265 2307 1412 2372 ipsum
1446 2324 1524 2354 seu
1556 2306 1652 2354 vin-

279 2437 345 2479 (60)
363 2438 436 2475 Quo
456 2445 549 2470 sensu
572 2439 611 2469 D.
628 2437 840 2470 D’Hericourt
859 2447 912 2479 op¹
939 2438 995 2470 cit.
1023 2439 1109 2470 Lotx
1129 2437 1315 2471 ecclesiast.
1336 2438 1418 2478 part.
1435 2440 1464 2469 3.
1477 2436 1529 2467 ch.
1547 2439 1576 2467 5.
1593 2436 1650 2467 Du

182 2493 338 2532 mariaye
358 2491 419 2522 art.
438 2494 468 2522 2.
486 2498 578 2522 num.
597 2492 647 2522 74.
659 2490 834 2523 conciliare
854 2490 969 2523 nititur
990 2491 1159 2532 galliarum
1181 2490 1265 2531 leges
1280 2490 1320 2522 de
1335 2490 1481 2521 nullitate
1493 2487 1651 2528 coniugio·

183 2552 256 2576 rum
280 2542 563 2576 filiorumsamilias
576 2567 585 2582 ,
604 2543 716 2576 invitis
733 2543 939 2585 parentibus,
955 2553 1030 2576 cum
1045 2543 1173 2576 concilii
1197 2542 1361 2575 tridentini
1380 2541 1527 2573 doctrina
1548 2539 1651 2572 decla·

183 2597 285 2630 rantis
305 2597 437 2629 illorum
459 2596 694 2638 legitimitatem
717 2605 773 2629 seu
796 2597 940 2630 valorem
957 2597 1118 2630 scribens:
1140 2610 1154 2625 α
1165 2599 1211 2629 Εῃ
1227 2598 1362 2634 France,
1378 2603 1420 2626 on
1435 2593 1561 2626 declare
1578 2592 1653 2625 uuis

184 2651 230 2683 les
252 2650 410 2691 mariages
441 2648 582 2682 celebres
604 2658 662 2690 par
684 2649 730 2681 les
752 2649 895 2682 mineurs
911 2674 921 2690 ‚
953 2658 1027 2682 sans
1045 2650 1076 2682 le
1096 2647 1334 2681 consentement
1353 2646 1393 2678 de
1414 2645 1500 2678 leurs
1526 2644 1600 2686 pere
1621 2646 1654 2677 et

186 2701 289 2743 mere,
311 2710 353 2734 ou
375 2702 462 2734 leurs
483 2702 643 2742 ancetres5
665 2710 826 2743 parceque
846 2701 877 2734 le
897 2702 969 2743 rapt
984 2701 1025 2734 de
1042 2701 1209 2734 seduction
1222 2709 1242 2740 y
1257 2701 1305 2731 est
1320 2696 1450 2738 rogarde
1470 2705 1596 2729 comme
1608 2705 1651 2728 un

183 2755 424 2796 empechement
435 2755 590 2788 dirimant
602 2755 643 2788 de
653 2755 813 2797 mariage;
830 2756 863 2788 et
874 2763 938 2797 que
948 2755 1013 2788 l'on
1031 2755 1177 2797 presumo
1190 2752 1335 2792 toujours
1349 2759 1413 2793 que
1427 2749 1484 2782 des
1496 2749 1652 2790 mariages

183 2807 225 2840 de
243 2809 327 2840 cette
346 2810 460 2843 nature
480 2810 554 2841 sont
573 2808 630 2841 des
651 2808 744 2841 essets
765 2808 806 2841 de
826 2809 858 2841 la
878 2807 1127 2841 seduction....a
1143 2804 1258 2846 l’egard
1287 2804 1344 2836 des
1373 2803 1530 2844 majeurs,
1546 2802 1568 2835 ii
1585 2802 1653 2835 faut

184 2859 240 2892 des
260 2869 396 2901 preuves
421 2861 576 2902 positives
598 2861 638 2893 de
659 2861 691 2894 la
710 2860 953 2894 subornation.»
