1980 3260
371 226 428 271 78
674 237 753 268 Lm.
784 237 827 267 11.
857 237 968 268 SECT.
999 237 1027 267 1.
1058 236 1109 266 DE
1134 235 1299 267 POTEST.
1332 236 1495 268 seems.

369 316 615 364 niventibus
648 313 836 360 ecclesia
869 312 1107 376 incoeperit
1136 312 1220 358 hac
1243 313 1306 357 uti
1333 323 1562 375 potestate.
1604 316 1830 363 Provocati

369 390 544 454 saepius
578 388 835 444 adversarii,
875 399 923 434 ut
955 387 1179 434 edicerent
1212 386 1500 450 quandonam
1532 398 1576 434 et
1608 405 1636 435 a
1667 391 1832 454 quibus

367 463 642 529 principibus
686 480 765 527 pro
808 480 890 510 sua
929 462 1090 508 eximia
1133 461 1296 525 pietate
1330 478 1382 508 ac
1415 461 1681 510 liberalitate
1721 466 1831 513 tanti

367 540 572 586 momenti
617 539 844 585 concessio
883 538 998 584 facta
1038 537 1252 584 ecclesiae
1294 537 1451 594 fuerit,
1492 538 1556 584 nil
1598 538 1832 588 definitum

367 626 621 678 certumque
663 613 1016 677 responderunt,
1056 631 1137 660 nec
1172 614 1440 678 respondere
1481 631 1678 679 unquam
1711 626 1833 680 pote-

368 699 484 736 runt.
512 688 881 753 Quandoquidem
908 706 961 736 ea
985 689 1215 736 concessio
1239 688 1383 736 locum
1407 707 1495 738 non
1521 690 1675 738 habuit
1695 708 1833 755 quum

368 765 558 829 piissimi
591 766 815 830 principes
855 765 1088 830 imperium
1132 776 1354 829 regerent⁷
1392 766 1834 816 Constantinuvaa-

366 859 506 904 gnus,
544 841 875 888 Valentinianus
918 842 953 887 l.
995 842 1270 889 Theodosius
1314 842 1490 899 senior,
1529 844 1716 908 eiusque
1750 844 1830 891 filii

365 916 579 964 Arcadius
623 928 666 964 et
710 917 963 974 Honorius,
1013 917 1174 964 deinde
1218 934 1321 965 vero
1365 917 1700 967 Valentinianus
1746 920 1827 966 Ill.

368 991 601 1040 Gratianus
618 1031 627 1048 ,
672 993 941 1048 Marcianus,
980 992 1144 1057 aliique
1177 993 1241 1056 pii
1275 1003 1318 1040 et
1357 993 1564 1040 catholici
1597 995 1834 1059 imperato-

368 1085 465 1116 res:
505 1086 605 1115 nam
640 1069 761 1115 iuxta
794 1068 1070 1116 adversarios
1104 1068 1327 1133 principes
1367 1069 1441 1115 isti
1465 1070 1727 1117 auctoritate
1749 1087 1831 1117 sua

369 1143 683 1209 impedimenta
706 1144 959 1191 dirimentia
981 1144 1320 1191 constituerunt:
1348 1161 1494 1208 neque
1515 1161 1570 1191 ea
1600 1145 1746 1197 cessio
1767 1144 1833 1192 lo—

367 1236 468 1266 cum
486 1219 647 1266 habuit
663 1220 944 1284 sequioribus
963 1219 1143 1275 seculis,
1159 1219 1252 1267 sive
1270 1237 1406 1284 quum
1421 1219 1608 1283 Pipinus
1621 1258 1632 1276 ,
1645 1219 1831 1269 Carolus

366 1296 456 1352 M.,
485 1296 735 1344 Ludovicus
758 1297 886 1352 Pius,
915 1296 1008 1343 sive
1031 1312 1166 1359 quum
1197 1295 1352 1352 Gothi,
1390 1296 1724 1359 Longobardive
1755 1297 1834 1343 im—

369 1383 604 1435 perarent;
648 1373 869 1437 siquidem
910 1373 1031 1419 iuxta
1070 1372 1350 1420 adversarios
1390 1373 1579 1421 huiusce
1619 1373 1832 1437 temporis

368 1447 592 1512 principes
627 1448 739 1495 iuris
773 1448 844 1495 sui
880 1465 1062 1512 prorsus
1096 1458 1273 1496 tenaces
1297 1450 1345 1495 in
1368 1449 1464 1496 suis
1489 1449 1718 1497 codicibus
1748 1449 1833 1496 im-

368 1523 620 1586 pedimenta
653 1523 906 1571 dirimentia
938 1525 1101 1588 pariter
1133 1525 1472 1581 constituerunt,

454 1599 610 1645 ¹Restat
642 1599 777 1662 igitur
808 1609 858 1645 ut
889 1609 1009 1646 tanta
1043 1599 1089 1645 in
1124 1599 1355 1647 ecclesiam
1389 1600 1534 1665 pietas
1557 1616 1610 1647 ac
1640 1599 1833 1647 liberali·

369 1683 438 1721 tas
472 1675 663 1721 maxime
695 1674 921 1722 emicuerit
954 1693 1054 1722 cum
1089 1676 1233 1738 iurgia
1272 1686 1407 1740 atque
1439 1675 1630 1723 dissidia
1666 1675 1834 1723 atrocia

366 1750 664 1815 diuturnaque
704 1761 796 1797 tum
836 1751 893 1798 ob
935 1751 1023 1798 alia
1051 1790 1060 1809 ‚
1104 1762 1197 1798 tum
1230 1752 1363 1798 etiam
1397 1750 1454 1799 ob
1487 1767 1646 1798 causas
1679 1751 1833 1799 matri-

369 1826 583 1873 moniales
620 1827 733 1873 inter
769 1827 1061 1874 sacerdotium
1086 1838 1130 1874 et
1155 1827 1391 1891 imperium
1423 1837 1710 1884 exarserunt,
1748 1826 1835 1875 sub

372 1901 576 1966 Philippo
609 1902 831 1966 Augusto,
869 1903 1074 1968 Philippo
1104 1903 1293 1950 Pulchro
1311 1941 1321 1959 ‚
1353 1903 1580 1959 Lothario,
1607 1902 1831 1951 Ludovioo

371 1978 536 2025 Bavaro
570 1978 760 2042 aliisque
793 1979 1066 2026 huiusmodi.
1090 1979 1256 2043 Ecquis
1289 1989 1434 2026 autem
1469 1978 1576 2026 talia
1609 1978 1718 2026 feret
1751 1978 1831 2026 ab·

371 2052 537 2099 surda?

466 2128 656 2184 Deinde,
684 2129 752 2176 vel
777 2130 1035 2193 singillatim
1061 2130 1250 2194 singuli,
1276 2130 1349 2178 vel
1372 2147 1525 2177 omnes
1548 2129 1684 2177 simul
1707 2130 1833 2194 prin·

368 2203 493 2267 cipes
532 2205 821 2252 consensione
853 2206 968 2253 facta
1002 2207 1074 2254 ius
1098 2206 1395 2254 constituendi
1421 2205 1735 2270 impedimenta
1764 2204 1834 2251 di-

371 2277 576 2324 rimentia
609 2279 821 2326 ecclesiae
855 2298 906 2327 ac
928 2291 1190 2346 potestatem
1211 2281 1516 2331 contulissent.
1545 2281 1600 2328 At
1628 2290 1833 2329 neutrum

368 2352 458 2399 dici
483 2363 652 2417 potest;
680 2371 767 2402 non
790 2355 1006 2418 primum,
1030 2357 1200 2404 scilicet
1223 2357 1423 2421 singulos
1442 2355 1699 2412 contulisse,
1722 2355 1833 2404 alio·

369 2429 475 2492 quin
501 2428 674 2476 illorum
697 2431 878 2477 nomina
899 2448 1264 2494 cognosceremus
1279 2473 1289 2490 ,
1317 2433 1576 2497 romanique
1599 2431 1833 2496 pontifices

367 2515 412 2551 et
449 2506 635 2552 concilia
673 2524 753 2570 pro
786 2507 862 2554 tali
897 2518 1106 2572 tantaque
1138 2509 1402 2558 liberalitate
1438 2508 1553 2571 grati
1592 2507 1733 2555 animi
1771 2507 1834 2554 si-

370 2580 696 2642 gnificationem
730 2582 819 2629 illis
859 2583 1187 2642 exhibuissent;
1231 2588 1323 2634 non
1366 2584 1550 2631 alterum
1568 2621 1579 2640 ‚
1626 2600 1706 2631 seu
1741 2598 1833 2630 non

370 2673 524 2704 omnes
559 2658 716 2715 simul;
755 2675 891 2723 quum
925 2659 981 2706 ad
1016 2660 1156 2708 instar
1187 2661 1389 2709 miraculi
1422 2659 1683 2707 huiusmodi
1726 2675 1833 2706 con·-

371 2732 558 2796 spiratio
601 2745 735 2799 atque
778 2736 1011 2783 consensio
1054 2736 1208 2785 haberi
1251 2737 1454 2793 deberet,
1505 2753 1642 2801 quum
1684 2734 1835 2799 potius

367 2807 639 2871 experientia
656 2811 864 2859 diuturna
882 2811 1135 2875 patefecerit
1152 2814 1377 2877 principes
1401 2812 1625 2861 seculares
1644 2821 1839 2861 tentasse
