1980 3260
306 225 394 269 296
610 238 689 269 LIB.
719 238 766 268 11.
795 237 907 269 SECT.
938 237 967 267 1.
996 237 1048 267 ΒΕ
1083 236 1247 267 POTEST.
1277 235 1443 268 EchEs.

304 315 436 362 fidem
462 313 747 369 convertitur;
779 330 884 359 num
909 311 1079 359 scilicet
1102 328 1181 375 per
1204 311 1477 376 baptismum
1511 315 1762 378 coniugium

306 389 360 435 ad
388 389 652 436 sacramenti
687 388 946 451 dignitatem
970 387 1196 435 evehatur.
1228 387 1441 443 Quamvis
1468 404 1572 436 vero
1590 389 1637 436 in
1652 390 1765 440 libro

303 464 437 528 priori
479 464 651 529 aliquid
682 463 767 511 hac
797 464 853 511 de
880 463 1140 529 quaestione
1173 463 1474 527 attigerimus,
1514 464 1676 512 iuverit
1706 476 1766 514 ta-

302 557 402 586 men
438 540 538 587 heic
565 539 741 624 plenius
771 540 972 587 eamdem
1006 539 1245 587 declarare.

395 614 607 663 Auctores
635 616 711 680 qui
740 615 796 662 de
825 633 877 662 ea
899 615 1241 663 disseruerunt
1229 634 1274 662 in
1299 616 1545 664 contrarias
1568 594 1767 664 distracti

302 701 406 738 sunt
423 692 689 748 sententias;
712 691 934 756 siquidem
953 691 1029 739 alii
1048 702 1231 740 censent
1247 709 1328 757 per
1343 692 1616 757 baptismum
1638 692 1768 740 evehi

301 767 452 832 reipsa
485 768 738 832 coniugium
774 768 831 816 ad
867 769 1130 816 sacramenti
1165 768 1454 832 dignitatem,
1487 769 1567 817 alii
1592 786 1697 818 vero
1722 768 1769 816 id

301 860 484 907 prorsus
515 844 784 892 inficiantur.
809 845 998 892 Rursum
1030 845 1178 910 quoad
1214 845 1385 909 praxim
1408 883 1418 902 ,
1452 843 1652 893 nonnulli
1677 845 1771 893 exi-

299 929 411 982 gunt
432 930 483 972 ut
510 932 743 969 renovetur
771 921 1001 969 amborum
1032 921 1269 984 coniugum
1298 938 1570 977 consensus,
1602 931 1652 968 ut
1681 937 1772 968 ma·

301 994 557 1043 trimonium
588 1007 731 1044 ratum
766 997 1006 1054 habeatur,
1045 996 1123 1043 alii
1155 1013 1259 1044 vero
1283 997 1329 1043 id
1359 1007 1590 1060 respuunt.
1612 997 1698 1044 Res
1722 995 1769 1044 in

301 1071 483 1136 ancipiti
516 1083 745 1130 versatur,
783 1073 1042 1138 praesertim
1076 1090 1176 1120 cum
1212 1089 1323 1120 rom.
1363 1071 1598 1136 pontifices
1632 1088 1771 1136 quae—

299 1146 488 1195 stionem
525 1148 642 1196 hanc
677 1149 884 1196 dirimere
917 1149 1101 1196 minime
1139 1148 1358 1196 voluerint
1384 1186 1394 1205 ,
1435 1148 1643 1213 quamvis
1667 1164 1770 1196 non

301 1221 449 1286 exigui
473 1225 682 1272 momenti
706 1212 759 1271 eir
782 1224 992 1272 alterutro
1015 1224 1179 1289 placito
1207 1223 1441 1272 corollaria
1475 1223 1765 1272 descendant.

395 1299 486 1347 Nos
513 1300 747 1364 utriusque
770 1301 1015 1347 sententiae
1032 1299 1127 1348 sive
1145 1299 1409 1347 affirmantis
1440 1300 1534 1348 sive
1564 1299 1769 1363 negantis

298 1384 510 1437 patronos
539 1375 697 1422 saltem
729 1376 994 1440 praecipuos
1029 1375 1359 1423 recensebimus
1382 1393 1473 1424 una
1494 1392 1595 1423 cum
1619 1375 1772 1424 funda-

299 1449 460 1497 mentis
495 1450 660 1515 quibus
691 1461 879 1516 utraque
918 1451 1072 1499 nititur
1105 1451 1257 1518 opinio
1280 1489 1290 1509 ,
1328 1468 1380 1500 ac
1414 1451 1519 1499 dein
1553 1450 1662 1516 quid
1695 1468 1771 1512 ve-

299 1524 533 1573 risimilius
563 1526 836 1574 censendum
869 1527 996 1575 nobis
1029 1527 1256 1585 videatur,
1288 1545 1578 1594 exponemus.

394 1602 533 1665 Igitur
549 1640 560 1659 ,
597 1612 648 1650 ut
679 1620 705 1650 a
739 1614 862 1668 parte
896 1615 1084 1667 negante
1111 1604 1393 1652 exordiamur
1409 1643 1419 1662 ,
1451 1604 1641 1653 duorum
1670 1621 1770 1653 con-

302 1676 454 1740 iugum
488 1678 763 1737 infidelium,
803 1696 903 1727 cum
936 1680 1160 1744 baptismo
1194 1679 1465 1738 lustrantur,
1502 1679 1770 1728 connubium

300 1764 624 1802 sacramentum
657 1754 753 1802 fieri
790 1755 885 1803 sive
927 1755 1023 1803 sola
1063 1755 1275 1821 baptismi
1300 1756 1599 1821 susceptione
1621 1794 1633 1813 ,
1677 1756 1772 1805 sive

299 1829 535 1877 accedente
569 1847 683 1878 novo
712 1842 814 1896 post
841 1831 1112 1896 baptismum
1142 1849 1365 1880 consensu
1387 1832 1642 1889 inficiantur
1663 1833 1771 1881 Vas-

299 1921 412 1967 quez
449 1907 534 1967 (3),
570 1906 751 1954 Pontius
790 1908 875 1970 (4),
907 1907 1281 1955 Salmanticenses
1313 1909 1400 1970 (5),
1431 1907 1652 1973 Tournely
1679 1910 1765 1971 (6),

300 1977 438 2026 Collet
459 1982 542 2042 (7),
565 1981 750 2030 Billuart
772 1984 857 2045 (8),
879 1982 1151 2031 Lacedemon
1174 1985 1260 2046 (9),
1282 1982 1449 2048 aliique
1475 1983 1567 2032 fere
1591 2000 1763 2041 omneS,

301 2053 379 2118 qui
414 2055 657 2104 adhaerent
692 2058 937 2106 sententiae
971 2058 1028 2106 de
1062 2059 1291 2107 sacerdote
1324 2060 1590 2107 sacramenti
1624 2059 1770 2107 matri-

299 2129 437 2176 monii
467 2131 670 2181 ministro
691 2135 807 2197 (10).
827 2134 1118 2200 Praecipuum
1146 2133 1331 2183 istorum
1360 2145 1666 2199 argumentum
1695 2135 1769 2183 de-

300 2205 494 2252 sumitur
511 2223 563 2253 ex
582 2209 749 2256 ratione
767 2210 863 2258 sive
882 2221 1040 2259 natura
1063 2211 1329 2259 sacramenti
1347 2249 1361 2269 ,
1388 2210 1509 2277 quod
1537 2211 1767 2261 materiam

299 2290 343 2327 et
359 2280 544 2330 formam
565 2282 768 2332 idoneam
785 2287 1001 2351 exposcit:
1020 2287 1106 2336 iam
1124 2305 1228 2336 vero
1253 2288 1339 2336 hae
1362 2287 1518 2337 haberi
1546 2297 1770 2354 nequeunt

393 2471 439 2512 (3)
459 2473 510 2504 Dc
528 2474 684 2505 matrim.
701 2473 784 2514 disp.
799 2476 841 2506 11.
855 2483 926 2516 cap.
941 2478 981 2508 V.
994 2478 1027 2509 et
1044 2478 1122 2510 tom.
1138 2479 1180 2510 11.
1195 2478 1232 2510 in
1245 2482 1276 2511 3.
1290 2487 1322 2519 p.
1338 2477 1421 2518 disp.
1434 2481 1504 2510 138.
1518 2486 1548 2510 c.
1560 2481 1594 2510 ⁵.

396 2523 442 2564 (4)
463 2523 536 2556 Lib.
553 2526 580 2557 1.
595 2533 625 2557 c.
640 2526 741 2557 lxm.
757 2531 786 2558 8.

393 2576 439 2617 (5)
459 2578 554 2609 Tom.
570 2578 612 2609 11.
626 2579 721 2610 tract.
735 2580 790 2611 lx,
805 2578 883 2611 dub.
898 2583 927 2612 3.
949 2589 981 2612 n.
995 2585 1045 2613 81.

393 2628 439 2670 (6)
457 2631 507 2661 De
527 2631 681 2662 matrim.
695 2631 757 2663 art.
771 2635 802 2663 2.
817 2632 961 2664 conclus.
976 2634 1063 2665 unic.

392 2681 438 2723 (7)
456 2683 535 2724 Cap.
556 2684 599 2715 11.
614 2691 648 2714 n.
664 2686 738 2716 278.

392 2733 440 2775 (8)
461 2735 547 2767 Diss.
564 2737 590 2768 1.
606 2737 667 2769 art.
686 2741 716 2769 5.
734 2746 767 2778 q.
781 2742 811 2770 6.

391 2787 436 2828 (9)
457 2789 498 2825 Q.
515 2789 573 2821 111.
591 2790 652 2821 art.
668 2794 698 2822 3.
715 2798 750 2831 q.
764 2792 798 2822 7.

388 2839 455 2879 (10)
475 2841 560 2873 Inter
582 2850 663 2882 quos
682 2843 720 2874 D.
732 2842 878 2875 Garriene
893 2843 971 2876 tom.
990 2845 1015 2875 1.
1033 2853 1064 2885 p.
1081 2847 1105 2876 1.
1120 2854 1190 2886 cap.
1205 2850 1234 2878 2.
1253 2847 1359 2887 n.·149
1375 2853 1466 2886 seqq.
