1980 3260
325 265 415 310 474
577 277 658 309 un.
687 276 733 309 ιι.
762 275 876 309 sacr.
905 276 1077 309 Atrum.
1108 276 1160 308 nn
1185 276 1350 309 rorrsr.
1381 276 1525 309 civim.

418 353 678 403 Communis
708 353 764 400 ad
787 353 900 401 haec
924 353 1231 417 theologorum
1252 354 1486 417 responsio
1514 364 1599 410 est,
1625 371 1679 402 ea
1702 365 1793 405 tum

322 448 424 478 esse
455 439 735 492 exaggerata,
765 445 818 476 ac
843 429 882 476 si
913 428 1048 476 nimis
1072 440 1315 492 urgeantur
1337 466 1348 485 ,
1379 446 1433 476 ex
1458 429 1662 493 pluribus
1692 430 1797 480 aliis

321 505 545 571 capitibus
571 521 703 570 posse
727 505 851 552 iuxta
867 504 1088 552 eiusmodi
1113 505 1358 553 aulicorum
1375 516 1567 554 mentem
1592 507 1794 555 odiosam

324 581 448 630 reddi
471 581 752 646 principibus
786 581 978 628 ethnicis
1005 581 1299 629 christianam
1336 581 1677 646 professionem,
1703 595 1798 631 tum

324 658 499 706 abunde
517 657 797 722 compensari
814 674 868 704 ex
885 656 1120 722 multiplici
1139 657 1436 706 emolumento
1453 660 1571 723 quod
1589 660 1636 708 in
1649 659 1798 708 ethni.—

324 752 398 783 cos
435 735 660 800 principes
689 751 743 781 ex
766 733 1045 798 professione
1078 733 1306 796 religionis
1341 734 1611 784 christianae
1631 758 1660 793 ,·
1679 753 1798 801 quae

323 811 434 859 adeo
457 811 698 874 morigeros
719 809 864 857 reddit
885 819 1019 874 atque
1037 809 1342 875 obsequentes.
1357 811 1581 869 subditos,
1602 829 1656 860 ac
1674 813 1798 877 prin-

324 888 474 952 cipum
509 889 607 935 iura
647 897 768 935 sarta
799 897 1002 951 tectaque
1020 897 1188 935 servat.

420 965 559 1021 Sane,
586 963 821 1029 inquiunt,
849 973 1001 1027 posset
1031 962 1259 1027 quispiam
1294 965 1458 1028 pariter
1487 965 1799 1030 prosequendo

325 1040 606 1088 launoianam
634 1039 903 1087 catechesim
927 1039 989 1086 ita
1023 1039 1266 1104 principem
1286 1040 1517 1088 ethnicum
1544 1051 1799 1106 competet»-⁴

326 1128 412 1164 tem
445 1117 503 1164 ad
527 1117 784 1180 religionem
806 1115 1093 1164 christianam
1120 1116 1331 1164 invitare:
1355 1117 1481 1164 Scire
1498 1117 1651 1175 debes,
1679 1118 1800 1183 prin—

324 1210 431 1258 ceps
454 1193 637 1258 optime,
668 1203 711 1240 te
734 1192 929 1240 crastina
956 1192 1028 1240 die
1046 1230 1056 1249 ,
1079 1202 1316 1257 postquam
1348 1193 1800 1258 baptismumsusce-

326 1269 445 1333 peris
466 1307 476 1325 ‚
511 1280 554 1316 et
581 1268 806 1316 Christum
846 1278 1114 1315 servatorem
1147 1278 1272 1316 tuum
1297 1287 1349 1317 ac
1369 1269 1803 1319 nostrum-‚indueris

327 1345 425 1392 sine
458 1344 592 1409 culpa
625 1343 715 1391 ulla
749 1354 824 1390 tua
858 1344 1130 1391 amissurum
1164 1361 1266 1392 esse
1299 1355 1463 1393 certam
1501 1355 1763 1411 potestatem
1779 1351 1798 1402 T,

327 1437 444 1486 quae
467 1420 525 1468 ad
549 1420 673 1484 regni
708 1421 771 1466 tui
806 1420 1175 1486 subditorumque
1212 1431 1387 1469 tuorum
1421 1421 1796 1487 opes-,³divitiu,

327 1495 558 1545 facultates
590 1495 930 1561 amplificandas
967 1497 1158 1545 maxime
1182 1499 1666 1564 vspectantsNa‘mrper
1695 1514 1800 1564 par—

328 1584 416 1620 tem
447 1572 553 1620 anni
587 1589 677 1620 non
716 1572 1001 1630 mediocrem,
1034 1582 1141 1638 puta
1173 1576 1253 1638 per
1290 1573 1388 1621 dies
1419 1573 1555 1621 festos
1589 1574 1802 1622 intermit-

330 1658 444 1696 tetur
466 1648 753 1712 agricultura,
781 1649 1049 1696 commercia
1077 1649 1343 1706 cessabunt,
1370 1667 1459 1697 non
1482 1649 1803 1701 exercebuntur

330 1735 601 1773 mercaturae
617 1762 628 1780 ,
671 1724 894 1773 vacabunt
932 1725 1128 1791 emporia
1143 1765 1167 1782 ,.
1197 1743 1333 1791 opera
1373 1726 1582 1775 desinent
1620 1726 1804 1776 servilia

331 1802 481 1850 omnia
516 1801 681 1867 quibus
715 1801 770 1848 ad
807 1801 1070 1867 populorum
1099 1803 1463 1850 sustentationem
1497 1802 1611 1850 nihil
1630 1803 1802 1851 condus

331 1876 527 1935 cibilius,
543 1877 874 1942 conquiescent.
891 1877 1009 1934 Quid
1027 1878 1145 1943 quod
1163 1878 1383 1926 teneberis
1394 1889 1532 1944 tuque
1544 1879 1805 1945 tuiqueomy

335 1970 415 2000 nes
452 1953 676 2001 abstinere
707 1971 736 2001 a
766 1953 1000 2011 carnibus,
1033 1954 1233 2002 ieiunare
1262 1971 1351 2002 non
1383 1955 1709 2020 infrequenter,
1738 1954 1805 2001 di—

331 2030 467 2093 ligere
499 2030 731 2087 inimicos,
770 2047 952 2094 parcere
983 2029 1096 2094 ipsis
1132 2040 1175 2077 et
1202 2030 1485 2088 benefacere,
1522 2040 1804 2078 contemnere

333 2106 513 2154 divitias
540 2106 586 2152 in
609 2106 709 2171 ipsa
734 2106 990 2154 divitiarum
1011 2106 1209 2154 omnium
1233 2106 1532 2163 abundantia,
1561 2106 1802 2154 humanam

333 2181 519 2246 gloriam
554 2183 812 2246 aspernari:
841 2183 953 2230 haec
985 2183 1105 2230 enim
1129 2183 1279 2230 omnia
1311 2182 1506 2248 postulat
1537 2183 1607 2230 cui
1642 2199 1802 2230 nomen

334 2258 444 2306 dare
467 2258 595 2323 cupis
621 2259 791 2322 religio.
829 2259 938 2308 Vide
966 2270 1182 2325 quantum
1215 2259 1295 2307 tibi
1321 2277 1473 2307 sumas
1507 2259 1674 2319 oneris„
1709 2258 1803 2307 lam

335 2334 450 2382 vivis
482 2346 602 2391 tuus,
631 2335 870 2400 nullusque
891 2347 959 2384 est
981 2336 1054 2383 cui
1081 2336 1295 2384 rationem
1323 2336 1508 2384 reddere
1541 2336 1708 2384 debeas
1740 2336 1806 2383 fa-

334 2420 502 2473 ctorum
545 2420 746 2459 tuorum:
780 2422 825 2458 at
857 2423 1064 2477 suscepta
1104 2412 1241 2461 semel
1277 2411 1520 2460 christiana
1554 2411 1802 2481 religione,¹

334 2478 658 2537 secretissimas
692 2487 914 2543 actiones,
937 2489 1028 2536 imo
1045 2499 1097 2536 ‘et
1114 2490 1240 2554 ipsas
1269 2488 1584 2543 arcanissimas
1613 2488 1804 2553 (siquid

335 2563 381 2609 in
416 2563 473 2611 iis
512 2573 665 2611 contra
697 2562 837 2627 legem
874 2563 1164 2613 christianam
1196 2566 1313 2614 ultro
1347 2564 1426 2613 tibi
1459 2563 1669 2629 obrepat)
1690 2563 1806 2628 cogi-

337 2640 527 2688 tationes
545 2677 556 2697 ‚
584 2637 749 2705 quibus
773 2639 882 2687 adeo
907 2657 1041 2705 saepe
1068 2641 1311 2706 pascimur,
1339 2659 1440 2690 cum
1471 2640 1623 2706 aliquo
1654 2658 1680 2688 e
1713 2640 1804 2689 tuis

336 2774 398 2814 les,
416 2774 473 2806 alii
492 2773 669 2815 inhabiles,
693 2775 791 2816 prout
810 2774 975 2807 communi
995 2774 1080 2806 bono
1100 2776 1249 2816 expedit,
1263 2775 1454 2808 redduntur.
1470 2776 1558 2807 Haec
1570 2774 1751 2808 admonitio
1763 2775 1805 2808 nd

333 2827 586 2860 confutationem
606 2827 777 2860 doctrinae
793 2828 970 2861 muntium
989 2828 1231 2869 theologorum,
1246 2830 1282 2861 nt
1295 2828 1447 2861 cumulus
1467 2828 1624 2862 accedit.»
1638 2829 1802 2870 Pag.·705.

333 2882 366 2912 et
386 2880 503 2912 iterum
518 2889 590 2922 pag.
601 2883 672 2914 747.
686 2881 739 2914 ed.
754 2881 810 2914 cit.
1506 2896 1507 2900 ¹
