1980 3260
273 230 363 262 cir.
380 230 438 264 v1.
454 231 506 263 nn
526 231 1004 264 MATR.11AERET.1NT.SE
1025 231 1104 264 vm,
1122 231 1205 264 cun
1220 231 1341 263 caru.
1357 230 1450 263 Anr.
1467 231 1510 263 v.
1583 216 1674 263 283

207 319 300 356 tum
329 309 435 375 quia
464 320 604 359 mater
637 311 826 359 ecclesia
860 310 1034 359 videtur
1067 309 1421 358 condescendere
1444 309 1502 357 ad
1526 326 1676 358 eorum

205 384 420 444 valorem,
461 396 554 434 tum
587 388 695 453 quia
724 387 771 434 in
795 386 959 435 talibus
991 386 1100 435 locis
1136 386 1360 435 decretum
1390 386 1676 434 tridentinum

204 462 429 511 moraliter
456 463 735 528 impossibile
769 474 837 512 est
868 463 1122 521 observari,
1156 474 1309 529 pastor
1345 474 1488 511 tamen
1523 463 1679 510 haere-

204 538 319 587 ticus
354 556 442 588 non
477 550 546 588 est
580 539 887 599 adhibendus,
914 551 964 588 ut
986 540 1088 588 talis
1119 550 1458 604 recognoscatur
1481 557 1507 587 a
1532 539 1680 587 catho-

202 612 301 662 licis
323 616 507 677 (185).»
532 614 653 663 Haec
678 615 859 681 quidem
890 616 965 664 hic
998 627 1151 665 auctor
1182 616 1239 664 de
1271 616 1349 664 illa
1383 615 1563 679 regione
1597 631 1678 680 pro

204 688 460 737 conditione
491 699 739 755 temporum
758 728 774 759 ,Ἴ
798 691 964 756 quibus
998 692 1097 756 ipse
1129 690 1380 749 scribebat;
1420 708 1522 739 nam
1562 708 1680 739 nunc

201 762 434 812 immutata
478 763 699 812 eiusmodi
745 765 943 814 conditio
985 777 1085 824 est;
1134 777 1177 814 et
1218 765 1425 814 catholici
1469 765 1560 813 illic
1607 765 1681 813 de-

198 849 355 903 gentes
387 839 434 887 in
466 841 760 889 matrimoniis
779 842 894 890 inter
911 859 961 890 se
977 841 1293 891 contrahendis
1316 840 1480 889 debent
1502 858 1552 889 se
1574 858 1681 890 con-

200 915 389 965 formare
411 916 579 966 formae
613 918 894 966 tridentinae.

296 991 500 1041 Ceterum
534 993 683 1059 quoad
707 993 790 1042 hos
814 992 970 1041 fideles
999 992 1168 1042 aliosve
1191 993 1269 1058 qui
1293 992 1339 1040 in
1365 992 1421 1041 iis
1445 1003 1681 1040 versantur

202 1085 349 1116 rerum
383 1069 607 1118 adiunctis
636 1070 682 1117 in
711 1069 877 1136 quibus
899 1069 971 1118 vel
997 1069 1168 1118 nullum
1192 1069 1372 1118 omnino
1401 1069 1677 1117 sacerdotem

199 1145 325 1194 adire
358 1147 534 1212 possint
564 1157 640 1195 aut
672 1147 850 1196 nonnisi
884 1164 1061 1196 summa
1095 1146 1360 1195 difficultate
1383 1157 1461 1194 aut
1483 1145 1682 1212 periculo

201 1239 303 1270 eum
328 1222 494 1271 habere
525 1223 728 1282 valeant,
756 1234 850 1272 tum
872 1223 1020 1272 valide
1053 1233 1146 1271 tum
1179 1222 1301 1271 licite
1334 1240 1469 1290 posse
1498 1224 1680 1288 nuptias

206 1299 469 1348 contrahere
491 1317 641 1349 coram
663 1300 840 1349 duobus
864 1311 940 1349 aut
962 1300 1105 1349 tribus
1133 1300 1323 1349 testibus
1350 1318 1439 1349 non
1463 1300 1653 1349 obscure
1667 1339 1678 1358 ‚

199 1385 249 1424 ut
282 1376 504 1435 diximus,
542 1395 596 1426 ex
630 1377 997 1443 responsionibus
1022 1394 1114 1426 sac.
1137 1377 1529 1442 congregationum
1563 1395 1675 1426 rom.

198 1452 437 1518 colligitur.
461 1455 572 1501 Nam
597 1454 818 1502 interdum
841 1455 1011 1502 nullum
1033 1453 1284 1503 declaratur
1315 1454 1647 1503 matrimonium
1663 1491 1674 1512 ‚

199 1530 381 1594 quando
415 1540 690 1579 contractum
723 1530 864 1578 fuisse
894 1541 1067 1579 constat
1099 1540 1296 1596 tempore
1318 1569 1329 1588 ‚
1366 1548 1449 1595 quo
1483 1540 1575 1578 erat
1608 1530 1680 1595 fa-

200 1606 298 1653 cilis
331 1616 371 1653 et
405 1617 521 1654 tutus
544 1607 604 1655 ad
620 1607 860 1672 parcebam
889 1607 1148 1655 catholicum
1174 1624 1367 1655 accessus
1397 1608 1547 1670 (186).
1571 1607 1680 1655 Item

201 1681 471 1731 celebratum
492 1701 583 1732 «eo
612 1694 810 1749 tempore
842 1693 887 1731 et
916 1683 1262 1732 circumstantiis
1295 1683 1461 1749 quibus
1496 1682 1555 1730 ad
1581 1700 1682 1747 pro-

195 1760 346 1823 prium
361 1759 622 1808 sacerdotem
645 1778 771 1807 suum
792 1777 991 1807 recursus
1012 1769 1127 1807 tutus
1151 1770 1191 1807 et
1206 1760 1354 1825 facilis
1377 1769 1470 1807 erat
1492 1761 1676 1822 (187);»

201 1846 332 1902 prout
369 1836 536 1901 pariter
577 1836 822 1884 iudicatum
855 1846 925 1884 est
958 1836 1005 1883 in
1039 1836 1127 1884 alio
1160 1836 1368 1900 coniugio
1401 1853 1550 1885 coram
1585 1835 1680 1884 solo

202 1913 467 1977 magistratu
501 1912 623 1961 civili
658 1913 768 1961 inito
790 1932 812 1958 «
834 1929 936 1960 cum
959 1913 1017 1960 ad
1043 1912 1316 1978 superiorem
1341 1911 1587 1976 legitimum
1609 1910 1680 1959 vel

201 1988 339 2037 alium
375 1990 651 2038 sacerdotem
685 1990 741 2038 ab
778 1990 877 2055 ipso
912 1990 1172 2056 deputatum
1201 1989 1333 2054 facile
1365 1989 1533 2036 recurri
1558 1998 1680 2052 pote-

201 2076 273 2114 rat
303 2068 487 2130 (188)‚»
504 2079 554 2115 ut
577 2067 689 2116 alias
718 2067 938 2115 eiusmodi
973 2066 1269 2114 resolutiones
1306 2065 1481 2113 silentio
1514 2075 1681 2131 praete-

203 2160 341 2191 ream.
375 2144 493 2207 Ergo
517 2161 570 2191 ex
593 2142 915 2192 contrariorum
941 2142 1109 2190 ratione
1137 2141 1313 2190 videtur
1344 2140 1580 2189 ecclesiam
1615 2159 1680 2188 ra-

201 2230 294 2268 tum
329 2220 495 2268 habere
529 2221 784 2284 coniugium
820 2220 952 2268 etiam
983 2219 1302 2268 catholicorum
1331 2219 1379 2265 in
1408 2218 1499 2266 illis
1531 2235 1678 2265 rerum

202 2297 427 2345 adiunctis
454 2298 501 2343 in
528 2297 694 2362 quibus
721 2307 798 2345 aut
832 2297 1054 2362 parochus
1085 2296 1179 2345 sive
1205 2295 1415 2345 sacerdos
1448 2295 1680 2343 missiona-

203 2373 296 2420 rius
339 2373 592 2422 nullatenus
615 2412 625 2431 ,
664 2384 741 2421 aut
774 2373 955 2422 nonnisi
997 2390 1171 2421 summa
1203 2372 1464 2420 difficultate
1488 2389 1539 2420 ac
1562 2372 1678 2419 vitae

201 2448 463 2498 discrimine
507 2449 782 2499 honorumve
822 2450 937 2498 adiri
979 2449 1163 2515 nequit,
1210 2449 1411 2515 alioquin
1457 2448 1676 2497 eiusmodi

202 2524 429 2574 clausulae
463 2526 607 2574 forent
639 2543 823 2592 prorsus
851 2543 1220 2593 supervacaneae.

296 2683 382 2724 (185)
406 2684 495 2716 [nst.
510 2691 634 2716 canon.
652 2683 735 2724 part.
747 2683 789 2714 11.
802 2682 860 2714 lib.
875 2683 931 2715 lv.
949 2683 1000 2716 tit.
1014 2684 1072 2718 111.
1090 2685 1138 2717 De
1147 2682 1367 2717 clandestina
1383 2681 1569 2723 dispensat.
1586 2689 1617 2713 n.
1633 2682 1675 2713 11.

297 2736 385 2777 (186)
406 2737 564 2777 congreg.
580 2744 607 2768 s.
621 2735 678 2767 off.
693 2740 744 2768 23.
762 2735 856 2768 Mart.
874 2739 964 2769 1808.

298 2790 385 2830 (187)
406 2789 528 2822 Eadem
541 2797 691 2831 congreg.
710 2794 758 2822 19.
774 2791 853 2822 Nov.
873 2794 962 2823 1828.

301 2842 387 2883 (188)
411 2841 531 2875 Eadem
553 2847 603 2876 23.
619 2842 712 2875 Mart.
734 2846 820 2876 1808.
