1980 3260
270 242 359 274 cn.
379 242 440 273 111.
461 242 510 272 nr:
523 241 637 272 scm..
655 240 818 272 rornsr.
836 240 940 272 ωε».
958 240 999 272 m
1013 239 1100 271 mr.
1117 240 1241 272 uun.
1261 241 1344 272 mn.
1363 241 1454 272 Ani.
1474 241 1519 272 ιι.
1556 227 1644 271 103

194 340 215 363 «
232 320 348 367 lnter
365 330 574 383 cognatos
597 329 640 366 et
658 318 813 366 affines
838 335 924 365 non
949 328 1016 365 est
1032 317 1275 380 legitimum
1295 318 1642 374 matrimonium,

191 396 278 443 nisi
303 413 402 443 cum
420 396 486 443 eis
506 396 563 442 sit
581 413 659 460 per
682 395 831 442 sedem
856 393 1140 458 apostolicam
1166 393 1470 459 dispensatum
1495 397 1644 457 (39).›·›

190 472 322 518 Prout
354 471 520 537 pariter
552 470 773 535 praestitit
804 469 1039 517 concilium
1074 468 1351 516 narbonense
1393 487 1465 517 an.
1501 472 1643 516 1609.

188 547 274 593 Alii
299 564 476 612 quoque
495 546 731 593 Galliarum
752 545 948 610 episcopi
967 545 1052 592 hac
1068 544 1123 592 de
1147 562 1194 592 re
1217 545 1402 609 populos
1427 545 1513 592 sibi
1538 563 1653 592 com-

188 624 350 671 missos
374 622 566 669 monitos
598 621 845 669 voluerunt.
880 622 952 667 Sic
976 622 1021 667 in
1055 621 1206 668 codice
1235 622 1499 668 Statutorum
1525 639 1652 672 aure-⁴

189 697 456 745 lianensium
481 696 548 742 tit.
577 697 639 742 De
665 697 909 742 matrimon.
934 697 986 742 D.
1009 696 1229 743 D'Elbene
1250 717 1271 741 «
1288 698 1337 743 In
1362 697 1652 760 impedimen-

189 774 271 830 tis,
310 772 479 836 inquit,
520 788 635 835 quae
669 770 882 817 dirimunt
915 772 1265 827 matrimonium,
1305 772 1382 818 ubi
1418 773 1653 838 dispensa-

188 848 297 895 tioni
322 847 445 895 locus
469 856 560 902 est,
594 846 852 893 auctoritate
874 857 1040 893 tantum
1072 847 1316 910 apostolica
1340 847 1648 911 dispensatur,

188 923 248 970 ita
280 933 330 970 ut
362 923 459 969 sine
493 921 705 985 rescripto
740 921 1090 986 dispensationis
1125 922 1262 969 Roma
1296 922 1442 969 debite
1476 924 1655 987 expedi-

188 1011 255 1047 tae
290 999 622 1047 matri-monium
649 998 815 1045 nullum
842 998 900 1045 sit
921 1000 1069 1060 (40).»

240 1092 242 1097 ’
283 1075 483 1139 Cumque
496 1075 813 1139 Syracusarum
832 1073 1065 1139 episcopus
1084 1074 1381 1139 quaesivisset
1394 1092 1472 1139 per
1489 1074 1654 1122 litteras

188 1151 243 1198 ad
279 1151 401 1198 card,
442 1150 634 1198 Corrado
670 1150 906 1198 Alexandri
940 1151 1030 1196 Vll.
1081 1151 1410 1215 prodatarium‚
1448 1150 1656 1198 liceretne

187 1226 275 1274 sibi
297 1265 307 1281 ‚
335 1227 455 1291 quod
478 1244 504 1273 a
533 1226 725 1274 nonullis
763 1226 1047 1273 conterminis
1082 1226 1307 1291 episcopis
1342 1226 1649 1282 factitabatur,

187 1302 451 1365 gravissima
483 1312 666 1364 urgente
696 1301 960 1348 necessitate
978 1339 988 1358 ,
1016 1313 1117 1349 ante
1140 1312 1410 1349 contractum
1436 1302 1657 1349 matrimo-

186 1378 309 1424 nium
345 1396 479 1442 super
512 1377 691 1442 publico
725 1378 964 1424 dirimente
997 1378 1314 1442 impedimento
1353 1378 1656 1442 dispensare?

187 1452 436 1500 Cardinalis
457 1453 707 1517 pontificem
732 1453 968 1501 consuluit.
994 1454 1126 1500 Porro
1149 1453 1224 1499 ille
1247 1471 1339 1500 rem
1363 1453 1419 1500 ad
1445 1471 1535 1501 sac.
1559 1471 1658 1501 con-

187 1528 280 1576 cilii
304 1528 529 1576 tridentini
554 1529 937 1593 congregationem
963 1529 1123 1577 deferri
1149 1529 1306 1585 iussit,
1330 1530 1557 1594 proposito
1580 1530 1658 1576 du—

186 1603 277 1652 bio:
303 1603 397 1650 «An
416 1604 653 1669 episcopus
672 1605 718 1650 in
738 1622 845 1652 casu
862 1605 1202 1667 urgentissimae
1219 1605 1495 1652 necessitatis
1515 1604 1659 1669 possit

186 1690 288 1727 ante
310 1690 580 1728 contractum
605 1680 934 1727 matrimonium
968 1680 1012 1725 in
1051 1680 1365 1744 impedimento
1395 1679 1572 1744 publico
1595 1679 1659 1726 di-

186 1755 484 1821 spensare‘?»
530 1756 608 1802 111.
647 1766 792 1803 autem
834 1755 935 1802 idus
981 1756 1161 1803 Martias
1203 1773 1276 1802 an.
1318 1757 1440 1802 1660
1476 1772 1659 1819 respon-

186 1832 251 1879 dit
282 1849 374 1879 sac.
418 1832 701 1895 congregatio
723 1870 732 1888 ‚
770 1833 982 1895 neqative.
1029 1833 1181 1896 Neque
1217 1832 1289 1879 his
1324 1842 1527 1880 contenta
1560 1848 1653 1879 sac.

186 1908 467 1971 congregatio
495 1908 790 1955 sanctissimae
823 1909 1117 1972 inquisitionis
1141 1909 1512 1973 qualificatoribus
1543 1924 1658 1972 quos

186 1993 368 2040 vocant,
413 1983 665 2040 mandavit,
705 1994 755 2030 ut
796 1984 851 2031 de
884 1983 1178 2048 dispensandi
1221 1984 1354 2032 certis
1395 1983 1441 2030 in
1475 1983 1657 2032 casibus

187 2077 320 2126 super
352 2059 566 2124 gradibus
602 2060 934 2108 matrimonium
967 2060 1277 2108 dirimentibus
1317 2070 1614 2124 praesumpto>
1632 2078 1658 2107 a

186 2136 456 2201 quibusdam
479 2136 706 2201 episeopis
734 2137 831 2184 iure
855 2137 1127 2184 sententiam:
1144 2137 1556 2186 ferrent..TulIerunt
1579 2154 1659 2184 au-

188 2222 273 2259 tem
298 2212 370 2260 his
394 2212 568 2260 verbis:
604 2213 882 2277 «Propositio
913 2230 1107 2260 asserens
1136 2213 1403 2277 episcopum
1424 2230 1568 2277 posse
1589 2212 1659 2259 di·-

188 2305 407 2353 spensare
449 2289 495 2335 in
531 2288 708 2353 publico
757 2289 1082 2354 impedimenta
1115 2289 1388 2338 matrimonii
1426 2288 1660 2336 dirimente

189 2365 589 2429 consanguinitatis
611 2383 695 2431 pro
719 2366 1003 2413 matrimonio
1028 2365 1336 2414 contrahendo
1355 2366 1451 2414 sive
1484 2366 1528 2413 in
1553 2366 1659 2412 arti-

187 2440 287 2488 culo
322 2443 472 2490 mortis
489 2481 503 2499 ,
534 2442 628 2490 sive
651 2443 696 2489 in
721 2442 815 2490 alia
827 2442 1146 2507 urgentissima
1171 2442 1436 2490 necessitate
1458 2481 1467 2498 ,
1500 2443 1544 2488 in
1570 2460 1659 2508 qua

188 2517 497 2567 contrahentes
527 2536 615 2566 non
649 2519 824 2583 possint
859 2529 1091 2584 expectare
1125 2518 1504 2584 dispensationem
1537 2519 1659 2565 sedis

189 2593 462 2659 apostolicae
479 2634 492 2652 ,
517 2605 584 2642 est
611 2595 729 2660 falsa
749 2632 760 2650 ‚
803 2597 1028 2643 temeraria
1048 2633 1059 2651 ,
1099 2595 1357 2643 scandalosa
1373 2632 1384 2650 ,
1416 2596 1659 2659 perniciosa

278 2742 344 2783 (39)
364 2744 466 2776 Prout
481 2752 519 2776 ex
545 2744 602 2776 his
624 2744 768 2777 conciliis
794 2744 894 2777 verba
918 2745 1018 2778 refert
1043 2745 1189 2778 collator
1214 2745 1397 2787 parisiensis
1421 2745 1499 2777 tom.
1526 2744 1581 2776 111.
1614 2744 1659 2775 De

189 2796 341 2827 matrim.
369 2795 426 2827 lib.
448 2798 487 2828 V.
504 2797 614 2829 collat.
632 2799 656 2829 1.
671 2796 701 2838 §.
718 2802 748 2830 6.
765 2806 837 2838 pag.
854 2800 924 2830 334.

277 2848 344 2889 (40)
365 2847 458 2889 Apud
477 2849 662 2882 Zachariam
689 2859 742 2891 op.
761 2850 817 2882 cit.
835 2859 905 2892 capv.
923 2852 978 2883 tv.
997 2850 1027 2892 §-
1044 2853 1074 2883 4.
