1980 3260
234 274 325 311 mr.
346 278 391 311 11.
408 280 459 312 ni:
478 277 617 313 rores.
636 281 772 313 mimo.
792 282 873 314 rm.
892 282 974 314 cm.
992 282 1116 314 nun.
1135 282 1295 315 cnmsr.
1315 283 1407 314 Aur.
1431 283 1493 315 111.
1537 268 1622 314 421

253 356 401 405 Altera
433 358 685 406 coniectura
717 358 998 416 eliminatur,
1030 370 1228 425 spectata
1261 360 1422 424 agendi
1458 360 1628 409 ratione

157 446 293 496 quam
316 433 430 481 alias
456 434 599 481 tenuit
622 434 741 481 idem
769 434 1029 498 Philippus,
1058 435 1135 499 qui
1160 435 1272 481 nihil
1300 435 1504 483 obstante
1526 453 1629 500 pro-

159 507 375 556 missione
398 509 534 565 facta,
559 510 716 556 iterum
736 510 791 556 ad
814 509 1045 574 pristinam
1071 511 1201 558 rediit
1224 512 1623 568 conversationem;

157 583 295 632 nimio
317 585 436 632 enim
463 595 557 632 erat
585 603 734 634 amore
762 597 920 650 captus
949 603 1053 649 erga
1071 588 1351 645 Bertradam;
1382 588 1442 634 nil
1466 589 1629 637 mirum

156 658 344 722 proinde
361 659 400 706 si
419 659 551 707 etiam
582 671 683 725 post
708 660 932 709 obtentam
963 662 1285 711 absolutionem
1305 680 1356 711 ac
1374 664 1632 750 praestitum

156 733 467 781 iusiurandum
502 737 682 784 redierit
710 737 766 784 ad
799 738 1030 785 vomitum.

254 810 400 858 Tertia
426 811 556 859 facile
581 811 767 860 diluitur
790 831 843 860 ex
872 814 954 870 iis,
978 832 1094 878 quae
1119 815 1176 862 de
1204 811 1374 863 artibus
1393 816 1633 864 Bertradae

156 884 358 934 scribunt
387 885 655 944 Ordericus‚
684 899 728 935 et
758 889 969 951 Sugerus.
1007 909 1028 934 «
1050 890 1305 954 Versipellis
1340 890 1526 948 mulier,
1564 891 1634 936 in-

155 962 254 1027 quit
279 961 547 1021 Ordericus,
588 964 702 1011 inter
734 963 893 1012 rivales
928 965 1196 1013 simultatem
1231 966 1530 1030 compescuit,
1569 966 1634 1012 in-

155 1038 375 1103 genioque
398 1056 480 1086 suo
499 1039 545 1085 in
563 1050 729 1086 tantam
748 1056 902 1103 pacem
926 1056 1003 1087 eos
1027 1040 1380 1104 compaginavit,
1410 1050 1459 1087 ut
1481 1040 1631 1105 splen-

157 1114 312 1162 didum
337 1115 402 1163 eis
429 1116 680 1164 convivium
705 1125 1008 1180 praepararet,
1031 1126 1074 1163 et
1094 1126 1195 1181 apte
1211 1127 1343 1180 prout
1360 1115 1527 1180 placuit
1545 1116 1634 1164 illis

156 1189 433 1238 ministraret
466 1193 651 1254 (137).»
675 1191 870 1254 Sugerus
903 1207 1009 1238 vero
1046 1191 1198 1239 addit:
1231 1191 1633 1255 «Andegavensem

157 1266 350 1331 priorem
373 1267 605 1324 maritum,
629 1266 733 1314 licet
750 1276 844 1314 toro
863 1266 1043 1314 omnino
1067 1267 1350 1332 repudiatum
1366 1305 1376 1324 ,
1405 1267 1467 1314 ita
1489 1266 1636 1315 molli-

158 1342 367 1390 ficaverat
394 1342 679 1405 (Bertrada),
703 1352 752 1389 ut
766 1359 862 1388 eam
889 1352 1115 1405 tamquam
1143 1341 1368 1388 dominam
1400 1359 1635 1390 venerare-

157 1427 250 1474 tur,
271 1427 315 1464 et
333 1417 527 1465 scabello
545 1418 708 1481 pedum
733 1417 828 1464 eius
855 1417 1035 1482 saepius
1061 1416 1262 1464 residens
1281 1455 1291 1474 ,
1316 1434 1367 1464 ac
1387 1417 1426 1464 si
1452 1417 1636 1481 praesti-

156 1494 231 1558 gio
257 1494 380 1542 fieret
401 1494 617 1543 voluntati
643 1493 740 1541 eius
764 1494 944 1541 omnino
968 1493 1286 1558 obsequeretur
1309 1495 1345 1556 (1
1360 1495 1491 1555 38).»
1505 1493 1634 1549 Quod

154 1588 260 1619 vero
284 1581 456 1636 spectat
478 1571 535 1618 ad
560 1570 744 1618 clericos
763 1588 815 1618 ac
833 1586 1036 1635 proceres
1056 1570 1132 1635 qui
1152 1570 1336 1617 honoris
1357 1587 1408 1617 ac
1426 1569 1631 1635 obsequii

157 1647 560 1711 significationibus
579 1647 835 1712 Philippum
862 1664 1009 1710 regem
1039 1647 1316 1712 exceperint,
1346 1647 1507 1693 mirum
1531 1663 1634 1694 esse

157 1740 245 1771 non
271 1723 402 1770 debet
425 1734 526 1788 post
548 1722 769 1770 obtentam
795 1723 852 1769 ab
875 1740 927 1770 eo
951 1722 1291 1770 absolutionem.

255 1800 423 1856 Quarta
456 1799 708 1847 coniectura
741 1817 794 1846 ex
826 1800 1000 1863 reqinae
1035 1799 1333 1864 appellatione
1356 1837 1365 1855 ,
1405 1816 1521 1864 quae
1566 1799 1635 1845 in-

158 1875 330 1923 terdum
364 1893 391 1922 a
423 1875 651 1922 nonnullis
689 1875 925 1922 Bertradae
964 1874 1127 1921 tributa
1166 1873 1324 1931 fuerit,
1362 1874 1599 1939 desumpta
1620 1912 1630 1931 ,

159 1951 382 1999 disiicitur
405 1952 444 1999 si
470 1951 581 1999 ratio
608 1951 825 1998 habeatur
858 1950 1172 1998 assentationis
1208 1968 1313 2014 erga
1348 1950 1628 2015 Philippum,

159 2028 236 2093 qui
270 2027 393 2075 illam
429 2028 494 2076 uti
533 2028 776 2091 legitimam
811 2045 991 2074 uxorem
1026 2026 1182 2074 haberi
1216 2026 1405 2074 volebat.

255 2104 459 2152 Ceterum
483 2121 564 2152 nec
588 2104 703 2152 levia
726 2121 806 2151 nec
831 2120 973 2168 pauca
991 2113 1095 2150 sunt
1112 2103 1390 2160 documenta,
1412 2120 1528 2167 quae
1551 2103 1634 2151 has

158 2181 338 2247 penitus
373 2180 608 2228 destruunt
638 2181 930 2228 coniecturas.
960 2179 1135 2226 Etenim
1170 2181 1215 2225 1.
1239 2196 1367 2226 nemo
1390 2189 1458 2226 est
1480 2196 1531 2226 ex
1557 2197 1637 2226 an-

159 2257 297 2323 tiquis
316 2256 624 2322 scriptoribus,
646 2257 724 2321 qui
743 2256 871 2303 toties
890 2255 1025 2303 locuti
1046 2265 1148 2303 sunt
1165 2255 1221 2302 de
1242 2255 1519 2303 absolutione
1532 2255 1637 2302 Phi-

159 2333 293 2398 lippi,
321 2333 399 2397 qui
423 2332 691 2379 mentionem
717 2331 888 2378 iniiciat
914 2331 970 2377 de
999 2331 1102 2378 data
1129 2331 1458 2394 dispensatione.
1479 2331 1522 2376 2.
1542 2331 1634 2377 Imo

156 2427 211 2456 ex
245 2408 412 2455 ratione
445 2425 534 2473 qua
571 2408 764 2454 referunt
798 2407 945 2454 datam
980 2406 1329 2463 absolutionem,
1367 2406 1633 2454 contrarium

159 2485 308 2551 potius
338 2485 602 2542 ostendunt;
632 2484 697 2531 sic
721 2484 838 2532 enim
863 2483 1094 2531 Aimoinus
1120 2483 1301 2531 scribit:
1335 2483 1513 2539 «Quam
1539 2499 1635 2529 sen-

161 2562 342 2610 tentiam
371 2561 731 2624 (anathematis)
762 2578 861 2618 rex,
890 2571 1035 2608 motus
1065 2560 1215 2608 divina
1249 2560 1415 2623 gratia,
1446 2558 1628 2614 timens,

159 2649 203 2686 et
219 2638 277 2686 ad
296 2640 522 2686 terminum
545 2639 659 2684 vitae
681 2655 783 2685 suae
801 2638 1121 2702 propinquans,
1145 2635 1348 2701 resipuit,
1370 2634 1633 2698 veniamque

256 2785 342 2824 (137)
368 2786 501 2817 Hister.
521 2783 710 2816 ecclesiast.
728 2783 784 2815 lib.
800 2784 888 2815 Vlll.
902 2783 954 2815 ed.
971 2783 1140 2816 Ducliesne
1156 2781 1260 2814 Lutet.
1274 2779 1374 2812 Paris.
1398 2784 1485 2811 1619.
1502 2784 1618 2820 μ999.

257 2837 345 2878 (ι38)
369 2839 420 2869 De
435 2839 511 2870 vica
525 2836 692 2870 Ludovici‘
708 2838 824 2869 crossi
845 2840 934 2878 reqis
956 2836 1042 2879 apud
1065 2835 1250 2875 omnesne,
1270 2834 1360 2865 Hisc.
1376 2831 1498 2871 franc.
1509 2833 1627 2873 script.

161 2890 307 2923 Lutetiae
325 2893 413 2924 1641.
432 2892 511 2923 tom.
526 2893 582 2925 lv.
598 2900 630 2932 p.
647 2896 706 2924 398
723 2899 794 2931 seq.
