1980 3260
358 250 416 295 ³0
659 256 740 289 mn.
767 256 812 287 11.
841 255 955 287 sacr.
984 256 1014 286 1.
1042 254 1094 285 ne
1129 253 1306 285 lvonisr.⁴
1324 252 1488 286 scetus.

358 340 471 386 sacta
499 354 525 383 a
561 332 822 381 sacramenti
856 331 1050 386 ratione,
1086 345 1187 377 esse
1214 345 1317 376 vere
1354 344 1407 374 ac
1442 329 1643 390 rigoroso
1674 347 1813 379 sensu

356 420 615 460 contractum
641 408 735 456 sive
765 406 1009 454 naturalem
1039 406 1134 453 sive
1165 404 1356 453 civilem.
1396 402 1453 449 Hi
1489 404 1609 450 enim
1622 417 1814 455 ›eonten-

355 489 465 535 dunt
497 484 824 533 matrimonium
853 483 1000 547 quoad
1036 492 1239 528 naturam
1273 497 1326 527 ac
1356 479 1652 527 substantiam
1687 478 1814 530 suam

355 562 477 609 nulla
519 577 701 625 prorsus
746 558 914 605 ratione
946 572 1048 603 esse
1085 565 1357 602 contractum
1375 592 1385 611 ‚
1432 554 1656 619 siquidem
1691 553 1819 604 deest

355 637 571 685 obiectum
604 652 684 682 seu
727 650 796 680 res
840 632 896 678 de
936 648 1025 696 qua
1061 630 1263 678 contrahi
1304 630 1463 694 possit.
1511 628 1818 678 Substantiam

355 712 520 778 quippe
558 709 827 757 matrimonii
868 708 1017 755 efficit>
1041 717 1194 754 mutua
1234 706 1444 770 obligatio
1486 707 1725 770 coniugum
1756 703 1817 755 ad

354 804 549 834 amorem
579 797 623 833 et
656 785 911 832 fidelitatem
943 784 989 830 in
1021 783 1177 831 ordine
1210 783 1267 830 ad
1301 783 1468 848 prolem
1495 782 1830 848 procreandam'

352 861 776 925 instituendamque‚
808 877 922 924 quae
947 876 1122 906 omnem
1155 858 1447 906 contrahendi
1476 856 1815 923 ac-paciscendi

354 947 556 985 naturam
593 936 753 1000 refugit
789 937 904 998 (42).
945 935 1223 999 Quapropter
1263 934 1443 982 nonnisi
1481 934 1730 999 improprie·
1764 951 1819 982 ac

354 1013 499 1061 latiori
534 1012 725 1077 quadam
758 1010 1095 1074 significatione
1114 1007 1443 1057 matrimonium
1484 1007 1734 1058 contractus
1762 1026 1817 1057 ex

356 1088 541 1135 istorum
583 1087 799 1135 sententia
831 1085 919 1132 dici
952 1086 1104 1150 posSet
1123 1123 1133 1143 ‚
1171 1095 1391 1150 quatenus
1431 1083 1603 1131 scilicet
1632 1084 1817 1132 verbum

355 1164 598 1210 contrahere
631 1172 871 1226 usurpatur
902 1161 959 1208 ad
995 1179 1048 1208 ea
1081 1160 1391 1225 exprimenda,
1429 1176 1545 1224 quae
1561 1176 1642 1224 per
1665 1156 1819 1207 matri-

354 1239 550 1286 monium
581 1238 867 1285 intenduntur
886 1275 896 1293 ,
932 1253 1107 1301 usuque
1145 1236 1472 1301 quodammodo
1508 1245 1814 1283 consecratum

352 1324 447 1370 est,
473 1331 562 1378 quo
594 1331 730 1361 sensu
755 1331 783 1360 a
816 1313 1002 1360 concilio
1039 1312 1276 1361 tridentino
1308 1312 1571 1360 vocabulum
1610 1311 1696 1359 hoc
1734 1311 1818 1359 ada

352 1388 530 1435 hibetur
562 1390 657 1450 (43)
675 1424 685 1444 ‚
718 1389 825 1452 quin
856 1399 1002 1435 tamen
1037 1388 1201 1436 idcirco
1241 1389 1477 1436 conclusio<
1500 1387 1558 1435 ad
1590 1387 1818 1435 veritatem

354 1464 619 1521 sententiae,
657 1481 772 1528 quae
805 1465 1134 1512 matrimonium
1157 1464 1204 1511 in
1237 1476 1482 1513 ceterorum
1511 1474 1817 1512 contractuum

359 1539 555 1587 civilium
591 1539 779 1587 classem
811 1541 964 1598 refert,
990 1541 1149 1588 deduci
1185 1541 1342 1605 possit.

448 1615 606 1661 Verum
646 1615 866 1679 quidquid
902 1616 959 1662 de
991 1616 1076 1663 hoc
1115 1616 1403 1663 verisimilius
1445 1612 1684 1663 tenendum
1723 1616 1783 1663 sit
1795 1646 1814 1672 ·,

354 1690 473 1756 quod
491 1691 586 1737 suis
603 1691 858 1738 auctoribus
891 1691 1180 1750 dimittimus,
1209 1692 1319 1739 illud
1340 1702 1487 1739 ⁴ratum
1522 1691 1818 1757 exploratum·

354 1783 441 1831 que
475 1783 575 1814 esse
598 1765 748 1824 debet,
786 1768 1039 1831 coniugium
1064 1779 1337 1816 contractum
1361 1768 1600 1833 quemdam
1623 1785 1726 1816 esse
1744 1767 1819 1821 >sui

356 1844 530 1906 generis
562 1861 588 1890 a
612 1843 794 1907 reliquis
819 1845 1025 1892 omnibus
1054 1845 1189 1909 plane
1213 1845 1439 1893 diversum
1462 1861 1514 1892 ac
1538 1845 1732 1892 immane
1754 1844 1821 1891 di-

356 1917 560 1965 stantem.
588 1919 643 1965 Ut
663 1917 781 1966 enim
805 1920 1001 1984 loquitur
1022 1922 1166 1968 Moser
1189 1940 1198 1967 :
1231 1919 1610 1968 «matrimonialis
1643 1930 1819 1967 contra-

363 2004 486 2051 ctus,
515 1994 807 2042 abstractione
828 1993 962 2043 etiam
979 1997 1095 2044 facta
1116 2015 1144 2044 a
1166 1998 1335 2045 ratione
1357 1995 1648 2053 sacramenti,
1670 1995 1819 2061 quoad

360 2079 562 2116 naturam
597 2085 648 2116 ac
672 2069 963 2118 substantiam
987 2089 1114 2129 suam
1137 2090 1164 2119 a
1195 2073 1380 2137 reliquis
1405 2067 1710 2120 contractibus
1727 2081 1819 2118 toto

359 2145 480 2192 caelo
515 2145 740 2192 differt....
781 2146 866 2201 Qui
899 2148 1164 2195 matrimonii
1199 2159 1402 2196 naturam
1437 2159 1571 2213 atque
1601 2147 1818 2211 originem

358 2216 521 2268 attenta
543 2231 687 2268 mente
710 2222 1054 2271 consideraverit
1074 2263 1084 2282 ,
1124 2216 1273 2272 statim
1296 2223 1425 2272 fateri
1460 2234 1643 2288 cogetur
1661 2261 1672 2280 ‚
1712 2239 1818 2271 con-

358 2308 543 2345 tractum
560 2288 777 2346 esse-vere
794 2299 1060 2362 singularem
1076 2340 1087 2358 ,
1115 2319 1202 2350 non
1220 2302 1277 2349 ab
1294 2301 1551 2350 hominibus
1577 2299 1658 2348 sed
1680 2317 1708 2347 a
1725 2300 1820 2348 Deo

358 2373 456 2438 ips'o
478 2374 730 2422 immediate
746 2375 1015 2433 institutum;
1044 2378 1160 2426 circa
1184 2397 1316 2444 quem
1339 2379 1486 2427 varias
1508 2393 1688 2442 quoque
1716 2377 1817 2443 ipse

358 2449 644 2514 praescripsit
659 2450 833 2513 regulas
852 2468 880 2498 a
901 2452 1024 2500 nulla
1047 2463 1260 2517 potestate
1283 2455 1479 2503 humana
1494 2451 1811 2510 immutandas,

358 2534 434 2571 aut
455 2523 716 2573 relaxandas
731 2542 774 2573 v.
790 2543 832 2589 g.
851 2526 968 2574 circa
991 2527 1088 2575 eius
1111 2529 1325 2578 unitatem
1342 2567 1352 2586 ,
1379 2527 1816 2577 indissolubilitatem

446 2695 512 2736 (42)
532 2697 651 2730 sedulo
668 2698 886 2739 quaestionem
906 2700 989 2733 hanc
1017 2702 1223 2742 pertractavit
1248 2703 1352 2735 aetate
1371 2702 1456 2735 hanc
1476 2702 1587 2736 nostra
1606 2704 1646 2734 D.
1674 2703 1750 2742 Moy
1777 2701 1812 2733 in

357 2756 410 2788 op.
433 2749 614 2788 germanico
632 2753 682 2783 De
702 2753 778 2784 iure
797 2754 1048 2786 matrimoniali
1068 2754 1340 2789 christianorum
1361 2757 1397 2788 in
1424 2755 1568 2789 ecclesia
1591 2747 1756 2788 orientali
1781 2754 1817 2786 et

352 2796 567 2833 occidentali.
595 2800 836 2845 Reqemsburqi
859 2808 948 2838 183³.

447 2851 512 2892 (43)
533 2854 615 2886 Sess.
639 2856 751 2887 XXIV.
775 2864 844 2897 cap.
865 2858 891 2889 1.
909 2859 959 2890 Dc
978 2857 1117 2898 r·esorm
1139 2861 1290 2892 matrim.
