1980 3260
240 242 329 273 ων.
347 241 392 272 ιι.
413 241 463 272 nn
482 240 597 273 acci„
618 239 758 271 rores.
777 237 919 270 consr.
938 237 1025 269 uir.
1045 237 1169 268 mun.
1189 237 1272 268 mn,
1291 235 1383 267 aar.
1399 235 1456 267 iv.
1531 221 1588 266 ’Π

132 320 308 367 trariam
345 319 518 366 illorum
551 335 651 366 esse
686 317 958 372 doctrinam,
986 315 1062 380 qui
1093 315 1362 361 contendunt
1397 312 1600 361 tridenti-

132 412 213 442 nos
238 413 430 443 canones
465 394 650 457 intelligi
688 410 847 458 posse,
875 393 1010 439 immo
1043 401 1086 438 et
1121 390 1283 438 debere
1305 390 1360 437 de
1385 400 1600 454 potestate

131 470 346 518 ecclesiae
387 470 652 526 adventitia,
691 485 895 534 quaeque
935 485 989 515 ex
1023 467 1274 532 principum
1317 466 1598 514 conniventia

135 565 186 594 ac
220 547 369 595 favore
402 546 646 610 proveniat.

231 622 298 668 1v.
338 621 505 667 Cuncta
518 621 694 667 demum
714 636 858 666 rerum
878 619 1087 666 adiuncta
1104 617 1451 667 commentitium
1471 616 1602 681 plane

134 695 352 744 eiusmodi
385 693 595 758 placitum
638 692 891 740 excludunt.
931 693 1160 757 Siquidem
1194 711 1295 741 cum
1337 692 1601 740 tridentinae

135 771 307 837 synodo
338 769 616 816 interfuerint
646 769 897 833 principum
931 779 1124 816 oratores
1159 768 1476 825 oculatissimi,
1506 767 1602 832 qui·

134 863 221 911 que
254 862 427 893 summo
470 844 618 892 studio
660 843 877 891 cavebant
909 862 964 891 ne
998 845 1230 891 minimum
1274 845 1384 908 quid
1418 845 1603 908 deroga-

134 933 252 969 retur
286 920 535 986 principum
571 937 749 968 suorum
787 920 984 977 iuribus,
1028 929 1104 967 aut
1140 937 1193 967 ea
1231 920 1484 967 viderentur
1516 919 1601 967 lae·

133 999 207 1055 di,
253 998 446 1063 profecto
480 997 598 1045 illico
632 997 1000 1053 insurrexissent,
1051 996 1347 1060 fuissentque.
1372 996 1600 1060 protestati

134 1085 286 1122 contra
320 1073 570 1138 propositos
613 1090 804 1121 canones
826 1110 836 1130 ,
875 1073 914 1120 si
948 1072 1350 1137 deprehendissent
1382 1089 1434 1119 ac
1458 1071 1602 1119 etiam

135 1150 351 1214 suspicati
395 1149 538 1197 solum
581 1148 769 1197 fuissent
803 1149 865 1196 ita
897 1148 996 1197 illos
1031 1148 1238 1212 ambigue
1280 1149 1516 1205 constitui,
1556 1158 1604 1195 ut

136 1226 387 1291 principum
430 1225 718 1288 originarium
750 1225 821 1272 ius
867 1235 942 1271 aut
984 1224 1186 1281 excludi,
1225 1235 1301 1272 aut
1334 1225 1382 1271 in
1417 1224 1603 1271 dubium

137 1303 329 1349 revocari
365 1301 603 1350 videretur.
643 1302 892 1366 Numquam
926 1301 1042 1348 enim
1079 1301 1270 1349 fuissent
1304 1301 1428 1366 passi
1462 1311 1511 1347 ut
1543 1302 1603 1348 ita

135 1377 460 1435 adstrueretur,
503 1389 546 1426 et
585 1377 763 1443 quidem
798 1378 1043 1441 dogmatice
1076 1378 1291 1426 ecclesiae
1326 1387 1520 1442 potestas
1557 1378 1602 1423 in

133 1453 444 1501 dirimentibus
488 1453 816 1519 impedimentis
861 1454 1129 1502 matrimonii
1173 1453 1523 1509 constituendis,
1562 1454 1600 1500 si

134 1529 386 1578 istiusmodi
422 1541 618 1595 potestas
652 1547 739 1578 non
763 1541 881 1578 esset
903 1530 943 1577 ei
969 1530 1055 1577 nisi
1081 1530 1321 1578 adventitia
1344 1547 1398 1576 ex
1421 1546 1600 1577 suorum

134 1606 385 1670 principum
424 1605 699 1670 indulgentia
728 1645 737 1662 ‚
782 1616 915 1671 atque
949 1607 1199 1669 exegissent
1232 1605 1521 1671 proculdubio
1555 1617 1603 1651 ut

135 1681 180 1728 in
204 1682 442 1745 redigenda
473 1682 730 1730 eorumdem
763 1699 980 1730 canonum
1016 1682 1204 1730 formula
1239 1681 1361 1729 fieret
1393 1698 1604 1745 expressa

135 1758 298 1805 mentio
331 1758 388 1806 de
426 1758 666 1821 originaria
711 1759 1014 1823 imperatoris,
1055 1776 1232 1822 regum,
1270 1768 1604 1821 ceterorumque

135 1834 387 1898 principum
420 1843 657 1899 potestate;
685 1844 734 1880 ut
757 1844 875 1898 patet
906 1851 959 1880 ex
994 1834 1211 1882 constanti
1247 1832 1465 1880 eiusmodi
1490 1831 1602 1879 auli-

135 1927 284 1957 corum
318 1910 479 1973 agendi
523 1910 715 1966 ratione,
758 1910 834 1974 qui
869 1909 925 1957 de
958 1909 1131 1957 iuribus
1173 1909 1425 1974 principum
1459 1909 1601 1972 magis

136 2002 184 2032 se
206 1985 419 2033 sollicitos
453 1985 685 2033 ostendere
708 1997 1052 2043 consueverunt,
1080 2003 1215 2051 quam
1239 1985 1462 2051 principes
1491 1984 1594 2049 ipsi.

135 2061 267 2126 Atqui
303 2072 447 2109 tamen
472 2080 522 2109 ex
549 2072 611 2109 tot
634 2062 879 2110 oratoribus
915 2063 959 2108 in
994 2062 1180 2110 concilio
1204 2079 1260 2109 ne
1282 2078 1398 2109 unus
1421 2060 1601 2126 quidem

135 2136 302 2192 extitit,
341 2137 418 2201 qui
453 2136 522 2185 vel
556 2138 810 2185 mussitaret
844 2148 919 2184 aut
953 2137 1170 2195 hisceret;
1198 2137 1316 2202 quod
1347 2147 1601 2200 argumento

135 2222 202 2258 est
235 2211 532 2267 ineluctabili,
565 2212 759 2260 nondum
795 2230 846 2260 eo
881 2224 1075 2277 tempore
1107 2213 1152 2260 in
1183 2212 1427 2260 aulicorum
1451 2229 1502 2259 ac
1526 2228 1604 2277 po-

136 2287 353 2335 liticorum
378 2298 568 2334 mentem
593 2288 786 2335 subiisse
811 2289 1072 2336 sententiam
1096 2300 1345 2336 nostrorum
1370 2289 1605 2336 neoterico-

137 2380 232 2409 rum
256 2363 311 2410 de
336 2374 551 2427 potestate
583 2363 798 2411 ecclesiae
830 2364 1070 2412 adventitia
1093 2364 1139 2411 in
1164 2365 1486 2412 constituendis
1521 2364 1603 2408 im-

137 2438 402 2502 pedimentis
438 2439 659 2487 connubia
693 2440 935 2488 christiana
969 2441 1294 2489 dirimentibus.

233 2514 287 2562 At
321 2516 530 2580 quoniam
564 2515 804 2564 adversarii
842 2527 930 2565 tam
964 2517 1267 2596 praefidenter
1288 2518 1508 2565 affirmant
1530 2534 1604 2582 po·

137 2600 336 2637 testatem
380 2591 494 2638 hanc
536 2592 749 2640 ecclesiae
792 2593 1072 2641 adventitiam
1117 2611 1216 2641 esse
1258 2611 1311 2641 ex
1354 2594 1602 2657 principum

137 2667 451 2724 concessione,
491 2668 680 2731 agedum
723 2668 932 2717 adiuncta
970 2671 1062 2727 rei,
1102 2670 1339 2735 temporis,
1379 2669 1503 2722 loci,
1552 2686 1603 2715 ac

136 2759 424 2806 personarum
460 2745 765 2809 inquiramus:
795 2746 1017 2810 proferant
1051 2764 1139 2812 quo
1173 2746 1294 2803 loco,
1322 2763 1464 2810 quove
1499 2756 1603 2792 tem—

137 2834 266 2881 pore,
295 2831 338 2866 et
359 2820 627 2884 quibusnam
664 2821 939 2886 principibus
973 2833 1048 2870 aut
1082 2822 1378 2871 annuentibus
1404 2832 1479 2870 aut
1502 2839 1601 2869 con-
