1980 3260
275 239 370 286 314
594 249 676 281 un.
705 248 752 280 u.
780 247 894 280 seer.
923 247 954 278 1.
982 246 1036 278 ns
1059 246 1226 278 rornsr.
1255 246 1422 279 scenas.

271 327 578 378 difficultatem
593 363 604 384 ,
637 342 689 374 ac
724 324 1133 390 praesumptionem
1150 361 1161 381 ,
1189 341 1287 371 cum
1310 333 1503 371 constare
1528 325 1676 375 debeat
1698 327 1750 375 de

271 406 491 454 voluntate
523 404 719 467 ipsarum
744 418 933 448 uxorum
964 399 1208 466 infidelium
1228 401 1381 463 (31).»
1572 448 1574 450 ,
1672 450 1675 453 ,

324 501 327 504 ·
369 480 450 528 Ast
471 478 704 527 haedere
727 494 810 526 nec
840 493 1010 542 paucae
1043 493 1126 524 nec
1157 475 1278 524 leves
1311 475 1598 524 difficultates
1621 476 1751 529 obor-

276 567 347 605 tae
387 565 493 604 sunt
509 593 519 612 ,
561 571 674 619 quas
710 552 959 619 expendere
986 551 1120 610 libet,
1159 551 1384 617 siquidem
1418 569 1499 618 pro
1539 562 1754 617 opportu-

274 632 413 680 nitate
445 630 625 680 casibus
664 629 742 695 qui
784 628 1030 683 identidem
1059 628 1269 677 obvenire
1309 628 1480 687 solent,
1525 628 1753 678 solvendis

274 708 531 758 inservient.
608 724 611 728 ·

370 784 547 833 Etenim
582 786 627 831 1.
665 801 754 833 non
794 801 894 832 raro
930 783 1174 848 contingit,
1201 793 1251 831 ut
1286 783 1366 849 qui
1398 800 1452 831 ex
1489 782 1754 832 infidelitate

274 860 334 910 ad
370 877 521 911 veram
561 860 696 909 fidem
741 870 1083 918 convertuntur,
1122 859 1273 925 plures
1307 860 1515 909 duxerint
1547 877 1712 909 uxores
1737 897 1748 918 ,

274 955 356 988 nec
398 938 488 986 nisi
528 937 606 985 uni
645 948 746 1002 post
782 937 1058 1003 baptismum
1101 936 1347 985 adhaerere
1386 947 1593 1002 possunt.
1637 937 1756 985 Hinc

273 1014 525 1082 quaesitum
542 1024 611 1063 est
625 1032 762 1080 quam
789 1032 843 1063 ex
871 1014 961 1062 illis
986 1013 1200 1071 debeant,
1230 1023 1308 1061 aut
1334 1013 1512 1078 possint
1541 1013 1755 1071 retinere,
1801 1024 1803 1026 ’

276 1108 483 1159 quasque
503 1090 761 1139 dimittere?
785 1091 983 1140 Profecto
1001 1091 1041 1139 si
1058 1108 1213 1140 omnes
1236 1108 1398 1139 uxores
1426 1089 1530 1139 illae
1551 1090 1763 1139 christia·

275 1183 386 1217 nam'
414 1168 548 1216 fidem
582 1167 812 1232 professae
846 1167 1010 1215 suerint
1025 1205 1036 1225 ‚
1073 1166 1142 1214 vel
1181 1183 1232 1214 se
1266 1176 1448 1231 paratas
1483 1165 1675 1215 offerant
1702 1165 1760 1215 ad
1812 1226 1816 1230 ι

275 1261 376 1293 eam
395 1244 692 1310 profitendam
709 1282 720 1301 ,
747 1244 825 1309 qui
847 1259 1090 1292 conversus
1117 1252 1187 1290 est
1213 1242 1346 1290 debet
1370 1242 1560 1308 primam
1584 1242 1631 1290 in·
1655 1260 1763 1307 gen-

278 1320 436 1370 tilitate
468 1321 646 1368 ductam
685 1337 868 1370 uxorem
909 1319 1100 1367 retinere
1127 1337 1137 1376 ;
1181 1318 1291 1384 quia
1331 1319 1443 1367 haec
1477 1310 1592 1370 sola.
1614 1319 1762 1370 extitit

276 1397 476 1461 legitima
504 1413 616 1445 uxor
632 1434 643 1454 ,
673 1407 847 1445 ceterae
872 1413 978 1444 vero
1008 1413 1165 1444 omnes
1195 1396 1456 1460 illegitimae
1487 1396 1645 1445 haberi
1676 1395 1762 1448 ,de-

275 1473 397 1526 bent,
425 1475 537 1521 Nam
561 1473 684 1522 iuxta
706 1473 907 1522 divinam
935 1473 1260 1522 institutionem
1288 1474 1469 1522 nonnisi
1504 1491 1624 1522 unus
1658 1491 1762 1524 cum

275 1568 367 1600 una
397 1567 657 1617 permanere
691 1560 838 1616 potest
869 1550 992 1598 iuxta
1024 1550 1135 1598 illud
1150 1588 1161 1608 ‚
1200 1560 1241 1598 et
1275 1560 1401 1598 erunt
1434 1550 1519 1598 duo
1554 1552 1602 1598 in
1634 1568 1770 1599 carne·

277 1645 395 1685 una‚·
436 1645 524 1694 quo
559 1627 713 1676 divino
753 1637 989 1694 praecepto
1026 1627 1095 1676 vel
1137 1627 1226 1692 ipsi
1266 1627 1434 1677 ethnici
1475 1626 1759 1691 obligantur,

279 1703 419 1753 multo
443 1721 548 1753 vero
581 1703 754 1768 magis,
793 1704 833 1752 si
862 1704 1120 1770 polygamia
1154 1703 1291 1752 vetita
1325 1703 1384 1752 sit
1415 1703 1515 1751 iure
1543 1702 1758 1761 naturali,

280 1791 411 1846 prout
443 1797 534 1830 non
573 1781 705 1847 pauci
738 1780 933 1845 theologi
974 1781 1210 1838 sentiunt,
1253 1780 1375 1846 quod
1418 1797 1500 1829 nos
1540 1797 1624 1828 suo
1667 1779 1766 1829 loeo

281 1857 598 1922 expendemus.
614 1857 771 1922 Itaque
787 1857 828 1905 si
845 1857 969 1922 prior
990 1874 1102 1905 uxor
1122 1874 1274 1906 veram
1300 1856 1436 1905 fidem
1461 1855 1664 1922 amplexa
1685 1856 1762 1914 sit,

283 1942 360 1979 aut
378 1950 427 1980 se
443 1932 500 1980 ad
518 1932 640 1980 illam
659 1932 1012 1997 amplectendam
1037 1932 1245 1980 exhibeat
1261 1970 1272 1990 ,
1294 1931 1466 1998 absque
1487 1932 1629 1980 dubio
1646 1931 1767 1980 haec

284 2008 513 2056 retinenda
541 2010 625 2057 erit
647 2011 764 2073 (32).

380 2084 509 2140 Quod
543 2086 583 2133 si
617 2086 762 2151 prima
794 2086 989 2135 converti
1020 2086 1133 2134 nolit
1153 2124 1163 2143 ‚
1197 2085 1396 2152 reliquae
1426 2096 1574 2134 autem
1593 2124 1604 2144 ,
1644 2085 1767 2134 scili-

284 2170 354 2209 cet
386 2160 583 2208 secunda
599 2199 609 2219 ,
642 2163 794 2221 tertia,
828 2173 906 2211 aut
939 2174 1123 2229 quarta,
1155 2173 1336 2228 paratas
1366 2179 1415 2211 se
1445 2161 1685 2210 exhibeant
1706 2162 1764 2210 ad

279 2254 430 2286 veram
464 2237 756 2301 profitendam
785 2239 947 2297 fidem,
977 2257 1116 2305 quum
1149 2256 1307 2287 omnes
1328 2276 1339 2296 ‚
1377 2256 1431 2286 ex
1464 2238 1596 2286 dictis
1614 2277 1625 2296 ,
1664 2237 1764 2286 ille-

283 2312 466 2378 gitimae
493 2314 656 2361 fuerint
676 2332 858 2374 uxores,
887 2334 1116 2383 quumque
1139 2315 1326 2364 difficile
1343 2316 1401 2363 sit
1420 2315 1602 2364 omnino
1625 2314 1764 2364 Indos

285 2389 548 2455 praesertim
569 2389 626 2437 ad
651 2391 891 2439 secundam
915 2392 1066 2457 potius
1089 2409 1227 2458 quam
1251 2391 1309 2439 ad
1333 2390 1467 2439 aliam
1487 2391 1764 2439 retinendam

285 2482 463 2530 cogere,
485 2483 541 2513 ne
557 2466 888 2531 praepediretur
904 2468 1016 2534 ipsis
1036 2469 1185 2516 aditus
1210 2468 1267 2516 ad
1290 2466 1526 2516 ecclesiam
1541 2505 1552 2525 ,
1580 2466 1764 2515 libertas

286 2541 374 2590 hac
399 2541 447 2588 in
474 2558 523 2589 re
549 2558 660 2590 rom.
691 2542 950 2606 pontificum
979 2544 1259 2608 providentia
1289 2542 1512 2591 declarata
1536 2553 1606 2590 est
1631 2552 1766 2607 atque
1831 2553 1834 2555 ’

286 2627 472 2667 asserta.
501 2618 612 2665 Nam
635 2634 675 2666 s.
699 2617 804 2665 Pius
831 2619 881 2664 V.
905 2619 961 2666 de
996 2621 1144 2679 Indis,
1183 2637 1321 2686 penes
1348 2635 1462 2685 quos
1491 2617 1765 2684 frequentior

383 2764 450 2806 (31)
470 2764 542 2798 Lib.
560 2769 609 2798 ιο.
626 2766 803 2798 Βαναῖον.
818 2773 891 2807 pag.
909 2770 961 2799 55.

383 2817 518 2859 (anes.
532 2827 560 2851 s.
574 2818 692 2851 Thom.
710 2818 746 2851 in
759 2821 791 2851 4.
807 2819 951 2852 sentent.
967 2820 1002 2851 d.
1018 2825 1069 2854 39.
1084 2830 1140 2862 qu.
1155 2820 1252 2853 unica
1271 2820 1334 2852 art.
1351 2823 1381 2852 3.
1400 2817 1444 2851 ad
1466 2820 1497 2851 4.
1511 2825 1572 2850 nec
1591 2824 1660 2849 non
1679 2818 1760 2850 San·

286 2870 364 2905 cha
375 2844 489 2920 limfil.
502 2871 586 2914 disp.
599 2874 651 2905 73.
667 2880 701 2904 n.
714 2873 744 2904 4.
760 2872 794 2905 et
805 2876 835 2905 5.
853 2872 910 2913 qui
926 2872 1035 2914 plures
1052 2874 1169 2915 allegat
1182 2882 1242 2914 pro
1256 2873 1317 2905 hac
1330 2871 1491 2905 sententia
1510 2870 1694 2912 theologos.
