1980 3260
441 252 496 295 46
754 262 832 292 LlB.
863 261 907 291 11.
936 261 1048 291 SECT.
1079 262 1108 291 1.
1137 260 1187 290 DE
1214 260 1377 291 POTEST.
1408 261 1571 293 ECCLES.

436 339 694 387 tridentinos
727 354 917 385 canones
938 355 1022 384 non
1049 337 1103 383 ad
1122 336 1406 400 disciplinam
1426 346 1595 383 tantum
1615 376 1625 395 ‚
1659 341 1736 387 sed
1761 342 1892 388 etiam

438 416 493 462 ad
527 414 658 460 fidem
692 413 909 477 pertinere
942 414 1130 460 docent:
1170 412 1299 476 quasi
1337 429 1440 460 vero
1463 430 1604 460 canon
1630 414 1675 460 in
1698 415 1895 481 discipli-

436 508 518 536 nae
551 507 684 536 causa
716 489 862 536 editus
898 489 1175 535 anathemate
1211 487 1373 534 muniri
1410 506 1496 535 non
1526 489 1684 552 possit.
1723 491 1896 540 Nescie-

436 577 535 612 runt
553 565 805 627 Gregorium
826 565 1043 610 Iuniorem
1062 582 1162 610 oum
1180 564 1399 628 quasdam
1426 565 1544 611 circa
1568 565 1893 614 matrimonium

437 643 554 704 leges
589 641 750 703 negligi
787 640 1081 704 perspiceret,
1120 651 1167 686 ut
1201 640 1302 687 illae
1337 640 1595 704 diligentius
1628 642 1899 690 custodiren-

435 730 503 765 tur
534 735 666 781 quam
702 727 856 772 antea,
898 717 942 762 in
973 734 1153 764 romano
1188 717 1374 765 concilio
1407 718 1580 765 decreta
1613 718 1720 765 haec
1750 719 1898 766 condi-

435 794 581 841 disse:
621 795 662 839 εἰ
683 796 778 856 quis
808 804 1078 840 commatrem
1110 795 1381 857 spiritualem
1405 794 1579 840 duaeerit
1604 797 1648 840 in
1673 797 1891 858 coniuqim

439 871 667 917 anathema
700 872 785 916 sit:
820 871 862 935 si
880 871 975 933 quis
1010 871 1304 917 consobrinam
1331 888 1455 917 suam
1477 871 1652 918 dumerit
1675 873 1721 917 in
1753 873 1898 918 coniu-

436 949 506 1010 92'0
529 983 539 1000 ,
580 947 807 993 anathema
835 947 906 992 sit.
939 946 1047 1001 Quis
1084 958 1227 993 autem
1261 958 1441 1011 propter
1464 947 1767 994 denuntiatum
1797 965 1899 994 ana-

438 1023 584 1069 thema
618 1022 781 1086 duplex
805 1060 814 1078 ‚
854 1022 1014 1084 dogma
1050 1023 1151 1069 fidei
1188 1023 1350 1086 duplex
1386 1041 1411 1069 a
1447 1023 1653 1086 Gregorio
1686 1023 1899 1070 constitu-

438 1108 529 1144 tum
567 1096 822 1144 assereret?
846 1097 1140 1161 Spectandum
1165 1108 1233 1144 est
1261 1098 1306 1143 in
1332 1097 1512 1161 primis,
1541 1108 1686 1144 utrum
1715 1097 1899 1145 canonis

437 1173 623 1220 materia
657 1172 759 1219 fidei
794 1173 957 1236 dogma
989 1173 1132 1220 ferat:
1169 1190 1256 1220 non
1289 1173 1406 1219 enim
1440 1182 1583 1237 potest
1615 1172 1833 1236 quidlibet
1853 1173 1899 1218 in

439 1249 600 1313 dogma
633 1248 898 1296 catholicum
933 1249 1117 1296 evadere
1153 1250 1269 1310 (40).
1291 1269 1313 1293 »

531 1325 708 1390 Optime
740 1325 947 1389 quidem,
988 1324 1025 1371 si
1059 1342 1211 1371 verum
1245 1335 1363 1372 esset
1396 1324 1516 1388 quod
1551 1324 1651 1388 ipse
1684 1324 1896 1380 assumit,

436 1417 594 1464 nempe
617 1400 843 1463 theologos
872 1417 1069 1447 asserere
1096 1417 1308 1448 canonem
1331 1400 1524 1465 aliquem
1549 1401 1648 1449 ideo
1671 1418 1772 1448 esse
1793 1400 1902 1463 dog—

435 1476 643 1523 maticum
659 1514 668 1532 ,
699 1477 804 1540 quia
828 1476 1108 1523 anathemate
1131 1477 1347 1523 munitum
1373 1489 1572 1525 cernunt.
1611 1478 1691 1524 Ast
1722 1477 1808 1525 hoc
1835 1488 1903 1524 est

438 1552 611 1600 falsum.
651 1554 739 1600 Nec
773 1553 890 1600 enim
924 1554 1128 1616 ignorant
1161 1553 1351 1617 theologi
1383 1554 1533 1618 plures
1562 1553 1743 1619 reperiri
1769 1570 1902 1601 cano-

436 1646 515 1676 nes
539 1629 872 1693 disciplinares,
901 1630 978 1694 qui
1003 1630 1280 1677 anathemate
1314 1630 1470 1677 sanciti
1499 1630 1604 1677 sint.
1626 1631 1782 1677 Verum
1816 1629 1905 1676 cri-
1956 1683 1958 1685 ¹

437 1705 593 1751 terium
628 1706 886 1752 secernendi
922 1723 1114 1754 canones
1154 1707 1427 1769 dogmaticos
1471 1724 1498 1753 a
1537 1705 1903 1769 disciplinaribus

436 1781 674 1828 desumunt
709 1782 901 1845 theologi
936 1782 1140 1829 catholici
1183 1782 1239 1828 ab
1283 1782 1453 1829 obiecto
1495 1782 1708 1838 canonis,
1755 1799 1782 1829 a
1814 1782 1905 1828 fine

436 1875 568 1921 quem
602 1858 688 1904 sibi
723 1858 973 1922 praestituit
1004 1858 1191 1905 ecclesia
1225 1857 1270 1904 in
1305 1875 1474 1905 canone
1509 1858 1703 1914 edendo,
1743 1858 1800 1905 ab
1831 1875 1906 1906 θο-

437 1933 596 1980 clesiae
628 1935 772 1997 ipsius
808 1945 967 1982 mente.
1008 1936 1099 1981 lam
1132 1951 1235 1982 vero
1271 1935 1309 1981 si
1344 1935 1567 1982 criterium
1601 1935 1720 1981 istud
1760 1933 1905 1998 appli-

437 2026 587 2056 cemus
622 2010 779 2057 canoni
815 2011 882 2056 lv.
923 2010 979 2058 de
1012 2028 1100 2075 quo
1142 2010 1424 2076 potissimum
1467 2027 1584 2057 nuno
1623 2019 1691 2056 est
1724 2027 1869 2057 sermo
1890 2048 1901 2066 ,

439 2084 586 2130 statim
621 2086 848 2150 apparebit
887 2104 939 2133 ex
979 2086 1141 2150 triplici
1186 2086 1270 2133 hoc
1311 2086 1457 2150 capite
1496 2085 1620 2131 illum
1663 2102 1765 2132 vere
1806 2101 1908 2132 esse

440 2159 752 2222 dogmaticum.

534 2237 644 2283 Nam
678 2236 893 2284 obiectum
928 2238 1110 2286 canonis
1147 2239 1214 2285 IV.
1263 2255 1350 2285 non
1390 2248 1458 2285 est
1497 2255 1666 2284 merum
1705 2237 1902 2300 sactum,

440 2311 560 2374 quod
599 2322 675 2358 aut
709 2312 1003 2376 praecipiatur
1037 2325 1111 2361 aut
1155 2324 1345 2370 vetetur,
1390 2324 1439 2361 ut
1471 2313 1517 2359 in
1557 2311 1801 2360 canonibus
1837 2329 1906 2359 re—

440 2387 621 2434 censitis
656 2387 831 2435 concilii
867 2389 1036 2435 romani
1072 2389 1155 2436 sub
1190 2390 1397 2453 Gregorio
1429 2388 1604 2436 Iuniore
1633 2388 1796 2445 coacti,
1826 2388 1906 2435 sed

440 2473 508 2509 est
540 2464 609 2509 ius
644 2463 738 2510 sive
771 2474 967 2527 potestas
1000 2483 1088 2529 qua
1123 2465 1258 2529 pollet
1290 2465 1506 2520 ecclesia,
1538 2473 1583 2510 et
1615 2463 1795 2528 quidem
1820 2463 1908 2510 tale

441 2538 539 2593 ius,
572 2549 620 2585 ut
650 2538 695 2584 in
724 2556 776 2586 eo
812 2540 1052 2587 sanciendo
1085 2542 1266 2588 minime
1297 2558 1458 2588 amasse
1492 2539 1681 2587 ecclesia
1713 2540 1902 2587 dicatur.

443 2614 488 2659 Id
526 2631 629 2662 vero
662 2626 835 2662 constat
865 2633 918 2663 ex
946 2616 1093 2663 verbis
1124 2617 1236 2681 ipsis
1270 2617 1476 2665 canonis:
1514 2615 1595 2661 «Si
1623 2616 1726 2680 quis
1749 2615 1909 2663 dixerit

440 2691 671 2738 ecclesiam
705 2709 788 2738 non
826 2693 1015 2756 potuisse
1049 2696 1299 2741 constituere
1327 2732 1335 2740 .
1363 2731 1372 2740 .
1402 2731 1410 2739 .
1449 2692 1519 2740 vel
1563 2693 1608 2739 in
1650 2693 1708 2739 iis
1750 2692 1911 2740 consti-

528 2815 594 2855 (40)
618 2817 721 2856 Reqia
735 2817 797 2848 etc.
814 2818 896 2856 part.
916 2819 942 2848 ῐ.
964 2818 1024 2848 art.
1046 2820 1074 2848 4.
1093 2817 1123 2859 §.
1146 2821 1174 2849 4.
1197 2818 1273 2850 edit.
1296 2818 1352 2850 eit.
1372 2826 1443 2858 pag.
1466 2820 1537 2850 759.
1563 2816 1723 2857 Loquitur
1738 2816 1847 2848 autem
1869 2814 1911 2848 de

444 2876 514 2898 can.
536 2867 611 2899 trid.
632 2869 688 2900 ΙΙΙ.
707 2870 738 2900 et
756 2871 810 2901 lv.
