1980 3260
238 242 328 276 cAr.
347 243 392 276 11.
411 244 462 277 DE
482 245 622 278 rous.
642 245 778 278 rame.
796 246 879 279 ru).
896 246 979 279 cnl-
997 247 1123 279 nm«.
1139 246 1301 280 cums'r.
1318 245 1412 279 mr.
1430 246 1476 281 n.
1533 229 1638 281 3⁷,-

162 332 467 384 argumentum
500 323 618 388 quod
644 341 697 370 ex
722 324 978 372 auctoritate
1003 324 1276 390 depromitur
1300 324 1442 388 magis
1464 323 1630 387 theolo-

160 415 314 461 gorum
341 411 586 449 exterorum
616 402 859 449 sententiae
880 402 1053 457 favere,
1075 402 1151 466 qui
1172 403 1435 450 contrariam
1459 411 1624 459 teuent,

161 492 294 539 quam
329 476 545 539 gallorum
578 477 745 541 placito
769 479 888 539 (59).

258 551 417 607 Quoad
440 569 522 599 nos
547 552 750 636 quaestio
768 552 880 600 haec
902 552 1158 617 dirempta
1147 570 1233 600 iam
1257 562 1326 601 est
1351 570 1404 601 ex
1430 553 1487 601 iis
1510 557 1631 619 quae

161 626 375 674 haetenus
392 628 710 691 exposuimus,
735 629 995 692 praesertim
1014 638 1096 676 art.
1114 629 1410 693 praecedenti,
1431 645 1521 694 quo
1536 640 1630 676 tum

159 718 188 748 a
218 701 354 766 priori
389 713 476 749 tam
508 721 534 750 a
569 704 799 767 posteriori
834 704 1140 761 ostendimus,
1177 703 1299 752 nulla
1332 705 1500 752 ratione
1524 721 1630 753 con·

158 776 310 824 venire
341 783 475 841 posse
509 778 822 843 principibus
810 797 881 826 ius
906 779 1195 842 origi-narium
1231 778 1452 827 statuendi
1490 780 1630 845 impe-

159 851 356 900 dimenta
388 852 642 901 dirimentia
677 853 884 917 coniugia
919 853 1134 902 fidelium.
1175 854 1304 901 Hunc
1338 854 1630 903 nihilominus

164 927 398 976 articulum
429 928 622 975 adiicere
657 928 878 977 voluimus
913 929 968 976 ad
1004 929 1282 977 discutienda
1319 930 1504 994 propius
1538 929 1633 977 fun-

163 1003 393 1061 damenta,
431 1004 596 1069 quibus
621 1004 811 1068 theologi
845 1004 930 1052 hac
959 1005 1003 1051 in
1033 1022 1079 1052 re
1104 1005 1380 1070 principibus
1402 1005 1628 1062 faverunt,

160 1090 212 1128 ut
242 1081 385 1144 magis
418 1082 665 1130 innotescat
697 1081 872 1129 illorum
909 1081 1160 1129 infirmitas.
1185 1082 1240 1129 Ut
1274 1092 1421 1129 autem
1456 1082 1632 1147 perspi-

160 1156 311 1205 euitati
347 1157 632 1215 studeamus,
671 1157 748 1205 illa
783 1158 868 1205 hoc
901 1157 1057 1205 ordine
1082 1157 1434 1206 'distribuemus:
1468 1175 1634 1223 expen-

160 1233 319 1281 demus
339 1235 384 1281 1.
397 1234 617 1282 rationum
636 1245 858 1282 momenta
875 1235 1141 1291 intrinseca;
1166 1236 1210 1282 2.
1229 1240 1453 1282 momenta
1474 1235 1634 1282 extrin-

161 1325 293 1366 seoa;
332 1321 375 1358 et
409 1312 452 1357 3.
484 1310 695 1359 nonnulla
723 1310 1015 1397 singillatim
1005 1328 1051 1357 ιιι
1075 1310 1131 1394 cl.
1155 1310 1354 1359 Carriere
1385 1311 1630 1359 doctrinam

159 1386 577 1435 animadvertemus.

258 1463 519 1511 Profitemur
551 1466 698 1511 autem
732 1463 861 1511 nobis
897 1463 1053 1510 haud
1039 1482 1087 1510 ιιι
1113 1464 1262 1511 animo
1281 1480 1392 1510 esse
1417 1464 1632 1527 attingere

162 1556 406 1603 personas,
444 1556 558 1604 quas
597 1539 747 1587 debito
792 1539 1106 1604 prosequimur
1149 1539 1393 1604 obsequio,
1442 1556 1632 1604 cumque

161 1616 422 1663 nominatim
449 1619 580 1679 agere
609 1615 930 1663 debeamus'de
954 1616 1172 1663 sententia
1194 1615 1415 1672 Gaudere,
1444 1616 1490 1662 in
1514 1633 1633 1663 men·

164 1702 261 1739 tem·
286 1692 445 1739 iter-um
478 1692 689 1740 lectorum
723 1709 981 1740 revocamus
999 1730 1009 1748 ‚
1048 1709 1163 1757 quae
1195 1692 1252 1739 de
1285 1691 1370 1740 hoc
1404 1703 1634 1757 praestan-

161 1768 339 1817 tissimoi
369 1770 465 1817 viro
501 1769 727 1817 attulimus
745 1808 755 1825 ‚
788 1770 867 1834 qui
901 1779 1052 1834 utpote
1086 1769 1188 1834 pius
1217 1780 1259 1816 et
1287 1769 1443 1817 doetus
1466 1769 1633 1817 veritus

161 1861 250 1891 non
273 1855 362 1901 est,
392 1862 507 1910 quae
531 1848 660 1892 antea
684 1845 923 1910 scripserat
949 1845 1097 1892 minus
1131 1845 1374 1892 conformia
1406 1845 1633 1892 doctrinae

160 1919 377 1968 ecclesiae
412 1938 644 1978 romanae,
679 1921 860 1969 reiicere
882 1938 934 1968 ac
959 1926 1208 1968 retractare.
1239 1921 1449 1986 Adeoque
1470 1937 1542 1968 res
1564 1931 1634 1968 est

161 1997 218 2044 de
241 1997 336 2045 sola
359 1997 584 2055 doctrina,
612 2015 746 2063 quam
776 1998 907 2045 unice
935 1998 1230 2055 insectamur,
1258 2016 1314 2045 ne
1336 1998 1438 2063 quis
1462 1998 1509 2044 in
1533 2014 1630 2045 eam

162 2073 394 2121 incurrens
430 2085 735 2139 permoveatur
767 2075 1040 2139 argumentis
1065 2075 1228 2139 quihus
1254 2074 1632 2132 illafulcirissti„

164 2151 352 2216 parique
385 2153 674 2216 perspexerit.
699 2152 797 2208 Qua
824 2152 1124 2200 admonitione
1160 2168 1214 2200 ex
1247 2152 1416 2199 iustitia
1450 2162 1493 2200 et
1525 2151 1633 2199 cha-

162 2228 290 2275 ritate
324 2229 597 2292 praemissa,
638 2228 704 2276 sic
737 2229 824 2275 iam
861 2229 1111 2277 accedimus
1146 2229 1202 2277 ad
1238 2228 1282 2275 id
1318 2228 1437 2294 quod
1472 2245 1630 2294 propo-

163 2320 352 2351 suimus.

258 2378 526 2442 Argumenta
561 2378 803 2428 intrinseca
835 2398 887 2428 ea
921 2391 1051 2438 sunt,
1089 2397 1203 2446 quae
1237 2398 1290 2428 ex
1323 2382 1421 2446 ipsa
1456 2380 1518 2427 rei
1542 2396 1631 2444 qua

160 2454 217 2503 d'e
250 2455 422 2518 agimus
456 2465 615 2503 natura
647 2455 968 2522 el'ssorescunt;v
992 2466 1096 2510 sunt
1127 2466 1275 2504 autem
1309 2456 1419 2504 haec
1454 2454 1631 2520 potissi-

161 2548 298 2578 mum.
331 2533 376 2579 1.
400 2533 598 2581 Potestas
626 2533 747 2596 regia
772 2533 827 2580 ad
858 2532 1221 2598 tranquillitatem
1256 2533 1509 2596 bonumque
1544 2530 1631 2578 rei-

163 2608 367 2674 publicae
402 2620 470 2658 est
503 2609 784 2675 potissimum
830 2609 1063 2666 instituta;
1111 2610 1209 2658 eius
1256 2609 1440 2675 proinde
1481 2617 1551 2655 est
1583 2607 1629 2654 id

160 2686 281 2750 quod
320 2686 378 2734 ad
418 2686 550 2735 finem
599 2686 718 2734 hunc
752 2686 1038 2734 obtinendum
1084 2686 1322 2752 requiritur
1359 2684 1588 2750 providere
1615 2722 1626 2741 ‚

162 2762 411 2811 cuiusmodi
446 2774 514 2811 est
545 2763 662 2811 circa
703 2762 982 2812 matrimonia
1015 2763 1211 2812 ineunda
1244 2761 1363 2825 leges
1404 2761 1517 2809 serre
1550 2760 1627 2808 illa

257 2862 323 2901 (59)
343 2863 451 2895 Tract.
466 2863 520 2895 cit.
533 2864 613 2895 tom.
633 2864 657 2895 1.
674 2864 751 2895 sect.
766 2864 790 2895 1.
809 2865 928 2904 puncto
942 2869 972 2896 2.
991 2872 1023 2895 n.
1043 2866 1101 2895 547
1117 2870 1207 2901 seqq.
