1980 3260
374 230 431 276 18
682 241 760 272 ιιιι.
790 240 835 270 11.
865 238 978 270 secr.
1012 239 1040 268 ι.
1070 238 1121 268 nn
1157 236 1322 268 rornsr.
1351 238 1517 269 ments.

373 321 451 386 qui
484 317 684 385 perhibet
717 315 962 380 prohibitas
997 312 1252 361 christianis
1289 312 1470 375 nuptias
1489 351 1492 353 Α
1513 315 1629 360 ουιιι
1648 317 1836 380 paganis

373 395 542 450 fuisse,
580 392 683 438 dum
720 390 899 438 scribit:
943 389 1207 436 «Coronant
1246 397 1289 433 et
1323 386 1508 450 nuptiae
1528 401 1759 451 sponsos,
1791 402 1837 440 et

373 471 472 517 ideo
497 486 584 516 non
607 467 816 516 nubimus
851 466 1062 521 ethnicis,
1092 482 1147 511 ne
1171 481 1252 511 nos
1281 462 1338 509 ad
1368 461 1836 532 idololatrianfiusque
1890 455 1892 457 ¹

373 545 624 600 deducant,
664 561 691 590 a
723 560 813 606 qua
847 541 964 605 apud
1000 540 1099 586 illos
1133 539 1314 602 nuptiae
1347 537 1570 601 incipiunt
1607 539 1724 602 (11).
1734 559 1762 585 »
1772 538 1839 590 ΞΕ

374 619 556 667 iterum:
584 616 791 664 «Fideles
821 614 1050 678 gentilium
1078 613 1359 660 matrimonia
1387 612 1654 672 subeuntes,
1693 615 1838 680 stupui

375 711 473 741 reos
505 710 605 740 esse
632 700 830 746 constat,
871 700 914 736 et
947 688 1161 736 arcendos
1197 688 1252 734 ab
1286 688 1405 735 omni
1437 688 1838 746 communicatione

374 767 689 823 fraternitatis,
729 783 780 813 ex
814 765 971 812 litteris
1014 763 1214 828 Apostoli
1252 764 1463 821 dicentis,
1502 783 1599 811 cum
1632 767 1844 814 eiusmodi

372 861 446 890 nec
469 844 609 890 cibum
626 841 797 905 quidem
818 840 1085 887 sumendum.
1103 839 1205 897 Aut,
1227 840 1445 904 numquid
1466 840 1641 889 tabulas
1665 841 1839 906 nuptid—

372 918 437 965 les
470 917 542 964 die
577 917 652 964 illo
686 916 805 981 apud
838 915 1030 963 tribunal
1057 915 1234 962 Domini
1262 915 1565 980 proferemus?
1586 917 1641 963 Et
1673 917 1839 981 allega-

372 994 520 1041 bimus
554 993 673 1058 quod
705 993 844 1041 vetuit
876 991 1014 1056 ipse?
1043 993 1137 1039 Non
1165 990 1429 1038 adulterium
1457 1002 1551 1049 est,
1589 993 1708 1057 quod
1737 1010 1839 1057 pno-

373 1070 562 1117 hibitum
597 1080 689 1126 est,
719 1086 807 1115 non
832 1079 1032 1132 stuprum
1058 1079 1138 1115 est.
1168 1068 1375 1115 Extranei
1401 1067 1605 1131 hominis·
1621 1068 1839 1118 admissio

372 1146 527 1194 minus.
559 1145 770 1210 templum
801 1145 881 1191 Dei
915 1144 1068 1192 violat:
1109 1145 1256 1190 minus
1295 1143 1493 1190 membra
1533 1143 1695 1191 Christi
1736 1161 1838 1203 cum

373 1221 581 1268 membris
615 1221 841 1268 adulterae
874 1220 1140 1267 commiscet.
1182 1219 1309 1275 Quod
1345 1220 1508 1276 sciam,
1547 1236 1655 1278 non.
1683 1220 1839 1267 sumus

373 1297 539 1354 nostri,
570 1297 650 1344 sed
677 1297 818 1361 pretio
851 1296 1010 1361 empti:
1043 1307 1086 1343 et
1120 1295 1241 1360 quali
1275 1296 1415 1360 pretio
1434 1295 1458 1341 i
1492 1295 1833 1358 sanguineDei„

373 1373 612 1420 Laedentes
645 1373 781 1435 igitur
813 1389 988 1419 carnem
1022 1372 1178 1428 istam,
1217 1389 1317 1419 eum
1352 1371 1573 1419 laedimus
1606 1371 1662 1419 de
1695 1371 1839 1435 proxi-

373 1466 445 1496 mo
467 1450 616 1510 (12).»
640 1448 839 1504 Quibus,
871 1458 921 1495 ut
950 1457 1095 1513 patet,
1130 1447 1450 1505 Tertullianus,
1478 1465 1580 1495 cum
1604 1447 1761 1511 agatur
1776 1447 1840 1494 jde

374 1524 633 1588 disparitate
667 1524 810 1571 cultus
827 1562 837 1581 ,
882 1541 971 1571 non
1013 1535 1222 1588 provocat
1254 1524 1309 1571 ad
1343 1524 1462 1587 leges
1498 1523 1652 1571 civiles
1674 1560 1707 1580 ,
1723 1523 1840 1588 quae

374 1601 570 1664 profecto
603 1602 659 1648 de
691 1601 775 1648 hoc
802 1601 915 1647 nihil
944 1611 1212 1658 statuerant,
1252 1600 1331 1648 sed
1361 1601 1417 1647 ad
1447 1617 1620 1648 sacram
1644 1600 1840 1695 Scriptu-

374 1693 495 1733 ram,
529 1687 571 1723 et
599 1677 655 1723 ad
688 1677 903 1724 ecclesiae
933 1677 1295 1725 consuetudinem
1329 1677 1576 1741 legemque.

469 1752 611 1799 Testis
646 1763 873 1817 praeterea
907 1765 974 1801 est
1007 1772 1045 1801 s.
1074 1753 1291 1810 Basilius,
1326 1753 1403 1817 qui
1439 1770 1576 1815 agens
1609 1751 1708 1798 de
1697 1768 1841 1815 lmpev-

374 1826 568 1874 dimento
603 1838 696 1875 orto
730 1845 782 1875 ex
816 1830 958 1892 primo
993 1829 1221 1876 affinitatis
1256 1828 1398 1892 gradu
1427 1828 1473 1874 in
1507 1827 1628 1875 linea
1661 1826 1841 1876 collate—

473 1948 537 1988 (ιι)
557 1951 606 1980 De
622 1957 735 1981 coron.
752 1950 857 1981 milit.
873 1959 902 1982 c.
920 1952 993 1981 ΧΠ.

472 2000 538 2041 (12)
556 2001 626 2033 Lib.
643 2003 684 2033 ΙΙ.
701 2001 753 2034 Ad
764 2011 869 2035 uxor.
882 2011 952 2043 cap.
967 2004 1024 2034 111.
1039 2002 1081 2034 ad
1094 2011 1178 2043 quae
1193 2002 1290 2035 verba
1303 2002 1364 2035 boc
1378 2001 1498 2035 adiecit
1512 2001 1672 2042 Rigaltius
1684 2009 1844 2033 commen·

375 2053 505 2085 tarium.
521 2054 646 2085 “Erant
659 2054 798 2094 scilicet,
814 2064 899 2095 quae
908 2055 1034 2087 maritis
1053 2064 1117 2087 non
1134 2055 1318 2087 christianis
1331 2054 1509 2097 nuberent,
1525 2063 1563 2087 ae
1578 2053 1824 2097 nibilominus
1808 2062 1842 2085 ιιι

377 2105 517 2137 Domino
532 2105 652 2138 nubere
668 2106 847 2139 crederent:
865 2107 985 2148 nuptiis
999 2107 1151 2139 videlicet
1166 2108 1258 2139 iustis
1270 2116 1308 2139 ac
1320 2106 1491 2148 legitImis,
1508 2107 1540 2138 et
1555 2105 1732 2138 liberorum
1743 2114 1842 2155 quae-

374 2156 565 2197 teuderam,
578 2166 642 2189 non
657 2157 800 2190 libidinis
815 2167 948 2199 caussa,
967 2168 1080 2191 verum
1096 2159 1193 2191 hosce
1209 2159 1333 2191 colores
1346 2159 1442 2191 diluit
1454 2158 1696 2198 Tertullianus,
1711 2150 1844 2190 convet-

375 2218 495 2250 susque
516 2209 557 2242 ad
575 2219 730 2250 uxorem;
755 2220 820 2242 non
846 2212 924 2243 satis
944 2213 1010 2252 est,
1036 2212 1158 2252 inquit,
1177 2212 1238 2244 rite
1254 2220 1292 2244 ac
1309 2212 1452 2252 legitime
1467 2211 1634 2253 nupsisse,
1653 2210 1687 2245 et
1702 2210 1844 2252 coniugii

375 2261 473 2294 fidem
491 2263 599 2294 sancte
620 2262 776 2294 coluisse:
794 2271 853 2295 nec
864 2263 923 2294 tibi
937 2273 1082 2296 caussam
1103 2266 1177 2297 ante
1202 2265 1333 2297 Domini
1347 2264 1491 2297 tribunal
1509 2263 1648 2308 dicenti,
1665 2262 1843 2304 quicquam

376 2314 523 2355 proderit
542 2315 668 2347 tabulas
691 2316 850 2356 nuptiales
873 2317 1029 2357 proserre;
1048 2325 1121 2349 nam
1139 2317 1267 2350 tabulas
1284 2316 1471 2358 allegando,
1487 2311 1673 2356 coniugium
1688 2315 1843 2357 allegabis

374 2375 450 2400 cum
465 2367 602 2400 infideli:
619 2369 652 2400 et
665 2368 854 2409 allegatione
868 2370 925 2400 tua
942 2370 1075 2410 teipsam
1094 2369 1261 2403 damnabis
1278 2370 1419 2412 peccati,
1444 2367 1533 2410 quod
1551 2368 1668 2402 evitari
1682 2368 1844 2403 Dominus

376 2429 433 2462 per
446 2421 635 2462 Apostolum
650 2421 754 2453 iussit.
770 2421 854 2458 Quid
869 2422 954 2453 enim
969 2422 1018 2454 his
1035 2423 1158 2455 verbis:
1178 2426 1325 2456 Tantum
1343 2426 1381 2456 in
1398 2423 1547 2455 Domino
1572 2422 1710 2454 vetitum
1726 2423 1846 2464 putas?

378 2474 556 2514 stuprum?
578 2473 794 2506 adulterium?
813 2476 901 2506 Haec
921 2474 986 2506 alio
1007 2475 1137 2515 quidem
1159 2477 1263 2517 capite
1282 2477 1454 2515 vetantur,
1458 2471 1536 2506 'non'
1550 2473 1624 2507 isto.
1639 2468 1845 2507 Christianiis

379 2533 435 2557 seu
448 2525 517 2566 vir,
534 2534 589 2558 seu
611 2526 763 2566 foemina,
783 2527 939 2567 templum
954 2527 1014 2559 Dei
1032 2528 1091 2559 est.
1108 2529 1259 2561 Foemina
1273 2528 1466 2568 christiana,
1482 2536 1568 2568 quae
1580 2527 1653 2559 viro
1668 2527 1764 2560 nubit
1778 2535 1844 2560 non

377 2576 577 2618 christiano,
602 2578 760 2618 templum
787 2578 845 2610 Dei
872 2579 1085 2611 contaminari
1107 2582 1138 2612 et
1157 2580 1318 2621 inquinari
1341 2579 1479 2622 patitur;
1502 2580 1569 2612 imo
1592 2580 1721 2622 turpius
1739 2587 1844 2631 quatu

377 2627 533 2661 adultera.
547 2631 668 2670 Nempe
682 2629 779 2662 alieni
794 2630 855 2662 viri
869 2630 1022 2663 admissio
1038 2632 1193 2673 templum
1208 2632 1291 2665 illud
1308 2632 1416 2665 minus
1431 2632 1550 2673 violat,
1572 2633 1681 2667 minus
1699 2622 1845 2665 membru

375 2676 495 2714 Christi
509 2677 583 2714 cum
598 2682 752 2715 membris
766 2682 931 2716 adulterae
947 2685 1143 2717 commiscet.
1159 2686 1254 2723 Quod
1269 2687 1307 2718 ut
1322 2685 1406 2718 scias
1420 2694 1459 2718 ac
1473 2684 1643 2727 diligenter
1665 2684 1844 2727 μειρακίω

377 2733 474 2766 etiam
495 2735 594 2775 atque
611 2735 708 2768 etiam
723 2735 809 2768 volo.
825 2737 894 2769 Non
911 2745 1023 2778 sumus
1037 2738 1154 2779 nostri,
1171 2739 1227 2771 sed
1242 2739 1346 2781 pretio
1363 2738 1481 2781 empti,
1496 2740 1530 2772 et
1541 2738 1674 2781 quidem
1687 2738 1844 2781 sanguine

374 2785 445 2818 Dei.
461 2785 636 2819 Laedentes
654 2788 753 2829 igitur
767 2796 895 2821 carnem
914 2789 1008 2822 istam
1019 2814 1030 2831 ,
1043 2791 1148 2822 Deum
1164 2791 1325 2824 laedimus
1341 2790 1383 2824 de
1397 2791 1545 2833 proximo
1557 2792 1614 2833 qui
1628 2799 1758 2824 carnem
1773 2791 1845 2824 eius

375 2836 533 2872 laedimus
541 2862 550 2878 ,
566 2843 693 2872 carnem
706 2841 860 2881 sanguine
873 2841 974 2882 ipsius
985 2841 1192 2884 redemptam.
1205 2846 1292 2877 Haec
1302 2845 1436 2877 omnino
1446 2844 1507 2877 suit
1519 2851 1610 2876 mens
1621 2835 1846 2878 Tertullianiz'»
