<?xml version="1.0" encoding="UTF-8"?>
<!DOCTYPE html PUBLIC "-//W3C//DTD XHTML 1.0 Transitional//EN"
    "http://www.w3.org/TR/xhtml1/DTD/xhtml1-transitional.dtd">
<html xmlns="http://www.w3.org/1999/xhtml" xml:lang="en" lang="en">
 <head>
  <title>
</title>
<meta http-equiv="Content-Type" content="text/html;charset=utf-8" />
  <meta name='ocr-system' content='tesseract 3.04.00' />
  <meta name='ocr-capabilities' content='ocr_page ocr_carea ocr_par ocr_line ocrx_word'/>
</head>
<body>
  <div class='ocr_page' id='page_1' title='image "a603380702perruoft_0355.png"; bbox 0 0 1980 3260; ppageno 0'>
   <div class='ocr_carea' id='block_1_1' title="bbox 408 228 1613 282">
    <p class='ocr_par' dir='ltr' id='par_1_1' title="bbox 408 228 1613 282">
     <span class='ocr_line' id='line_1_1' title="bbox 408 228 1613 282; baseline -0.006 -1"><span class='ocrx_word' id='word_1_1' title='bbox 408 249 498 282; x_wconf 57' lang='lat' dir='ltr'>car.</span> <span class='ocrx_word' id='word_1_2' title='bbox 524 249 554 281; x_wconf 87' lang='lat'>1.</span> <span class='ocrx_word' id='word_1_3' title='bbox 577 248 674 281; x_wconf 70' lang='lat' dir='ltr'>ann.</span> <span class='ocrx_word' id='word_1_4' title='bbox 697 247 791 280; x_wconf 72' lang='lat' dir='ltr'>mm</span> <span class='ocrx_word' id='word_1_5' title='bbox 817 246 980 280; x_wconf 73' lang='lat' dir='ltr'>rornsr.</span> <span class='ocrx_word' id='word_1_6' title='bbox 1006 245 1171 279; x_wconf 79' lang='lat' dir='ltr'>mvius.</span> <span class='ocrx_word' id='word_1_7' title='bbox 1196 246 1288 278; x_wconf 68' lang='lat' dir='ltr'>Aur.</span> <span class='ocrx_word' id='word_1_8' title='bbox 1317 246 1347 278; x_wconf 90' lang='lat'>1.</span> <span class='ocrx_word' id='word_1_9' title='bbox 1527 228 1613 274; x_wconf 74' lang='lat'>351</span> 
     </span>
    </p>
   </div>
   <div class='ocr_carea' id='block_1_2' title="bbox 152 321 1625 469">
    <p class='ocr_par' dir='ltr' id='par_1_2' title="bbox 152 321 1625 469">
     <span class='ocr_line' id='line_1_2' title="bbox 247 321 1622 389; baseline -0.002 -15"><span class='ocrx_word' id='word_1_10' title='bbox 247 327 367 375; x_wconf 91' lang='lat' dir='ltr'>Haec</span> <span class='ocrx_word' id='word_1_11' title='bbox 389 339 432 376; x_wconf 89' lang='lat' dir='ltr'>et</span> <span class='ocrx_word' id='word_1_12' title='bbox 449 344 536 376; x_wconf 90' lang='lat' dir='ltr'>non</span> <span class='ocrx_word' id='word_1_13' title='bbox 555 326 643 375; x_wconf 91' lang='lat' dir='ltr'>alia</span> <span class='ocrx_word' id='word_1_14' title='bbox 660 343 761 374; x_wconf 89' lang='lat' dir='ltr'>esse</span> <span class='ocrx_word' id='word_1_15' title='bbox 782 326 878 373; x_wconf 90' lang='lat' dir='ltr'>iura</span> <span class='ocrx_word' id='word_1_16' title='bbox 896 324 1041 373; x_wconf 87' lang='lat' dir='ltr'>civilis</span> <span class='ocrx_word' id='word_1_17' title='bbox 1067 324 1297 389; x_wconf 90' lang='lat' dir='ltr'>potestatis</span> <span class='ocrx_word' id='word_1_18' title='bbox 1321 324 1430 372; x_wconf 89' lang='lat' dir='ltr'>satis</span> <span class='ocrx_word' id='word_1_19' title='bbox 1447 321 1504 371; x_wconf 90' lang='lat' dir='ltr'>ab</span> <span class='ocrx_word' id='word_1_20' title='bbox 1522 322 1622 388; x_wconf 90' lang='lat' dir='ltr'>ipso</span> 
     </span>
     <span class='ocr_line' id='line_1_3' title="bbox 152 399 1625 469; baseline -0.003 -18"><span class='ocrx_word' id='word_1_21' title='bbox 152 404 393 469; x_wconf 90' lang='lat' dir='ltr'>principio,</span> <span class='ocrx_word' id='word_1_22' title='bbox 415 403 536 469; x_wconf 91' lang='lat' dir='ltr'>quod</span> <span class='ocrx_word' id='word_1_23' title='bbox 556 419 692 468; x_wconf 88' lang='lat' dir='ltr'>supra</span> <span class='ocrx_word' id='word_1_24' title='bbox 717 400 948 449; x_wconf 83' lang='lat' dir='ltr'><strong>retulimus</strong></span> <span class='ocrx_word' id='word_1_25' title='bbox 971 400 1221 448; x_wconf 83' lang='lat' dir='ltr'>deducitur.</span> <span class='ocrx_word' id='word_1_26' title='bbox 1251 400 1370 448; x_wconf 88' lang='lat' dir='ltr'>Haec</span> <span class='ocrx_word' id='word_1_27' title='bbox 1393 399 1512 447; x_wconf 90' lang='lat' dir='ltr'>enim</span> <span class='ocrx_word' id='word_1_28' title='bbox 1536 399 1625 448; x_wconf 84' lang='lat' dir='ltr'>suf-</span> 
     </span>
    </p>
   </div>
   <div class='ocr_carea' id='block_1_3' title="bbox 152 488 1626 631">
    <p class='ocr_par' dir='ltr' id='par_1_3' title="bbox 152 488 1626 631">
     <span class='ocr_line' id='line_1_4' title="bbox 152 488 1626 557; baseline -0.003 -17"><span class='ocrx_word' id='word_1_29' title='bbox 152 492 308 541; x_wconf 86' lang='lat' dir='ltr'>ficiunt</span> <span class='ocrx_word' id='word_1_30' title='bbox 338 503 388 540; x_wconf 93' lang='lat' dir='ltr'>ut</span> <span class='ocrx_word' id='word_1_31' title='bbox 422 491 648 557; x_wconf 83' lang='lat' dir='ltr'>principes</span> <span class='ocrx_word' id='word_1_32' title='bbox 685 490 788 538; x_wconf 84' lang='lat' dir='ltr'>bono</span> <span class='ocrx_word' id='word_1_33' title='bbox 815 489 992 555; x_wconf 79' lang='lat' dir='ltr'>publico</span> <span class='ocrx_word' id='word_1_34' title='bbox 1035 488 1298 554; x_wconf 83' lang='lat' dir='ltr'>provideant</span> <span class='ocrx_word' id='word_1_35' title='bbox 1330 488 1375 536; x_wconf 92' lang='lat' dir='ltr'>in</span> <span class='ocrx_word' id='word_1_36' title='bbox 1410 498 1626 554; x_wconf 85' lang='lat' dir='ltr'>quantum</span> 
     </span>
     <span class='ocr_line' id='line_1_5' title="bbox 152 566 1255 631; baseline -0.005 -13"><span class='ocrx_word' id='word_1_37' title='bbox 152 569 483 618; x_wconf 81' lang='lat' dir='ltr'>matrimonium</span> <span class='ocrx_word' id='word_1_38' title='bbox 519 577 587 616; x_wconf 88' lang='lat' dir='ltr'>est</span> <span class='ocrx_word' id='word_1_39' title='bbox 621 567 666 614; x_wconf 89' lang='lat' dir='ltr'>in</span> <span class='ocrx_word' id='word_1_40' title='bbox 699 566 888 631; x_wconf 76' lang='lat' dir='ltr'>officium</span> <span class='ocrx_word' id='word_1_41' title='bbox 923 566 1255 613; x_wconf 78' lang='lat' dir='ltr'>communitatis.</span> 
     </span>
    </p>
   </div>
   <div class='ocr_carea' id='block_1_4' title="bbox 722 724 1075 762">
    <p class='ocr_par' dir='ltr' id='par_1_4' title="bbox 722 724 1075 762">
     <span class='ocr_line' id='line_1_6' title="bbox 722 724 1075 762; baseline -0.006 0"><span class='ocrx_word' id='word_1_42' title='bbox 722 725 999 762; x_wconf 85' lang='lat' dir='ltr'><strong>ARTICULUS</strong></span> <span class='ocrx_word' id='word_1_43' title='bbox 1025 724 1075 760; x_wconf 92' lang='lat'>11.</span> 
     </span>
    </p>
   </div>
   <div class='ocr_carea' id='block_1_5' title="bbox 297 836 1485 952">
    <p class='ocr_par' dir='ltr' id='par_1_5' title="bbox 297 836 1485 952">
     <span class='ocr_line' id='line_1_7' title="bbox 297 836 1485 878; baseline -0.002 0"><span class='ocrx_word' id='word_1_44' title='bbox 297 838 436 878; x_wconf 86' lang='lat' dir='ltr'>Officia</span> <span class='ocrx_word' id='word_1_45' title='bbox 464 837 685 877; x_wconf 86' lang='lat' dir='ltr'>indicantur</span> <span class='ocrx_word' id='word_1_46' title='bbox 712 838 837 876; x_wconf 90' lang='lat' dir='ltr'>civilis</span> <span class='ocrx_word' id='word_1_47' title='bbox 868 839 1060 877; x_wconf 86' lang='lat' dir='ltr'>societatis</span> <span class='ocrx_word' id='word_1_48' title='bbox 1091 838 1207 876; x_wconf 88' lang='lat' dir='ltr'>relate</span> <span class='ocrx_word' id='word_1_49' title='bbox 1228 837 1277 875; x_wconf 89' lang='lat' dir='ltr'>ad</span> <span class='ocrx_word' id='word_1_50' title='bbox 1293 836 1485 877; x_wconf 80' lang='lat' dir='ltr'>Ecclesiae</span> 
     </span>
     <span class='ocr_line' id='line_1_8' title="bbox 543 900 1248 952; baseline -0.001 -13"><span class='ocrx_word' id='word_1_51' title='bbox 543 901 645 952; x_wconf 88' lang='lat' dir='ltr'>leges</span> <span class='ocrx_word' id='word_1_52' title='bbox 669 900 717 939; x_wconf 87' lang='lat' dir='ltr'>de</span> <span class='ocrx_word' id='word_1_53' title='bbox 747 900 997 939; x_wconf 90' lang='lat' dir='ltr'>Matrimonio</span> <span class='ocrx_word' id='word_1_54' title='bbox 1023 901 1248 940; x_wconf 84' lang='lat' dir='ltr'>christiano.</span> 
     </span>
    </p>
   </div>
   <div class='ocr_carea' id='block_1_6' title="bbox 157 1015 1639 2537">
    <p class='ocr_par' dir='ltr' id='par_1_6' title="bbox 157 1015 1634 1448">
     <span class='ocr_line' id='line_1_9' title="bbox 253 1015 1630 1082; baseline -0.004 -15"><span class='ocrx_word' id='word_1_55' title='bbox 253 1021 327 1067; x_wconf 86' lang='lat' dir='ltr'>lus</span> <span class='ocrx_word' id='word_1_56' title='bbox 344 1018 466 1082; x_wconf 87' lang='lat' dir='ltr'>leges</span> <span class='ocrx_word' id='word_1_57' title='bbox 486 1015 654 1065; x_wconf 84' lang='lat' dir='ltr'>ferendi</span> <span class='ocrx_word' id='word_1_58' title='bbox 679 1015 827 1081; x_wconf 90' lang='lat' dir='ltr'>quoad</span> <span class='ocrx_word' id='word_1_59' title='bbox 852 1015 1004 1063; x_wconf 88' lang='lat' dir='ltr'>civiles</span> <span class='ocrx_word' id='word_1_60' title='bbox 1028 1015 1214 1063; x_wconf 83' lang='lat' dir='ltr'>effectus</span> <span class='ocrx_word' id='word_1_61' title='bbox 1237 1015 1508 1064; x_wconf 85' lang='lat' dir='ltr'>matrimonii</span> <span class='ocrx_word' id='word_1_62' title='bbox 1533 1015 1630 1064; x_wconf 87' lang='lat' dir='ltr'>initi</span> 
     </span>
     <span class='ocr_line' id='line_1_10' title="bbox 157 1090 1629 1158; baseline -0.004 -14"><span class='ocrx_word' id='word_1_63' title='bbox 157 1097 271 1144; x_wconf 89' lang='lat' dir='ltr'>inter</span> <span class='ocrx_word' id='word_1_64' title='bbox 299 1094 455 1142; x_wconf 87' lang='lat' dir='ltr'>fideles</span> <span class='ocrx_word' id='word_1_65' title='bbox 491 1093 548 1141; x_wconf 89' lang='lat' dir='ltr'>ad</span> <span class='ocrx_word' id='word_1_66' title='bbox 584 1092 808 1158; x_wconf 83' lang='lat' dir='ltr'>principes</span> <span class='ocrx_word' id='word_1_67' title='bbox 843 1091 1034 1156; x_wconf 86' lang='lat' dir='ltr'>pertinet</span> <span class='ocrx_word' id='word_1_68' title='bbox 1069 1091 1244 1139; x_wconf 88' lang='lat' dir='ltr'>etiamsi</span> <span class='ocrx_word' id='word_1_69' title='bbox 1279 1090 1508 1156; x_wconf 85' lang='lat' dir='ltr'>principes</span> <span class='ocrx_word' id='word_1_70' title='bbox 1541 1092 1629 1156; x_wconf 90' lang='lat' dir='ltr'>ipsi</span> 
     </span>
     <span class='ocr_line' id='line_1_11' title="bbox 157 1167 1632 1234; baseline -0.005 -12"><span class='ocrx_word' id='word_1_71' title='bbox 157 1168 309 1221; x_wconf 89' lang='lat' dir='ltr'>essent</span> <span class='ocrx_word' id='word_1_72' title='bbox 337 1170 558 1218; x_wconf 89' lang='lat' dir='ltr'>infideles.</span> <span class='ocrx_word' id='word_1_73' title='bbox 587 1169 644 1217; x_wconf 91' lang='lat' dir='ltr'>At</span> <span class='ocrx_word' id='word_1_74' title='bbox 677 1169 947 1217; x_wconf 89' lang='lat' dir='ltr'>christianus</span> <span class='ocrx_word' id='word_1_75' title='bbox 980 1168 1218 1234; x_wconf 90' lang='lat' dir='ltr'>princeps,</span> <span class='ocrx_word' id='word_1_76' title='bbox 1256 1167 1632 1234; x_wconf 81' lang='lat' dir='ltr'>quemadmodum</span> 
     </span>
     <span class='ocr_line' id='line_1_12' title="bbox 159 1244 1634 1310; baseline -0.003 -14"><span class='ocrx_word' id='word_1_77' title='bbox 159 1250 205 1296; x_wconf 91' lang='lat' dir='ltr'>in</span> <span class='ocrx_word' id='word_1_78' title='bbox 240 1247 372 1305; x_wconf 91' lang='lat' dir='ltr'>aliis,</span> <span class='ocrx_word' id='word_1_79' title='bbox 412 1247 479 1295; x_wconf 90' lang='lat' dir='ltr'>sic</span> <span class='ocrx_word' id='word_1_80' title='bbox 513 1246 646 1294; x_wconf 90' lang='lat' dir='ltr'>etiam</span> <span class='ocrx_word' id='word_1_81' title='bbox 680 1245 726 1292; x_wconf 91' lang='lat' dir='ltr'>in</span> <span class='ocrx_word' id='word_1_82' title='bbox 760 1244 896 1292; x_wconf 91' lang='lat' dir='ltr'>huius</span> <span class='ocrx_word' id='word_1_83' title='bbox 929 1244 1040 1293; x_wconf 90' lang='lat' dir='ltr'>iuris</span> <span class='ocrx_word' id='word_1_84' title='bbox 1073 1244 1282 1293; x_wconf 87' lang='lat' dir='ltr'>exercitio</span> <span class='ocrx_word' id='word_1_85' title='bbox 1304 1254 1438 1310; x_wconf 91' lang='lat' dir='ltr'>atque</span> <span class='ocrx_word' id='word_1_86' title='bbox 1462 1245 1508 1292; x_wconf 90' lang='lat' dir='ltr'>in</span> <span class='ocrx_word' id='word_1_87' title='bbox 1532 1244 1634 1292; x_wconf 84' lang='lat' dir='ltr'>uni-</span> 
     </span>
     <span class='ocr_line' id='line_1_13' title="bbox 157 1320 1634 1388; baseline -0.003 -14"><span class='ocrx_word' id='word_1_88' title='bbox 157 1342 286 1374; x_wconf 87' lang='lat' dir='ltr'>versa</span> <span class='ocrx_word' id='word_1_89' title='bbox 329 1323 607 1388; x_wconf 81' lang='lat' dir='ltr'>legislatione</span> <span class='ocrx_word' id='word_1_90' title='bbox 653 1320 968 1369; x_wconf 90' lang='lat' dir='ltr'>matrimoniali</span> <span class='ocrx_word' id='word_1_91' title='bbox 1005 1321 1186 1386; x_wconf 89' lang='lat' dir='ltr'>propria</span> <span class='ocrx_word' id='word_1_92' title='bbox 1230 1321 1453 1387; x_wconf 86' lang='lat' dir='ltr'>quaedam</span> <span class='ocrx_word' id='word_1_93' title='bbox 1499 1320 1634 1370; x_wconf 88' lang='lat' dir='ltr'>habet</span> 
     </span>
     <span class='ocr_line' id='line_1_14' title="bbox 160 1398 601 1448; baseline -0.009 0"><span class='ocrx_word' id='word_1_94' title='bbox 160 1400 316 1448; x_wconf 90' lang='lat' dir='ltr'>munia</span> <span class='ocrx_word' id='word_1_95' title='bbox 355 1409 399 1447; x_wconf 90' lang='lat' dir='ltr'>et</span> <span class='ocrx_word' id='word_1_96' title='bbox 436 1398 601 1447; x_wconf 82' lang='lat' dir='ltr'>officia.</span> 
     </span>
    </p>

    <p class='ocr_par' dir='ltr' id='par_1_7' title="bbox 157 1472 1639 2215">
     <span class='ocr_line' id='line_1_15' title="bbox 252 1472 1631 1542; baseline -0.002 -18"><span class='ocrx_word' id='word_1_97' title='bbox 252 1476 316 1524; x_wconf 92' lang='lat' dir='ltr'>Ac</span> <span class='ocrx_word' id='word_1_98' title='bbox 343 1475 487 1542; x_wconf 90' lang='lat' dir='ltr'>primo</span> <span class='ocrx_word' id='word_1_99' title='bbox 520 1474 703 1540; x_wconf 91' lang='lat' dir='ltr'>quidem</span> <span class='ocrx_word' id='word_1_100' title='bbox 737 1473 932 1522; x_wconf 86' lang='lat' dir='ltr'>absurde</span> <span class='ocrx_word' id='word_1_101' title='bbox 965 1473 1223 1522; x_wconf 89' lang='lat' dir='ltr'>christianis</span> <span class='ocrx_word' id='word_1_102' title='bbox 1253 1472 1534 1538; x_wconf 91' lang='lat' dir='ltr'>principibus</span> <span class='ocrx_word' id='word_1_103' title='bbox 1558 1473 1631 1521; x_wconf 85' lang='lat' dir='ltr'>ius</span> 
     </span>
     <span class='ocr_line' id='line_1_16' title="bbox 157 1548 1634 1619; baseline -0.002 -19"><span class='ocrx_word' id='word_1_104' title='bbox 157 1551 383 1619; x_wconf 91' lang='lat' dir='ltr'>quoddam</span> <span class='ocrx_word' id='word_1_105' title='bbox 416 1550 691 1600; x_wconf 88' lang='lat' dir='ltr'>sacerdotale</span> <span class='ocrx_word' id='word_1_106' title='bbox 723 1550 902 1617; x_wconf 88' lang='lat' dir='ltr'>proprie</span> <span class='ocrx_word' id='word_1_107' title='bbox 932 1550 1140 1598; x_wconf 89' lang='lat' dir='ltr'>tribuitur</span> <span class='ocrx_word' id='word_1_108' title='bbox 1162 1549 1209 1596; x_wconf 90' lang='lat' dir='ltr'>in</span> <span class='ocrx_word' id='word_1_109' title='bbox 1234 1549 1383 1615; x_wconf 91' lang='lat' dir='ltr'>ipsum</span> <span class='ocrx_word' id='word_1_110' title='bbox 1406 1548 1634 1598; x_wconf 85' lang='lat' dir='ltr'>vinculum</span> 
     </span>
     <span class='ocr_line' id='line_1_17' title="bbox 157 1626 1635 1693; baseline -0.001 -17"><span class='ocrx_word' id='word_1_111' title='bbox 157 1628 430 1678; x_wconf 86' lang='lat' dir='ltr'>matrimonii</span> <span class='ocrx_word' id='word_1_112' title='bbox 464 1627 715 1677; x_wconf 89' lang='lat' dir='ltr'>christiani.</span> <span class='ocrx_word' id='word_1_113' title='bbox 739 1627 969 1693; x_wconf 86' lang='lat' dir='ltr'>Principes</span> <span class='ocrx_word' id='word_1_114' title='bbox 998 1644 1137 1693; x_wconf 92' lang='lat' dir='ltr'>quum</span> <span class='ocrx_word' id='word_1_115' title='bbox 1165 1627 1221 1674; x_wconf 89' lang='lat' dir='ltr'>ad</span> <span class='ocrx_word' id='word_1_116' title='bbox 1250 1626 1540 1675; x_wconf 89' lang='lat' dir='ltr'>christianam</span> <span class='ocrx_word' id='word_1_117' title='bbox 1564 1642 1635 1674; x_wconf 85' lang='lat' dir='ltr'>re·-</span> 
     </span>
     <span class='ocr_line' id='line_1_18' title="bbox 158 1702 1637 1770; baseline -0.001 -18"><span class='ocrx_word' id='word_1_118' title='bbox 158 1705 369 1770; x_wconf 89' lang='lat' dir='ltr'>ligionem</span> <span class='ocrx_word' id='word_1_119' title='bbox 410 1714 692 1754; x_wconf 90' lang='lat' dir='ltr'>accesserunt</span> <span class='ocrx_word' id='word_1_120' title='bbox 721 1742 731 1762; x_wconf 92' lang='lat'>,</span> <span class='ocrx_word' id='word_1_121' title='bbox 774 1703 1152 1770; x_wconf 91' lang='lat' dir='ltr'>quemadmodum</span> <span class='ocrx_word' id='word_1_122' title='bbox 1187 1703 1232 1750; x_wconf 92' lang='lat' dir='ltr'>in</span> <span class='ocrx_word' id='word_1_123' title='bbox 1268 1703 1404 1768; x_wconf 91' lang='lat' dir='ltr'>priori</span> <span class='ocrx_word' id='word_1_124' title='bbox 1439 1702 1637 1752; x_wconf 88' lang='lat' dir='ltr'>sectione</span> 
     </span>
     <span class='ocr_line' id='line_1_19' title="bbox 158 1779 1638 1846; baseline -0.001 -16"><span class='ocrx_word' id='word_1_125' title='bbox 158 1783 380 1840; x_wconf 89' lang='lat' dir='ltr'>diximus,</span> <span class='ocrx_word' id='word_1_126' title='bbox 423 1781 594 1829; x_wconf 91' lang='lat' dir='ltr'>nullum</span> <span class='ocrx_word' id='word_1_127' title='bbox 630 1780 701 1829; x_wconf 92' lang='lat' dir='ltr'>ius</span> <span class='ocrx_word' id='word_1_128' title='bbox 736 1781 1076 1846; x_wconf 88' lang='lat' dir='ltr'>acquisierunt,</span> <span class='ocrx_word' id='word_1_129' title='bbox 1112 1790 1162 1829; x_wconf 92' lang='lat' dir='ltr'>ut</span> <span class='ocrx_word' id='word_1_130' title='bbox 1193 1779 1409 1829; x_wconf 89' lang='lat' dir='ltr'>ecclesiae</span> <span class='ocrx_word' id='word_1_131' title='bbox 1434 1797 1533 1828; x_wconf 87' lang='lat' dir='ltr'>eam</span> <span class='ocrx_word' id='word_1_132' title='bbox 1558 1795 1638 1845; x_wconf 89' lang='lat' dir='ltr'>po·</span> 
     </span>
     <span class='ocr_line' id='line_1_20' title="bbox 160 1856 1639 1925; baseline -0.002 -17"><span class='ocrx_word' id='word_1_133' title='bbox 160 1869 363 1908; x_wconf 87' lang='lat' dir='ltr'>testatem</span> <span class='ocrx_word' id='word_1_134' title='bbox 381 1859 628 1925; x_wconf 86' lang='lat' dir='ltr'>eriperent,</span> <span class='ocrx_word' id='word_1_135' title='bbox 651 1875 742 1924; x_wconf 91' lang='lat' dir='ltr'>qua</span> <span class='ocrx_word' id='word_1_136' title='bbox 761 1857 845 1906; x_wconf 91' lang='lat' dir='ltr'>sub</span> <span class='ocrx_word' id='word_1_137' title='bbox 870 1858 1058 1924; x_wconf 78' lang='lat' dir='ltr'>paganis</span> <span class='ocrx_word' id='word_1_138' title='bbox 1083 1857 1426 1924; x_wconf 89' lang='lat' dir='ltr'>imperatoribus</span> <span class='ocrx_word' id='word_1_139' title='bbox 1451 1856 1639 1923; x_wconf 83' lang='lat' dir='ltr'>pacifice</span> 
     </span>
     <span class='ocr_line' id='line_1_21' title="bbox 159 1932 1638 2001; baseline -0.003 -17"><span class='ocrx_word' id='word_1_140' title='bbox 159 1953 245 1984; x_wconf 91' lang='lat' dir='ltr'>usa</span> <span class='ocrx_word' id='word_1_141' title='bbox 262 1936 419 1984; x_wconf 82' lang='lat' dir='ltr'>fuerat.</span> <span class='ocrx_word' id='word_1_142' title='bbox 449 1934 745 1984; x_wconf 90' lang='lat' dir='ltr'>Sacerdotalis</span> <span class='ocrx_word' id='word_1_143' title='bbox 770 1946 918 1983; x_wconf 92' lang='lat' dir='ltr'>tamen</span> <span class='ocrx_word' id='word_1_144' title='bbox 942 1934 1271 2001; x_wconf 90' lang='lat' dir='ltr'>quodammodo</span> <span class='ocrx_word' id='word_1_145' title='bbox 1294 1934 1493 1983; x_wconf 89' lang='lat' dir='ltr'>muneris</span> <span class='ocrx_word' id='word_1_146' title='bbox 1517 1932 1638 1981; x_wconf 89' lang='lat' dir='ltr'>chri-</span> 
     </span>
     <span class='ocr_line' id='line_1_22' title="bbox 160 2011 1637 2078; baseline -0.002 -17"><span class='ocrx_word' id='word_1_147' title='bbox 160 2013 295 2061; x_wconf 90' lang='lat' dir='ltr'>stiani</span> <span class='ocrx_word' id='word_1_148' title='bbox 319 2012 549 2078; x_wconf 88' lang='lat' dir='ltr'>principes</span> <span class='ocrx_word' id='word_1_149' title='bbox 573 2012 815 2078; x_wconf 88' lang='lat' dir='ltr'>participes</span> <span class='ocrx_word' id='word_1_150' title='bbox 839 2029 940 2060; x_wconf 89' lang='lat' dir='ltr'>esse</span> <span class='ocrx_word' id='word_1_151' title='bbox 964 2021 1153 2078; x_wconf 87' lang='lat' dir='ltr'>possunt</span> <span class='ocrx_word' id='word_1_152' title='bbox 1169 2028 1222 2060; x_wconf 91' lang='lat' dir='ltr'>ac</span> <span class='ocrx_word' id='word_1_153' title='bbox 1238 2011 1402 2060; x_wconf 88' lang='lat' dir='ltr'>debent</span> <span class='ocrx_word' id='word_1_154' title='bbox 1417 2020 1637 2077; x_wconf 87' lang='lat' dir='ltr'>quatenus</span> 
     </span>
     <span class='ocr_line' id='line_1_23' title="bbox 160 2088 1637 2155; baseline -0.003 -17"><span class='ocrx_word' id='word_1_155' title='bbox 160 2089 376 2138; x_wconf 90' lang='lat' dir='ltr'>ecclesiae</span> <span class='ocrx_word' id='word_1_156' title='bbox 418 2089 644 2155; x_wconf 90' lang='lat' dir='ltr'>praesidio</span> <span class='ocrx_word' id='word_1_157' title='bbox 686 2099 825 2147; x_wconf 90' lang='lat' dir='ltr'>sunt,</span> <span class='ocrx_word' id='word_1_158' title='bbox 863 2089 1050 2154; x_wconf 89' lang='lat' dir='ltr'>eiusque</span> <span class='ocrx_word' id='word_1_159' title='bbox 1087 2088 1207 2153; x_wconf 90' lang='lat' dir='ltr'>leges</span> <span class='ocrx_word' id='word_1_160' title='bbox 1241 2088 1637 2154; x_wconf 88' lang='lat' dir='ltr'>auctoritatemque</span> 
     </span>
     <span class='ocr_line' id='line_1_24' title="bbox 162 2176 355 2215; baseline -0.005 -1"><span class='ocrx_word' id='word_1_161' title='bbox 162 2176 355 2215; x_wconf 90' lang='lat' dir='ltr'>tuentur.</span> 
     </span>
    </p>

    <p class='ocr_par' dir='ltr' id='par_1_8' title="bbox 163 2241 1639 2537">
     <span class='ocr_line' id='line_1_25' title="bbox 259 2241 1639 2309; baseline -0.001 -19"><span class='ocrx_word' id='word_1_162' title='bbox 259 2243 354 2291; x_wconf 92' lang='lat' dir='ltr'>Hoc</span> <span class='ocrx_word' id='word_1_163' title='bbox 389 2259 526 2290; x_wconf 90' lang='lat' dir='ltr'>sensu</span> <span class='ocrx_word' id='word_1_164' title='bbox 560 2242 617 2289; x_wconf 90' lang='lat' dir='ltr'>ad</span> <span class='ocrx_word' id='word_1_165' title='bbox 651 2252 929 2307; x_wconf 87' lang='lat' dir='ltr'>praesentem</span> <span class='ocrx_word' id='word_1_166' title='bbox 967 2242 1197 2290; x_wconf 88' lang='lat' dir='ltr'>materiam</span> <span class='ocrx_word' id='word_1_167' title='bbox 1232 2241 1446 2309; x_wconf 88' lang='lat' dir='ltr'>applicari</span> <span class='ocrx_word' id='word_1_168' title='bbox 1482 2243 1639 2290; x_wconf 88' lang='lat' dir='ltr'>merito</span> 
     </span>
     <span class='ocr_line' id='line_1_26' title="bbox 164 2318 1636 2384; baseline -0.001 -17"><span class='ocrx_word' id='word_1_169' title='bbox 164 2329 310 2383; x_wconf 90' lang='lat' dir='ltr'>potest</span> <span class='ocrx_word' id='word_1_170' title='bbox 341 2319 463 2384; x_wconf 93' lang='lat' dir='ltr'>quod</span> <span class='ocrx_word' id='word_1_171' title='bbox 491 2328 640 2384; x_wconf 89' lang='lat' dir='ltr'>patres</span> <span class='ocrx_word' id='word_1_172' title='bbox 675 2318 918 2382; x_wconf 82' lang='lat' dir='ltr'>generatim</span> <span class='ocrx_word' id='word_1_173' title='bbox 948 2330 1179 2376; x_wconf 90' lang='lat' dir='ltr'>asserunt;</span> <span class='ocrx_word' id='word_1_174' title='bbox 1218 2319 1426 2366; x_wconf 89' lang='lat' dir='ltr'>nimirum</span> <span class='ocrx_word' id='word_1_175' title='bbox 1462 2318 1636 2367; x_wconf 89' lang='lat' dir='ltr'>civilem</span> 
     </span>
     <span class='ocr_line' id='line_1_27' title="bbox 163 2394 1638 2461; baseline -0.001 -19"><span class='ocrx_word' id='word_1_176' title='bbox 163 2395 470 2443; x_wconf 90' lang='lat' dir='ltr'>auctoritatem</span> <span class='ocrx_word' id='word_1_177' title='bbox 498 2394 845 2443; x_wconf 88' lang='lat' dir='ltr'>christianorum</span> <span class='ocrx_word' id='word_1_178' title='bbox 869 2394 1121 2460; x_wconf 87' lang='lat' dir='ltr'>principum</span> <span class='ocrx_word' id='word_1_179' title='bbox 1145 2395 1472 2461; x_wconf 89' lang='lat' dir='ltr'>quodammodo</span> <span class='ocrx_word' id='word_1_180' title='bbox 1496 2411 1638 2441; x_wconf 84' lang='lat' dir='ltr'>sacer-</span> 
     </span>
     <span class='ocr_line' id='line_1_28' title="bbox 164 2471 1639 2537; baseline -0.001 -19"><span class='ocrx_word' id='word_1_181' title='bbox 164 2472 350 2520; x_wconf 83' lang='lat' dir='ltr'>dotalem</span> <span class='ocrx_word' id='word_1_182' title='bbox 384 2472 472 2520; x_wconf 91' lang='lat' dir='ltr'>dici</span> <span class='ocrx_word' id='word_1_183' title='bbox 508 2489 643 2537; x_wconf 87' lang='lat' dir='ltr'>posse</span> <span class='ocrx_word' id='word_1_184' title='bbox 681 2473 797 2535; x_wconf 86' lang='lat'>(10).</span> <span class='ocrx_word' id='word_1_185' title='bbox 821 2472 936 2520; x_wconf 88' lang='lat' dir='ltr'>Sane</span> <span class='ocrx_word' id='word_1_186' title='bbox 963 2490 1002 2521; x_wconf 85' lang='lat' dir='ltr'>s.</span> <span class='ocrx_word' id='word_1_187' title='bbox 1024 2473 1109 2521; x_wconf 91' lang='lat' dir='ltr'>Leo</span> <span class='ocrx_word' id='word_1_188' title='bbox 1139 2473 1196 2519; x_wconf 90' lang='lat' dir='ltr'>M.</span> <span class='ocrx_word' id='word_1_189' title='bbox 1228 2473 1320 2521; x_wconf 90' lang='lat' dir='ltr'>Deo</span> <span class='ocrx_word' id='word_1_190' title='bbox 1350 2472 1512 2536; x_wconf 89' lang='lat' dir='ltr'>gratias</span> <span class='ocrx_word' id='word_1_191' title='bbox 1547 2471 1639 2534; x_wconf 90' lang='lat' dir='ltr'>agit</span> 
     </span>
    </p>
   </div>
   <div class='ocr_carea' id='block_1_7' title="bbox 164 2594 1637 2797">
    <p class='ocr_par' dir='ltr' id='par_1_9' title="bbox 164 2594 1637 2743">
     <span class='ocr_line' id='line_1_29' title="bbox 164 2594 1637 2637; baseline -0.002 -9"><span class='ocrx_word' id='word_1_192' title='bbox 164 2595 254 2637; x_wconf 87' lang='lat' dir='ltr'>gradi</span> <span class='ocrx_word' id='word_1_193' title='bbox 269 2595 353 2628; x_wconf 83' lang='lat' dir='ltr'>delle</span> <span class='ocrx_word' id='word_1_194' title='bbox 367 2604 519 2637; x_wconf 84' lang='lat' dir='ltr'>persone,</span> <span class='ocrx_word' id='word_1_195' title='bbox 536 2595 675 2628; x_wconf 84' lang='lat' dir='ltr'>dentroi</span> <span class='ocrx_word' id='word_1_196' title='bbox 695 2595 785 2636; x_wconf 86' lang='lat' dir='ltr'>quali</span> <span class='ocrx_word' id='word_1_197' title='bbox 806 2595 854 2628; x_wconf 87' lang='lat' dir='ltr'>sia</span> <span class='ocrx_word' id='word_1_198' title='bbox 875 2595 1032 2637; x_wconf 82' lang='lat' dir='ltr'>legittimo</span> <span class='ocrx_word' id='word_1_199' title='bbox 1052 2597 1169 2637; x_wconf 86' lang='lat' dir='ltr'>questo</span> <span class='ocrx_word' id='word_1_200' title='bbox 1189 2596 1266 2629; x_wconf 81' lang='lat' dir='ltr'>civil</span> <span class='ocrx_word' id='word_1_201' title='bbox 1284 2595 1533 2628; x_wconf 84' lang='lat' dir='ltr'>contratto....le</span> <span class='ocrx_word' id='word_1_202' title='bbox 1555 2594 1637 2634; x_wconf 85' lang='lat' dir='ltr'>leggi</span> 
     </span>
     <span class='ocr_line' id='line_1_30' title="bbox 164 2645 1637 2690; baseline -0.002 -10"><span class='ocrx_word' id='word_1_203' title='bbox 164 2648 244 2680; x_wconf 78' lang='lat' dir='ltr'>fatte</span> <span class='ocrx_word' id='word_1_204' title='bbox 261 2648 315 2680; x_wconf 83' lang='lat' dir='ltr'>dai</span> <span class='ocrx_word' id='word_1_205' title='bbox 338 2648 476 2690; x_wconf 80' lang='lat' dir='ltr'>principi</span> <span class='ocrx_word' id='word_1_206' title='bbox 496 2657 554 2689; x_wconf 86' lang='lat' dir='ltr'>per</span> <span class='ocrx_word' id='word_1_207' title='bbox 572 2649 790 2689; x_wconf 84' lang='lat' dir='ltr'>regolamento</span> <span class='ocrx_word' id='word_1_208' title='bbox 811 2648 861 2681; x_wconf 88' lang='lat' dir='ltr'>de&#39;</span> <span class='ocrx_word' id='word_1_209' title='bbox 875 2648 1074 2681; x_wconf 81' lang='lat' dir='ltr'>matrimonii</span> <span class='ocrx_word' id='word_1_210' title='bbox 1089 2648 1197 2682; x_wconf 89' lang='lat' dir='ltr'>niente</span> <span class='ocrx_word' id='word_1_211' title='bbox 1211 2649 1450 2690; x_wconf 78' lang='lat' dir='ltr'>appartengono</span> <span class='ocrx_word' id='word_1_212' title='bbox 1471 2646 1535 2678; x_wconf 85' lang='lat' dir='ltr'>alla</span> <span class='ocrx_word' id='word_1_213' title='bbox 1557 2645 1637 2687; x_wconf 87' lang='lat' dir='ltr'>poli-</span> 
     </span>
     <span class='ocr_line' id='line_1_31' title="bbox 164 2700 902 2743; baseline 0.003 -11"><span class='ocrx_word' id='word_1_214' title='bbox 164 2701 229 2733; x_wconf 86' lang='lat' dir='ltr'>tica</span> <span class='ocrx_word' id='word_1_215' title='bbox 242 2700 328 2733; x_wconf 85' lang='lat' dir='ltr'>della</span> <span class='ocrx_word' id='word_1_216' title='bbox 341 2702 468 2734; x_wconf 82' lang='lat' dir='ltr'>chiesa»</span> <span class='ocrx_word' id='word_1_217' title='bbox 481 2703 562 2734; x_wconf 82' lang='lat' dir='ltr'>tom.</span> <span class='ocrx_word' id='word_1_218' title='bbox 578 2704 618 2734; x_wconf 85' lang='lat' dir='ltr'>V.</span> <span class='ocrx_word' id='word_1_219' title='bbox 633 2711 665 2743; x_wconf 91' lang='lat' dir='ltr'>p.</span> <span class='ocrx_word' id='word_1_220' title='bbox 683 2703 724 2734; x_wconf 90' lang='lat'>11.</span> <span class='ocrx_word' id='word_1_221' title='bbox 740 2710 812 2743; x_wconf 82' lang='lat' dir='ltr'>pag.</span> <span class='ocrx_word' id='word_1_222' title='bbox 829 2705 902 2735; x_wconf 78' lang='lat'><strong>485.</strong></span> 
     </span>
    </p>

    <p class='ocr_par' dir='ltr' id='par_1_10' title="bbox 262 2754 1636 2797">
     <span class='ocr_line' id='line_1_32' title="bbox 262 2754 1636 2797; baseline -0.002 -10"><span class='ocrx_word' id='word_1_223' title='bbox 262 2754 329 2795; x_wconf 90' lang='lat'>(10)</span> <span class='ocrx_word' id='word_1_224' title='bbox 351 2754 444 2795; x_wconf 83' lang='lat' dir='ltr'>Apud</span> <span class='ocrx_word' id='word_1_225' title='bbox 464 2755 619 2788; x_wconf 78' lang='lat' dir='ltr'>zacharia</span> <span class='ocrx_word' id='word_1_226' title='bbox 639 2755 741 2788; x_wconf 83' lang='lat' dir='ltr'>Sulla</span> <span class='ocrx_word' id='word_1_227' title='bbox 756 2755 892 2797; x_wconf 77' lang='lat' dir='ltr'>potesta</span> <span class='ocrx_word' id='word_1_228' title='bbox 909 2755 1114 2797; x_wconf 77' lang='lat' dir='ltr'>reqolatrice</span> <span class='ocrx_word' id='word_1_229' title='bbox 1129 2756 1225 2789; x_wconf 83' lang='lat' dir='ltr'>della</span> <span class='ocrx_word' id='word_1_230' title='bbox 1237 2754 1422 2796; x_wconf 79' lang='lat' dir='ltr'>disciplina</span> <span class='ocrx_word' id='word_1_231' title='bbox 1438 2762 1468 2794; x_wconf 92' lang='lat' dir='ltr'>p.</span> <span class='ocrx_word' id='word_1_232' title='bbox 1487 2755 1514 2785; x_wconf 87' lang='grc' dir='ltr'>Ι.</span> <span class='ocrx_word' id='word_1_233' title='bbox 1529 2754 1589 2785; x_wconf 85' lang='lat' dir='ltr'>art.</span> <span class='ocrx_word' id='word_1_234' title='bbox 1605 2756 1636 2785; x_wconf 80' lang='lat'>4.</span> 
     </span>
    </p>
   </div>
   <div class='ocr_carea' id='block_1_8' title="bbox 164 2806 1635 2901">
    <p class='ocr_par' dir='ltr' id='par_1_11' title="bbox 164 2806 1635 2901">
     <span class='ocr_line' id='line_1_33' title="bbox 164 2806 1635 2847; baseline -0.001 -8"><span class='ocrx_word' id='word_1_235' title='bbox 164 2806 195 2847; x_wconf 86' lang='lat'>§.</span> <span class='ocrx_word' id='word_1_236' title='bbox 214 2812 243 2839; x_wconf 84' lang='lat'>2.</span> <span class='ocrx_word' id='word_1_237' title='bbox 261 2809 278 2846; x_wconf 94' lang='lat'><em>(</em></span> <span class='ocrx_word' id='word_1_238' title='bbox 289 2808 454 2842; x_wconf 84' lang='lat' dir='ltr'>Raccolta</span> <span class='ocrx_word' id='word_1_239' title='bbox 473 2808 510 2842; x_wconf 73' lang='lat' dir='ltr'>di</span> <span class='ocrx_word' id='word_1_240' title='bbox 528 2808 770 2842; x_wconf 74' lang='lat' dir='ltr'>cltsscrtaziom&#39;</span> <span class='ocrx_word' id='word_1_241' title='bbox 791 2808 829 2842; x_wconf 82' lang='lat' dir='ltr'>di</span> <span class='ocrx_word' id='word_1_242' title='bbox 846 2811 957 2842; x_wconf 77' lang='lat' dir='ltr'>storia</span> <span class='ocrx_word' id='word_1_243' title='bbox 977 2809 1210 2843; x_wconf 77' lang='lat' dir='ltr'>ecclesiastica</span> <span class='ocrx_word' id='word_1_244' title='bbox 1230 2809 1308 2841; x_wconf 83' lang='lat' dir='ltr'>tom.</span> <span class='ocrx_word' id='word_1_245' title='bbox 1327 2809 1380 2839; x_wconf 85' lang='lat' dir='ltr'>lv.</span> <span class='ocrx_word' id='word_1_246' title='bbox 1395 2807 1473 2839; x_wconf 90' lang='lat' dir='ltr'>diss.</span> <span class='ocrx_word' id='word_1_247' title='bbox 1490 2808 1635 2839; x_wconf 81' lang='lat' dir='ltr'>xxvlll.</span> 
     </span>
     <span class='ocr_line' id='line_1_34' title="bbox 170 2861 375 2901; baseline 0 -10"><span class='ocrx_word' id='word_1_248' title='bbox 170 2868 242 2901; x_wconf 85' lang='lat' dir='ltr'>pag.</span> <span class='ocrx_word' id='word_1_249' title='bbox 262 2864 334 2893; x_wconf 82' lang='lat'>526.</span> <span class='ocrx_word' id='word_1_250' title='bbox 353 2861 375 2900; x_wconf 93' lang='lat'>).</span> 
     </span>
    </p>
   </div>
  </div>
 </body>
</html>
