1980 3260
350 260 440 306 138
663 264 743 297 un.
773 264 818 296 ιι.
846 262 959 296 secr.
989 262 1020 293 1.
1047 260 1099 292 mi
1131 258 1296 301 roa-esu
1323 261 1487 301 nccnns.

444 339 669 406 Quidquid
698 356 827 405 porro
855 339 914 386 sit
935 337 991 384 de
1014 335 1230 384 eiusmodi
1265 336 1656 400 speculativisvseu
1679 340 1802 388 theo-

350 420 508 470 reticis·
531 416 866 483 quaestionibus
883 452 894 473 ‚
932 431 1047 479 quae
1085 428 1326 477 numquam
1362 412 1604 476 practicam
1620 414 1803 471 {habent

347 497 550 545 effectum
569 531 579 550 ,
609 509 737 540 nemo
759 509 876 538 unus
899 489 1122 553 negaverit
1143 488 1349 551 coniugia
1382 488 1438 535 de
1472 488 1637 553 quibus
1659 491 1802 562 agitur,

348 572 525 620 insitam
572 568 797 618 includere
839 565 1159 630 turpitudinem
1192 582 1219 611 a
1251 582 1341 629 qua
1374 574 1531 622 natura
1564 565 1769 619 abhorret
1781 587 1798 624 ς

350 648 467 714 quod
488 646 557 694 vel
581 663 634 693 ex
657 645 754 710 ipso
783 643 1003 691 communi
1037 641 1233 705 gentium
1265 658 1400 688 sensu
1435 641 1566 689 facile
1596 654 1799 713 appareti,

349 741 463 789 quae
481 721 639 785 iugiter
655 720 791 768 hasce
808 718 1138 767 coniunctiones
1154 717 1393 766 detestatae
1405 727 1511 765 sunt
1527 719 1623 780 (98)
1634 755 1644 766 .
1657 718 1804 774 Quare

350 811 592 862 numquam
619 796 762 844 locum
791 794 968 851 habuit,
995 803 1071 841 aut
1092 792 1245 840 haberi
1280 793 1421 858 potuit
1451 792 1726 858 dispensatio
1748 793 1808 847 ah

348 873 536 922 ecclesia
553 873 599 919 in
618 872 703 919 hoc
736 870 1071 936 impedimento,
1099 887 1187 917 non
1211 869 1340 916 modo
1364 868 1478 916 inter
1500 869 1655 916 fideles
1673 879 1802 923 ,ante-

350 963 485 1014 quam
517 947 768 1011 coniugium
792 946 963 994 ineatur
977 983 987 1003 ‚
1017 945 1094 993 sed
1119 962 1263 1009 neque
1285 944 1431 1009 quoad
1453 945 1577 1010 ipsos
1600 945 1802 993 infideles

348 1026 405 1075 ad
446 1025 578 1073 fidem
617 1038 851 1072 conversos
868 1061 878 1080 ,
917 1022 956 1073 si
991 1022 1100 1070 forte
1132 1031 1260 1068 antea
1293 1020 1549 1084 coniugium
1581 1021 1801 1070 eiusmodi

351 1101 571 1149 iniissent.
939 1151 942 1154 ,
1329 1145 1331 1148 ,
1565 1148 1568 1149 ⁷
1615 1135 1618 1139 -
1704 1146 1708 1148 ,

442 1178 665 1225 Hactenus
698 1177 754 1224 de
784 1175 1096 1241 impedimento
1127 1172 1399 1236 cognationis
1429 1172 1476 1218 in
1504 1171 1624 1223 linea
1657 1182 1802 1229 rectag

318 1306 321 1311 Δ
349 1253 518 1318 aliquid
542 1253 839 1301 adiiciendum
856 1251 913 1298 de
934 1249 1244 1315 impedimento
1267 1249 1420 1296 eodem
1450 1248 1497 1295 in
1526 1248 1653 1299 linea-„1
1667 1266 1801 1314 quam

308 1331 615 1392 sfitranversam
646 1338 829 1385 vocant,
867 1336 1061 1391 spectato
1090 1342 1244 1389 presso
1272 1336 1456 1373 naturae
1483 1324 1713 1374 iuresNon
1735 1324 1804 1373 Vi-

349 1404 476 1453 detur
502 1404 612 1452 adeo
639 1414 806 1451 certum
830 1403 876 1448 in
898 1402 997 1466 ipso
1020 1401 1162 1466 primo
1194 1401 1334 1464 gradu
1362 1401 1498 1449 huius
1526 1400 1696 1457 lineae,
1725 1418 1802 1450 cu·

349 1479 540 1527 iusmodi
573 1489 690 1527 esset
721 1478 975 1541 coniugium
1009 1477 1123 1528 inter
1151 1477 1394 1525 fratrem‘et
1419 1486 1614 1525 sororem
1647 1476 1802 1525 haberi

350 1555 395 1601 in
430 1555 525 1603 iure
569 1553 757 1602 naturali
807 1553 1166 1618 impedimentum
1191 1551 1438 1600 dirimens.
1475 1552 1686 1602 Auctoros
1724 1551 1802 1616 qui

349 1631 437 1679 hae
455 1631 512 1678 de
534 1648 581 1678 re
603 1630 872 1695 scripserunt
894 1629 1009 1676 inter
1031 1646 1078 1676 se
1101 1629 1367 1693 disceptant;
1396 1628 1464 1675 Ad
1487 1646 1624 1677 unum
1648 1645 1803 1677 omnes

350 1707 615 1771 profitentur
638 1704 854 1753 eiusmodi
887 1704 1237 1753 coniunctionem
1266 1704 1465 1753 illicitam
1495 1720 1622 1760 esse;
1651 1712 1807 1754 verum

349 1781 470 1829 aliud
503 1791 572 1830 est
603 1780 832 1846 quidpiam
862 1790 1042 1827 naturae
1064 1780 1160 1830 iure
1181 1797 1281 1827 esse
1302 1779 1528 1837 illicitum,
1556 1779 1805 1828 aliudjvero

349 1857 538 1914 irritum,
566 1874 705 1921 quum
728 1855 911 1903 alterum
934 1873 1034 1903 cum
1062 1855 1198 1903 altero
1226 1855 1470 1903 subsistere
1493 1856 1650 1920 possit.
1668 1855 1810 1905 Plura

353 1933 467 1980 enim
494 1943 596 1980 sunt
621 1934 717 1980 iure
741 1931 931 1979 naturali
958 1931 1127 1988 illicita,
1149 1949 1266 1997 quae
1289 1943 1450 1988 tamen,
1473 1933 1512 1980 si
1536 1932 1661 1990 fiant,
1682 1932 1807 1981 irrita

352 2026 438 2056 non
472 2019 575 2057 sunt
604 2011 718 2071 (99).
748 2009 901 2073 Itaque
934 2008 1053 2055 haud
1082 2008 1214 2072 pauci
1247 2009 1500 2057 existimant
1531 2009 1810 2057 coniunctioae

352 2085 514 2132 nemin
532 2085 672 2149 primo
695 2085 837 2132 lineae
859 2084 1168 2149 obliquaeseu
1191 2084 1454 2134 collateralis
1479 2085 1635 2148 gradu,
1656 2084 1803 2133 fratris

355 2177 513 2224 nempe
544 2167 587 2207 et
618 2160 781 2209 sororis
804 2199 814 2218 ‚
853 2160 948 2209 iure
982 2170 1164 2210 naturae
1196 2160 1380 2209 minime
1411 2160 1810 2210 dirimereconiu'-⁸

447 2334 513 2377 (98)
532 2335 644 2373 Quoad
660 2338 788 2377 Persas,
804 2338 861 2378 qui
875 2339 1023 2381 coniugia
1036 2348 1110 2371 cum
1127 2338 1313 2381 parentibus
1327 2338 1568 2380 permittebant,
1577 2337 1688 2381 ipsi-'in
1700 2339 1810 2381 repre»

351 2388 535 2421 hensionem
549 2389 610 2420 hac
621 2388 662 2420 de
674 2397 770 2421 causa
783 2389 984 2423 incurrerunt
994 2401 1058 2424 non
1068 2392 1174 2425 dicam
1185 2401 1228 2425 ss.
1238 2394 1300 2425 ΡΡ.
1309 2393 1365 2425 aut
1373 2392 1661 2425 ecclesiasticorum
1669 2393 1806 2436 scripto-

353 2448 442 2481 rum,
458 2440 646 2473 Tertulliani
661 2440 694 2472 in
707 2441 880 2482 Apoloqet.
897 2452 925 2474 c.
944 2445 1012 2484 lx.;
1027 2446 1072 2476 lo.
1088 2445 1310 2486 Chrysostomi
1323 2446 1424 2477 Hom.
1439 2446 1489 2476 De
1505 2447 1702 2478 Pentecoste
1717 2444 1804 2477 circa

352 2493 465 2534 finem,
488 2493 656 2534 Augustini
686 2496 820 2531 Quaest.
838 2499 889 2526 61.
902 2495 935 2526 in
954 2496 1302 2538 Levitic.,Tlieodoreti
1321 2498 1353 2529 in
1368 2496 1425 2529 lib.
1439 2489 1490 2529 De
1513 2497 1664 2538 lembus,
1690 2489 1806 2530 verum

350 2544 447 2577 etiam
475 2545 617 2585 ipsorum
641 2546 858 2586 ethnicorum,
882 2547 1060 2580 Aristotelis
1085 2550 1222 2583 Polme.
1251 2550 1308 2582 lib.
1332 2551 1374 2581 11.
1399 2549 1495 2581 Plinii
1518 2551 1646 2582 Hister.
1672 2550 1801 2582 Natur.

350 2597 408 2629 lib.
424 2599 513 2630 vssl.
529 2607 600 2639 cap.
615 2602 667 2631 42.
682 2600 743 2631 etc.

450 2650 515 2691 (99)
536 2650 587 2682 Cf.
606 2651 791 2683 Bellarmin.
804 2654 854 2684 De
869 2655 1022 2686 macrim.
1041 2664 1112 2696 cap.
1127 2656 1211 2688 xlx.
1232 2655 1288 2688 ubi
1307 2655 1390 2688 inter
1408 2656 1515 2688 cetera
1531 2655 1654 2696 profert
1671 2655 1714 2688 ad
1734 2664 1801 2687 rein

350 2702 494 2734 nostram
507 2703 690 2744 exemplum
704 2703 984 2738 filiorumramilias
997 2708 1029 2739 et
1041 2716 1207 2741 servorum
1215 2732 1226 2747 ‚
1237 2708 1294 2749 qui
1306 2707 1455 2749 quamvis
1465 2709 1598 2748 peccent
1609 2707 1805 2749 quandoque

351 2762 390 2791 ac
406 2754 519 2787 illicite
543 2756 734 2789 contrahant
749 2757 950 2798 coniugium,
972 2759 1083 2793 invitis
1106 2760 1292 2802 parentibus
1305 2769 1345 2792 ac
1358 2760 1513 2801 dominis,
1530 2760 1742 2793 nihilominus
1755 2769 1804 2794 sc-

351 2807 413 2838 mel
428 2807 545 2840 initum
565 2809 750 2851 coniugium
763 2810 908 2843 validum
927 2813 976 2844 est
995 2821 1033 2844 ac
1052 2815 1168 2846 ratum.
1186 2814 1284 2847 Plura
1294 2813 1358 2846 alia
1369 2813 1533 2854 exempla,
1549 2814 1576 2845 si
1591 2822 1673 2854 opus
1695 2813 1807 2853 esea,

348 2859 455 2893 afferri
473 2863 610 2901 possent.
