1980 3260
351 241 441 286 172
647 252 728 284 m.
763 251 810 283 11.
844 251 958 285 sacr.
996 251 1027 282 1.
1062 249 1114 281 mi
1145 248 1311 281 rorasr.
1347 232 1516 283 scetus.

355 333 449 379 fieri
482 339 626 395 potest
657 329 714 377 de
746 329 894 378 valore
927 328 1024 376 eius
1065 327 1416 392 dispensationis
1456 337 1535 374 aut
1575 330 1820 378 sanationis

352 424 486 472 quam
522 405 716 471 pontifex
750 405 1034 454 concesserit.

904 560 1179 598 ARTICULUS
1206 561 1273 596 111.

555 687 726 727 Effectus
753 688 995 726 illustrantur
1021 687 1137 726 hulus
1164 686 1361 735 potestatis
1388 690 1472 724 tum
1500 685 1618 724 relate

689 751 740 790 ad
765 753 972 802 coniuges,
999 756 1081 790 tum
1110 751 1228 790 relate
1253 748 1302 788 ad
1326 749 1487 799 prolem.

450 873 643 921 Effectus
675 872 899 938 potissimi
925 872 1172 920 sanationis
1197 871 1243 917 in
1267 871 1416 919 radice
1439 881 1543 918 sunt
1560 908 1570 928 ,
1610 870 1746 919 relate
1773 871 1831 919 ad

357 950 567 1013 coniuges
602 948 856 1013 primitivus
900 948 1169 995 matrimonii
1206 947 1349 1012 ipsius
1386 945 1512 994 valor
1534 984 1544 1004 ,
1594 946 1732 993 relate
1772 947 1830 994 ad

356 1016 522 1092 prolem
570 1025 830 1090 legitimatio
874 1024 1151 1091 plenissima.
1202 1023 1258 1071 At
1295 1022 1459 1087 duplex
1498 1022 1600 1070 heic
1639 1023 1833 1072 occurrit

357 1102 581 1166 quaestio;
610 1119 667 1148 an
692 1101 941 1166 requiratur
973 1117 1114 1148 novus
1149 1116 1395 1147 consensus
1412 1136 1421 1154 ,
1447 1097 1519 1146 vel
1554 1098 1711 1146 saltem
1737 1116 1833 1147 mo·

356 1177 462 1225 ralis
497 1177 768 1225 continuatio
792 1194 1038 1226 consensus
1064 1175 1255 1240 primum
1279 1174 1401 1231 dati,
1429 1184 1478 1221 ut
1501 1166 1835 1222 matrimonium

356 1253 402 1300 in
427 1254 577 1302 radice
601 1265 782 1302 sanetur
804 1273 813 1301 :
852 1252 1016 1300 deinde
1039 1269 1096 1299 an
1121 1251 1381 1315 legitimatio
1406 1251 1463 1298 ad
1487 1242 1672 1299 effectus
1696 1251 1831 1299 etiam

357 1322 509 1377 civiles
545 1330 847 1393 protendatur.

453 1405 580 1461 Quod
617 1405 674 1452 ad
708 1405 896 1470 primam
920 1406 1076 1453 attinet
1108 1405 1441 1471 quaestionem,
1481 1403 1684 1452 nonnulli
1709 1421 1833 1453 reno-

353 1480 575 1528 vationem
610 1497 856 1528 consensus
892 1497 1075 1546 prorsus
1110 1482 1355 1546 requirunt.
1396 1480 1468 1527 Sic
1492 1479 1692 1528 Sanchez
1716 1479 1834 1528 inter

356 1566 558 1604 ceteros:
598 1558 740 1604 «Non
772 1557 991 1615 dicimus,
1033 1557 1211 1615 scribit,
1251 1575 1370 1605 nunc
1403 1573 1537 1622 posse
1578 1556 1835 1621 pontificem

356 1631 531 1679 efficere
553 1642 601 1679 ut
625 1632 670 1678 id
695 1633 1025 1680 matrimonium
1049 1672 1057 1680 .
1083 1672 1091 1679 .
1116 1672 1123 1680 .
1149 1650 1267 1680 nunc
1285 1633 1469 1698 incipiat
1490 1631 1640 1679 valere
1664 1631 1838 1697 absque

358 1725 471 1756 novo
514 1709 869 1756 contrahentium
903 1726 1153 1757 consensu:
1193 1709 1306 1756 haec
1338 1709 1459 1757 enim
1497 1708 1648 1756 omnia
1688 1718 1840 1774 aperte

357 1801 444 1831 non
480 1784 670 1831 subsunt
703 1784 959 1849 pontificiae
991 1784 1199 1850 potestati
1238 1786 1394 1848 (28).»
1439 1783 1734 1831 Sanchezium
1768 1801 1839 1832 se-

358 1860 510 1924 quitur
543 1860 726 1924 Pirhing
755 1862 872 1923 (29).
899 1862 1029 1908 'quta
1062 1861 1145 1909 hos
1179 1871 1381 1909 auctores
1416 1861 1591 1908 sanatio
1614 1861 1661 1907 in
1688 1860 1841 1909 radice

361 1935 416 1982 ad
445 1936 693 2000 simplicem
726 1937 1108 2003 dispensationem
1139 1949 1420 1986 revocaretur
1440 1976 1451 1995 ,
1489 1953 1571 1984 nec
1605 1936 1708 1984 dari
1743 1955 1842 1985 um-

359 2029 494 2076 quam
520 2024 670 2076 posset
698 2015 787 2062 nisi
813 2013 927 2062 inter
953 2014 1079 2063 vivos
1102 2053 1112 2071 ,
1152 2025 1195 2062 et
1224 2014 1491 2078 coniugibus
1515 2013 1764 2062 scientibus
1789 2031 1841 2062 ac

358 2089 752 2138 consentientibus.
800 2091 855 2139 At
889 2109 1029 2155 supra
1060 2091 1257 2140 vidimus
1293 2091 1571 2138 sanationem
1605 2090 1653 2137 in
1687 2090 1840 2139 radice

359 2181 387 2211 a
420 2164 611 2229 simplici
646 2166 979 2230 dispensatione
1002 2167 1207 2226 differre,
1236 2184 1289 2215 ac
1311 2168 1462 2215 datam
1486 2167 1627 2215 fuisse
1649 2177 1841 2232 utroque

359 2240 572 2304 coniuge,
613 2252 688 2288 aut
710 2243 846 2291 altero
872 2243 1027 2291 saltem
1062 2244 1205 2292 inscio
1227 2283 1237 2302 ,
1276 2255 1352 2292 aut
1374 2243 1507 2292 etiam
1542 2254 1643 2309 post
1671 2243 1841 2292 utrius-

360 2333 448 2381 que
480 2317 683 2380 coniugis
713 2318 902 2377 obitum,
930 2330 979 2368 ut
1013 2320 1161 2386 proles
1195 2321 1321 2368 fieret
1342 2320 1556 2384 legitima.
1596 2321 1753 2386 ltaque
1776 2319 1843 2367 di·

359 2392 548 2448 cendum
581 2403 652 2440 est
680 2395 1007 2443 renovationem
1043 2414 1292 2446 consensus
1328 2415 1409 2463 per
1442 2414 1491 2445 se
1525 2415 1614 2445 non
1649 2396 1835 2462 requiri,

358 2485 411 2515 eo
435 2468 534 2534 ipso
558 2469 679 2533 quod
715 2470 888 2518 sanatio
925 2472 1197 2535 primitivum
1234 2490 1502 2521 consensum
1530 2473 1765 2538 respiciat:
1793 2481 1840 2519 at

362 2562 416 2592 ea
451 2545 618 2610 requiri
655 2557 828 2610 potest,
868 2547 907 2594 si
942 2547 1057 2594 inter
1090 2549 1337 2597 sanationis
1378 2548 1684 2605 conditiones,
1729 2546 1842 2595 haec

360 2621 494 2669 etiam
514 2660 524 2679 ,
562 2622 627 2669 uti
653 2622 922 2689 quandoque
953 2624 1028 2682 fit,
1066 2636 1343 2690 apponatur;
1382 2636 1487 2673 tunc
1519 2641 1652 2681 vero,
1692 2635 1740 2672 ut
1762 2641 1843 2690 pa-

361 2707 450 2754 tet,
490 2698 574 2746 sub
608 2699 827 2747 nullitatis
862 2717 1039 2766 poena,
1079 2718 1327 2751 consensus
1362 2700 1646 2750 renovandus
1670 2710 1761 2758 est,
1800 2710 1844 2748 et

448 2819 514 2862 (28)
535 2820 607 2854 Lib.
623 2822 711 2854 VIII.
727 2821 812 2863 disp.
829 2825 861 2856 7.
875 2830 909 2856 n.
926 2825 957 2856 4.
974 2824 1007 2856 et
1021 2823 1088 2856 fere
1102 2824 1215 2857 cadem
1231 2823 1347 2866 repetit
1358 2832 1391 2857 n.
1410 2828 1440 2857 8.

447 2872 513 2914 (29)
533 2873 604 2908 Lib.
616 2876 672 2908 lv.
685 2874 772 2908 decr.
785 2875 837 2909 tit.
849 2876 950 2909 xvn.
962 2884 995 2909 n.
1006 2878 1057 2909 42.
1068 2876 1134 2910 sere
1147 2876 1190 2909 ad
1204 2876 1339 2910 verbum
1353 2875 1538 2910 describens
1551 2875 1651 2910 verba
1664 2876 1843 2910 Saneheffl.
