1980 3260
232 237 322 269 cst.
342 236 387 269 n.
411 237 462 269 DE
480 237 620 271 roms.
638 238 773 271 anc.
793 238 876 271 rm.
892 238 974 271 cm.
991 239 1116 271 nnn.
1134 237 1295 271 cunisr.
1313 237 1406 271 ΛΒΤ.
1423 237 1485 270 111.
1532 223 1619 270 3⁹9

256 315 484 364 Praeclare
512 316 718 373 omnino,
758 316 797 364 si
835 334 905 364 res
940 316 1002 364 ita
1028 333 1077 364 se
1107 315 1314 373 haberet,
1353 326 1402 364 ut
1435 315 1522 382 ipsi
1551 332 1625 383 as-

157 402 366 449 sumunt;
411 402 481 441 ast
520 392 637 441 malo
672 393 869 458 ipsorum
905 392 993 441 sato
1021 392 1355 458 fundamentum
1383 391 1502 440 istud
1536 408 1622 439 non

155 466 298 516 solum
331 467 467 515 labile
505 479 597 525 est,
635 469 717 517 'sed
751 485 895 533 neque
924 468 1155 524 subsistit,
1188 478 1317 533 prout
1350 466 1624 533 ostendimus

155 554 247 592 tum
283 544 380 591 iure
414 554 505 591 tum
542 545 673 593 facto.
703 545 802 592 Iure
826 545 1031 611 quidem,
1059 543 1350 611 irrefragabili
1375 543 1628 608 tridentino-

154 636 251 667 rum
275 636 495 667 canonum
514 620 788 677 auctoritate,
812 638 838 667 a
857 638 946 686 qua
964 620 1088 669 irrito
1115 631 1276 670 conatu
1305 637 1353 669 se
1380 619 1628 668 subducere

152 694 355 742 nituntur
387 695 658 753 adversarii,
692 696 770 761 qui
810 696 1051 745 catholicos
1086 708 1232 744 tamen
1263 713 1312 746 se
1340 695 1624 762 profitentur,

150 769 264 822 adeo
291 780 341 818 ut
366 770 548 819 omnino
584 771 777 820 violenta
816 772 874 820 sit
913 773 1097 837 quaevis
1142 772 1200 820 ab
1240 771 1387 836 ipsis,
1433 771 1628 838 Launoio

151 846 292 908 duce,
334 838 581 910 excogitata
610 848 776 896 evasio.
807 849 938 905 Facto
967 859 1154 915 autem,
1169 839 1216 895 in
1249 848 1446 896 medium
1482 846 1627 914 allatis

153 913 565 988 antiquissimorum
591 940 839 981 canonum,
861 941 1233 992 romanorumque
1256 923 1515 989 pontificum
1538 932 1629 989 sta-

152 998 287 1055 tutis,
299 998 488 1063 quibus
519 992 772 1046 dirimentia
812 962 1132 1085 iinpedimenta
1162 999 1343 1067 inducta
1373 1008 1481 1047 sunt
1502 1000 1623 1064 (87).

192 1125 196 1133 λ
249 1074 343 1122 Hoc
367 1074 502 1142 igitur
529 1074 831 1147 fundamento
840 1092 1020 1132 everso
1044 1085 1210 1125 1ta1am
1238 1076 1284 1122 in
1307 1092 1400 1123 rem
1429 1085 1626 1142 nostram

151 1141 448 1218 convertimus
490 1151 845 1203 adver-sanorum
875 1161 1222 1221 argumentum
1243 1138 1370 1218 ‚Illius
1391 1151 1537 1218 unice
1561 1160 1630 1216 est

153 1225 295 1291 legem
315 1205 506 1298 sol-vere,
540 1227 617 1293 qui
645 1245 743 1275 eam
774 1227 1002 1284 condldlt
1015 1245 1175 1297 porro
1192 1211 1381 1295 ecclesia
1404 1227 1529 1292 solda
1559 1244 1628 1275 ro-

150 1303 361 1373 manique
387 1287 619 1369 pontifices
649 1294 885 1389 potuerunt
898 1280 1031 1370 leges
1063 1305 1391 1364 matrimonium
1416 1281 1627 1369 dirimen-

152 1390 219 1433 tes
261 1379 479 1437 condere,
514 1397 567 1427 ac
606 1380 755 1446 reipsa
795 1380 1059 1437 condidere;
1098 1398 1202 1444 ergo
1241 1380 1382 1429 solius
1410 1366 1631 1445 ecclesiae

152 1451 524 1524 romanorumque
559 1456 830 1525 pontificum
852 1466 919 1503 est
960 1456 1043 1504 has
1079 1456 1203 1522 ipsas
1237 1456 1358 1520 leges
1394 1455 1591 1512 relaxare
1613 1494 1623 1512 ,

153 1549 234 1580 seu
269 1531 424 1580 tollere
457 1549 573 1598 quae
598 1531 793 1582 obstant
803 1522 1148 1617 impedimenta,
1180 1543 1229 1581 ut
1255 1532 1450 1597 legitime
1468 1533 1631 1612 coniu—

154 1607 278 1673 gium
306 1607 408 1665 iniri
437 1607 553 1654 inter
577 1607 847 1657 christianos
875 1608 1064 1677 possits
1543 1655 1562 1660 .,

250 1678 336 1730 Sed
371 1678 460 1730 ἰ3ιιι
496 1675 761 1755 accedamus
793 1676 849 1731 3(1
879 1683 1066 1732 alterum
1098 1659 1459 1748 argumentorum
1498 1663 1631 1751 caput

154 1745 524 1831 expendendum,
557 1759 678 1828 quod
697 1753 723 1807 a
743 1758 916 1824 legibus
943 1760 1186 1808 arcessitur
1209 1759 1374 1844 quibus
1403 1760 1630 1844 principes

153 1834 328 1902 veniam
357 1834 474 1882 hanc
501 1834 609 1882 dare
631 1834 921 1883 contrahendi
952 1834 1232 1899 illegitimum
1250 1836 1513 1901 coniugium
1525 1853 1631 1901 con-

154 1898 407 1959 sueverunt.
431 1900 504 1959 Sic
535 1904 667 1976 porro
697 1922 887 1976 pergunt
913 1911 1184 1960 adversam:
1208 1912 1382 1960 Rationi
1419 1912 1541 1960 sacta
1560 1929 1630 1959 re-

152 1986 390 2052 spondent.
427 1986 739 2034 Vetustissima
779 2005 972 2052 namque
1018 1987 1305 2035 historiarum
1346 1996 1630 2036 monumenta

150 2062 433 2111 versantibus
463 2063 594 2110 facile
627 2063 847 2121 occurrit,
878 2063 1017 2111 fuisse
1052 2063 1098 2110 in
1134 2081 1255 2111 more
1279 2063 1472 2128 positum
1502 2063 1631 2110 insti—

153 2148 337 2203 tutoque
375 2139 622 2196 maiorum,
667 2149 716 2187 ut
748 2157 775 2187 3
807 2139 1087 2205 principibus
1122 2150 1257 2205 atque
1287 2136 1630 2205 imperatoribus

153 2214 419 2262 iniustorum
448 2214 756 2278 coniugiorum
782 2216 912 2263 venia
939 2215 1206 2263 tribueretur
1227 2217 1345 2278 (88).

250 2290 300 2336 ld
334 2307 438 2338 vero
473 2290 662 2356 probant
694 2292 967 2340 contexendo
1004 2292 1160 2340 harum
1188 2291 1335 2357 legum
1361 2292 1625 2356 catalogum.

153 2365 403 2415 Herodotus
427 2366 473 2414 in
497 2366 631 2415 Erato
656 2378 831 2426 narrat,
860 2368 981 2433 apud
1010 2367 1345 2417 lacedaemones
1372 2368 1443 2416 ius
1468 2368 1625 2423 fuisse,

155 2453 204 2492 ut
243 2444 470 2510 principes
509 2445 566 2494 de
605 2445 776 2510 virgine
821 2446 1009 2513 eiusque
1053 2463 1218 2513 sponso
1259 2446 1355 2495 suis
1402 2445 1630 2510 rescriptis

154 2529 413 2569 statuerent.
436 2520 570 2570 Vetus
605 2538 886 2571 romanorum
916 2521 1172 2588 respublica
1204 2521 1458 2570 dirimentia
1483 2519 1632 2569 matri-

201 2687 203 2689 ’
250 2689 317 2731 (87)
337 2690 388 2724 Cf.
406 2691 562 2732 Superius
583 2691 672 2725 <licta
694 2692 727 2724 in
751 2690 851 2734 priori
871 2692 1024 2726 sectione.

252 2741 319 2783 (88)
341 2743 389 2776 lta
410 2743 540 2777 Nestius
562 2754 614 2786 op.
631 2745 664 2777 et
685 2745 747 2778 loc.
763 2744 820 2778 cit.
836 2745 890 2778 cui
908 2745 949 2780 dc
964 2754 1054 2781 more
1066 2745 1223 2778 consonat
1237 2743 1340 2784 Nuytz
1355 2742 1477 2784 pariter
1493 2742 1555 2776 loc.
1572 2742 1627 2775 cit.

154 2794 245 2879 etegit
263 2794 330 2881 ειιιίο
350 2791 462 2838 opusc.
481 2797 599 2839 Nuytz
622 2797 746 2832 a'suoi
765 2797 1008 2838 concictadim,
1026 2807 1098 2840 pag.
1119 2801 1187 2831 165.
1203 2805 1262 2831 nec
1283 2803 1348 2829 non
1368 2796 1481 2829 auctor
1504 2794 1566 2829 Del
1581 2794 1631 2827 dn·-

159 2854 189 2877 νι
223 2855 242 2879 ο
257 2855 273 2880 e
290 2856 320 2880 c.
