1980 3260
239 258 333 291 mr.
352 259 398 292 ιι.
422 257 473 291 ns
493 258 631 292 roms.
651 258 787 292 rnmc.
807 258 1418 292 rm.cm.mrn.cnmsr.1mr.
1439 259 1500 292 111.
1554 244 1642 290 417

175 354 282 404 pum
316 338 352 386 Ι.
375 354 521 401 regem
556 337 795 385 Galliarum
829 348 872 385 et
904 337 1156 385 Bertradam
1193 338 1450 386 auctoritate
1485 339 1645 387 Pasca-

173 411 232 460 {is
258 414 314 460 11.
336 413 710 478 'Quandoquidem
743 431 847 462 vero
880 413 1042 461 factum
1078 414 1196 461 istud
1230 413 1403 462 celebre
1434 415 1576 462 extitit
1600 415 1646 461 in

175 488 364 537 historia
397 499 490 536 tum
524 488 826 537 ecclesiastica
860 500 952 537 tum
986 489 1134 546 civili,
1174 490 1332 538 iuverit
1355 491 1510 555 paucis
1535 490 1645 538 illud

170 582 228 613 ex
262 564 534 612 authenticis
571 565 768 612 fontibus
803 582 1011 612 enarrare
1034 564 1091 613 ob
1115 566 1263 629 magni
1295 567 1507 614 momenti
1540 583 1647 614 con—

169 640 424 688 secutione:
450 656 564 704 quae
587 640 748 702 exinde
771 641 816 686 in
841 657 932 687 rem
965 651 1159 688 nostram
1193 642 1492 689 efflorescunt.
1517 641 1646 689 Hunc

171 711 305 780 porro
328 715 529 763 ordinem
554 716 931 763 consectabimur:
956 717 1000 762 1.
1022 733 1294 781 exponemus
1318 717 1645 765 matrimonium

170 791 331 838 initum
366 791 480 838 inter
513 791 746 839 Fulconem
781 792 985 839 comitem
1010 791 1374 855 Andegavensem
1408 804 1452 841 et
1479 794 1646 841 Bertra-

166 866 275 914 dam
300 866 438 914 filiam
462 866 638 914 comitis
661 867 854 915 Simonis
877 867 934 914 de
958 867 1178 924 Montfort;
1204 868 1248 913 2.
1267 868 1521 932 coniugium
1546 886 1646 916 con-

171 952 353 990 tractum
381 942 495 989 inter
519 941 776 1006 Philippum
801 952 844 989 et
865 942 1146 998 Bertradam3
1188 944 1234 989 3.
1258 960 1452 1007 quanam
1477 943 1645 990 ratione

167 1035 220 1066 se
243 1018 463 1082 gesserint
483 1017 568 1065 hoc
592 1017 638 1063 in
657 1017 833 1081 negotio
851 1017 1056 1065 Urbanus
1076 1018 1133 1066 11.
1151 1029 1195 1065 et
1211 1018 1441 1066 Pascbalis
1461 1019 1516 1064 11.
1531 1036 1623 1066 rom

171 1093 434 1149 Pontifices;
478 1095 521 1140 4.
554 1093 830 1158 inquiremus
872 1111 978 1140 num
1021 1105 1124 1156 post
1163 1094 1419 1141 huiusmodi
1453 1094 1644 1158 coniugii

168 1168 540 1226 dissolutionem,
580 1169 810 1217 Paschalis
845 1170 902 1216 II.
926 1169 1307 1234 dispensationem
1346 1171 1641 1227 concesserit,

163 1256 212 1294 et
244 1246 572 1295 matrimonium
597 1246 728 1294 fuerit
750 1263 833 1293 nec
856 1263 910 1293 ne
936 1246 1308 1310 redintegratum3
1340 1250 1384 1293 5.
1415 1247 1646 1295 corollaria

162 1322 348 1371 demum
380 1340 435 1371 ex
467 1322 552 1371 bac
586 1323 687 1370 facti
722 1322 999 1387 expositione
1031 1322 1321 1370 deducemus.

184 1398 187 1400 “
264 1398 322 1446 Ut
343 1398 479 1462 igitur
501 1415 527 1445 a
551 1398 695 1463 primo
719 1398 1024 1454 exordiamur,
1053 1398 1186 1445 refert
1219 1397 1459 1446 Ordericus
1491 1399 1644 1446 vitalis

160 1483 321 1522 auctor
344 1474 628 1541 synchronus
646 1475 774 1538 (123)
799 1474 1034 1522 Fulconem
1055 1475 1259 1522 comitem
1287 1474 1643 1539 andegavensem

165 1552 389 1617 proiectae
421 1552 540 1600 vitae
573 1551 800 1599 hominem
833 1550 956 1598 binis
991 1551 1236 1616 repudiatis
1271 1552 1485 1600 uxoribus
1503 1591 1513 1609 ,
1553 1552 1646 1600 ille-

161 1627 312 1676 cebris
346 1637 526 1692 captum
561 1627 798 1675 Bertradae
832 1626 951 1675 filiae
984 1627 1178 1675 Simonis
1213 1627 1388 1676 comitis
1422 1628 1643 1677 Montforti

166 1704 405 1770 neptisque
428 1704 604 1752 comitis
629 1702 850 1751 Guillelmi
874 1703 1246 1760 eboradunensis,
1270 1721 1367 1751 eam
1391 1704 1437 1751 in
1460 1721 1642 1754 uxorem

163 1779 369 1845 petiisse.
392 1780 441 1827 In
465 1779 586 1827 hunc
619 1780 755 1827 finem
779 1796 958 1843 operam
984 1779 1250 1844 interposuit
1278 1779 1406 1827 ducis
1435 1779 1644 1828 Norman-

160 1855 270 1903 diae
303 1855 480 1904 Roberti
514 1856 587 1903 cui
621 1855 756 1904 Fulco
790 1855 1003 1902 nonnulla
1037 1866 1182 1903 castra
1214 1855 1367 1903 cessit.
1390 1856 1453 1903 Ac
1496 1857 1644 1922 reipsa

159 1948 288 1988 eam,
316 1931 522 1997 quamvis
557 1931 696 1979 adhuc
734 1941 877 1978 tenera
905 1932 1057 1994 viraqo
1091 1931 1250 1979 fuisset
1277 1933 1427 1995 (124),
1455 1931 1645 1979 obtinuit

151 2007 270 2056 licet
302 2008 350 2055 in
383 2008 499 2056 vivis
545 2018 725 2072 agerent
766 2007 883 2054 duae
915 2007 1176 2072 repudiatae
1207 2007 1643 2072 uxores:«Andega-

158 2085 316 2133 vensis
358 2083 539 2141 consul,
587 2084 743 2132 scribit
786 2083 862 2131 cit.
889 2094 1046 2131 auctor
1063 2122 1073 2140 ,
1121 2084 1400 2148 concupitam
1449 2083 1642 2149 puellam

160 2160 367 2224 gaudens
399 2161 621 2225 suscepit,
658 2171 702 2208 et
732 2160 985 2208 viventibus
1027 2159 1177 2207 adhuc
1217 2160 1393 2208 duabus
1427 2160 1640 2208 uxoribus

159 2236 454 2302 desponsavit
482 2237 610 2298 (125)
629 2255 639 2293 ;
661 2236 908 2292 «Quocirca
941 2235 1074 2301 paulo
1109 2245 1208 2301 post
1231 2235 1288 2283 ab
1310 2236 1466 2284 eodem
1498 2236 1637 2284 Orde-

163 2312 256 2362 rico
290 2311 501 2360 Bertrada
533 2323 717 2360 vocatur
750 2311 922 2377 pellex,
961 2312 1094 2360 Fulco
1126 2329 1231 2361 vero
1276 2312 1448 2360 adulter
1483 2314 1629 2375 (126).

257 2486 344 2528 (123)
366 2487 404 2519 In
421 2488 513 2520 Htst.
531 2486 720 2520 ecclesiast.
737 2486 796 2520 lib.
815 2488 902 2520 vul.
920 2495 990 2529 pag.
1010 2491 1066 2520 681
1086 2494 1177 2528 seqq.

254 2540 344 2580 (124)
365 2539 450 2573 lbid.
467 2540 492 2572 1.
505 2548 536 2572 c.

260 2592 348 2633 (125)
371 2591 456 2625 lbid.

257 2645 346 2686 (126)
366 2644 450 2677 lbid.
467 2653 538 2686 pag.
557 2650 636 2678 8991
659 2645 738 2678 «Sic
757 2645 906 2686 petulans
923 2644 1046 2687 pellex
1070 2645 1274 2679 adulterum
1299 2644 1449 2676 comitem
1476 2644 1638 2684 reliquit.»

164 2696 289 2731 Exinde
314 2697 466 2730 novimus
488 2697 751 2730 coniunctionem
763 2697 919 2730 Falconis
937 2706 1013 2730 cum
1028 2697 1183 2731 Bertrada
1201 2705 1265 2729 non
1287 2696 1384 2728 fuisse
1400 2695 1461 2727 nisi
1485 2696 1637 2728 concubi-

161 2750 298 2789 natum,
322 2748 660 2790 deprehendimusque
688 2758 790 2790 quare
815 2749 976 2791 episcopi,
995 2750 1053 2791 qui
1076 2750 1202 2782 tantum
1229 2747 1452 2780 excitaverunt
1475 2756 1638 2780 rumorem

164 2801 207 2834 ob
222 2800 394 2843 repudium
407 2802 550 2843 Philippi
558 2804 592 2835 et
601 2802 756 2843 Betthae,
774 2811 953 2844 numquam
969 2802 1211 2836 mussitaverint
1225 2800 1267 2832 ob
1284 2799 1455 2840 repudium
1466 2801 1637 2833 Bertradae

164 2863 203 2886 ex
223 2855 315 2895 parte
328 2854 505 2887 Fuloensis.

274 2925 307 2960 ll
1508 2928 1550 2959 27
