1980 3260
347 286 436 333 342
663 297 745 329 Lm.
774 296 820 328 11.
850 295 963 328 sacr.
997 295 1027 327 1.
1057 296 1109 327 m:
1145 295 1310 327 rornsr.
1343 294 1510 328 nectus.

438 378 580 441 Atque
613 374 724 422 haec
757 375 814 422 de
846 373 1107 422 huiusmodi
1153 373 1398 437 coniugiis,
1447 391 1588 439 quum
1620 392 1675 424 ea
1706 378 1823 427 inter

342 453 588 502 haereticos
624 467 712 499 non
745 450 998 515 baptizatos
1034 451 1257 497 ineuntur.
1286 451 1397 497 Nam
1422 451 1570 515 quoad
1600 453 1825 504 matrimo-

342 531 417 578 nia
441 529 578 576 mixta
595 567 605 586 ,
634 545 751 593 quae
778 527 1107 575 celebrarentur
1123 526 1180 573 ab
1198 526 1371 592 aliquo,
1399 537 1476 575 aut
1499 527 1653 593 aliqua
1675 529 1827 578 istius-

340 606 462 654 modi
498 615 646 653 sectae
681 603 856 652 assecla
888 621 989 651 cum
1023 603 1242 652 catholico
1269 613 1346 651 aut
1369 604 1614 662 catholica,
1655 604 1828 671 absquo

341 682 479 730 dubio
512 681 636 729 nulla
669 699 722 729 ac
759 681 885 728 irrita
917 697 972 728 ea
1004 681 1147 728 forent
1180 680 1238 728 ob
1270 680 1639 745 impedimentum
1671 682 1828 748 dispa-

341 759 484 808 ritatis
517 758 663 807 cultus
683 797 693 816 ,
733 776 761 806 a
793 775 884 823 quo
925 757 1048 806 solus
1085 775 1297 806 romanus
1331 758 1530 822 pontifex
1561 758 1829 825 dispensare

340 846 508 902 posset.

439 912 569 969 Quod
601 929 707 960 vero
742 911 912 959 dictum
946 922 1015 959 est
1037 910 1093 957 de
1116 910 1320 959 nullitate
1348 911 1546 975 coniugii
1578 912 1695 960 inter
1716 911 1827 962 hae-

340 988 501 1037 reticos
540 998 801 1053 respuentes
834 987 1058 1052 baptisma
1092 997 1136 1035 et
1168 987 1425 1035 catholicosv
1449 987 1577 1045 initi,
1610 987 1825 1037 affirmari

339 1065 506 1131 pariter
538 1055 671 1113 debet
703 1066 760 1112 de
796 1064 1004 1128 coniugio
1039 1064 1259 1112 celebrato
1284 1064 1343 1111 ab
1372 1064 1612 1112 haereticis
1647 1064 1824 1113 alienae

339 1152 510 1200 sectae,
546 1142 624 1207 qui
658 1142 872 1207 baptizati
907 1152 1032 1198 sunt,
1066 1159 1167 1189 cum
1195 1141 1439 1206 praedictis
1475 1141 1707 1199 sectariis,
1744 1142 1826 1207 qui

324 1219 571 1267 vchristiani
593 1219 773 1267 nomine
790 1230 918 1266 tenus
937 1218 1085 1283 ipsum
1103 1217 1376 1282 baptismum
1395 1217 1618 1265 reiiciunt.
1632 1218 1688 1265 Ut
1704 1217 1825 1266 enim

339 1313 476 1360 saepe
493 1296 690 1342 diximus
708 1333 717 1352 ‚
748 1295 959 1342 haeretici
979 1294 1056 1358 qui
1077 1311 1157 1358 per
1172 1293 1447 1358 baptismum
1468 1293 1549 1340 filii
1577 1311 1630 1342 ac
1654 1294 1824 1343 subditi

337 1372 552 1419 ecclesiae
564 1372 667 1419 sacti
686 1381 804 1428 sunt,
824 1371 968 1435 ipsius
987 1370 1162 1434 legibus
1180 1370 1508 1428 devinciuntur,
1521 1387 1573 1418 ac
1590 1381 1826 1436 propterea

339 1439 593 1496 detinentur
617 1447 947 1513 impedimentis
983 1447 1296 1495 dirimentibus
1326 1447 1382 1495 ab
1411 1447 1512 1512 ipsa
1545 1447 1820 1496 constitutis.

339 1524 488 1580 Quum
521 1541 624 1572 vero
660 1524 775 1571 inter
809 1534 954 1572 cetera
985 1533 1030 1571 et
1062 1523 1183 1571 istud
1217 1523 1435 1570 habeatur
1468 1523 1526 1571 de
1556 1523 1822 1588 disparitate

338 1600 484 1648 cultus
503 1639 513 1658 ‚
553 1618 642 1666 quo
675 1601 826 1648 irritae
860 1600 972 1648 fiunt
1006 1600 1187 1665 nuptiae
1221 1600 1335 1647 inter
1367 1599 1644 1665 baptizatum
1667 1610 1712 1648 et
1731 1617 1824 1648 non

337 1677 637 1742 baptizatum,
672 1687 795 1741 patet
826 1677 1054 1742 praedicta
1089 1676 1313 1724 connubia
1347 1677 1517 1725 nullius
1551 1677 1685 1743 plane
1722 1694 1825 1726 esse

336 1753 519 1801 valoris.

434 1832 585 1878 Restat
624 1841 674 1878 ut
713 1831 770 1878 de
803 1830 1040 1879 connubiis
1074 1831 1351 1879 disseramus
1385 1847 1539 1878 eorum
1575 1830 1825 1878 haeretico-

339 1924 463 1964 rum,
494 1907 574 1972 qui
599 1907 806 1972 quamvis
842 1907 1084 1955 theoretice
1116 1907 1341 1972 baptisma
1369 1925 1458 1955 non
1487 1917 1728 1971 respuant,
1756 1916 1827 1955 at-

340 1993 486 2030 tamen
522 1983 590 2031 vel
620 2001 673 2030 ex
704 1994 936 2048 parentum
972 1984 1243 2048 negligentia
1273 1993 1350 2031 aut
1378 1982 1551 2031 malitia
1578 1992 1622 2030 et
1650 2000 1824 2047 perver-

340 2059 467 2106 sitate
500 2060 727 2107 lavacrum
758 2060 1106 2124 regenerationis
1136 2061 1396 2125 suscepisse
1419 2077 1508 2107 non
1531 2068 1729 2116 constat,
1751 2059 1822 2108 vel

339 2135 396 2183 ob
413 2136 715 2184 ministrorum
739 2137 990 2185 socordiam
1009 2155 1061 2185 ac
1079 2137 1367 2186 temeritatem
1387 2154 1476 2184 non
1495 2136 1577 2183 rite
1592 2135 1824 2200 baptisma

341 2211 562 2259 confertur
595 2213 793 2275 neglecta
826 2231 932 2262 vera
966 2214 1061 2262 sive
1084 2213 1270 2260 materia
1296 2213 1391 2261 sive
1423 2213 1566 2260 forma
1587 2211 1820 2275 (62).Hao

339 2289 387 2336 in
421 2288 663 2354 hypothesi
698 2290 825 2338 toties
861 2291 1054 2355 supponi
1089 2290 1221 2338 debet
1252 2290 1506 2355 baptisma,
1533 2289 1710 2354 quoties
1738 2306 1821 2354 po-

341 2365 485 2414 sitivis
515 2375 648 2430 atque
678 2366 1038 2415 ineluctabilibus
1073 2367 1413 2432 probationibus
1450 2383 1538 2414 non
1571 2365 1823 2414 ostenditur

342 2441 452 2489 illud
485 2452 562 2489 aut
596 2441 874 2499 nullatenus,
910 2455 986 2491 aut
1020 2461 1109 2491 non
1144 2444 1225 2491 rite
1258 2443 1400 2490 fuisse
1433 2441 1671 2490 collatum.¹
1700 2441 1822 2498 Quo-

340 2519 460 2567 circa
481 2519 528 2565 in
552 2518 688 2566 dubio
703 2557 713 2575 ,
741 2520 1116 2583 quemadmodum
1142 2519 1447 2586 praesumptio
1471 2529 1541 2567 est
1564 2536 1646 2583 pro
1672 2517 1817 2566 admi-

342 2597 528 2644 nistrato
561 2605 605 2643 et
637 2594 821 2660 quidem
857 2595 939 2643 rite
970 2596 1267 2662 baptismate,
1305 2596 1368 2644 ita
1400 2605 1445 2644 et
1476 2611 1559 2660 pro
1590 2593 1742 2643 valore
1774 2602 1820 2643 et

432 2768 498 2810 (62)
519 2768 621 2800 Prout
637 2775 732 2809 saepe
745 2767 780 2799 in
792 2767 962 2808 anglicana
978 2768 1113 2800 ecclesia
1127 2769 1315 2810 contingere
1331 2768 1395 2800 viri
1409 2767 1474 2800 fide
1493 2767 1584 2809 digni
1604 2766 1686 2799 mihi
1704 2766 1818 2800 testati

341 2821 434 2862 sunt3
455 2822 489 2854 et
514 2821 556 2854 cl.
576 2823 732 2854 Newman
754 2820 788 2852 in
810 2820 879 2853 suis
903 2821 1106 2854 sermonibus
1131 2831 1214 2863 quos
1242 2823 1276 2854 in
1301 2821 1444 2854 oratorio
1471 2820 1588 2854 habuit
1611 2819 1819 2857 confirmavit

342 2874 476 2959 fflppasm
479 2874 649 2907 dimidiam
679 2874 745 2907 fere
771 2875 894 2915 partem
912 2882 979 2907 non
1000 2883 1068 2907 esse
1089 2883 1128 2907 ex
1151 2874 1295 2908 sectariis
1315 2874 1546 2932 φρηείίοαηίε
1575 2874 1737 2916 baptismo
1755 2873 1817 2908 rite
