1980 3260
287 224 376 256 cn.
394 223 453 255 vi.
469 223 521 255 m:
539 222 662 256 MATR.
683 222 858 254 HAERET.
875 221 958 254 lNT.
975 221 1022 253 SE
1039 220 1117 252 VEL
1130 220 1215 253 CUM
1233 221 1354 253 cun..
1373 220 1465 252 Am.
1484 220 1530 253 11.
1595 206 1684 253 209

223 293 414 367 'scriptae
451 304 566 366 (19).
606 303 671 350 Ita
699 300 976 349 disserebant
1008 299 1234 364 theologi,
1272 301 1361 366 qui-
1387 301 1432 347 in
1465 299 1689 348 consulta-

223 378 365 436 tione,
403 396 519 444 quae
551 378 705 426 habita
727 389 795 426 est
818 378 863 424 in
888 394 979 426 sac.
1009 377 1347 440 congregatione
1370 375 1547 425 concilii
1571 374 1689 425 circa

221 455 415 504 valorem
453 455 785 520 coniugiorum,
819 472 935 520 quae
964 454 1011 501 in
1035 453 1273 502 Hollandia
1311 464 1353 501 et
1385 454 1431 500 in
1467 453 1690 502 foederato

221 531 373 596 Belgio
405 532 520 579 inter
551 531 799 579 haereticos
835 527 1196 588 celebrabantur,
1225 547 1304 595 pro
1328 529 1502 577 illorum
1531 529 1691 577 validi-

222 618 311 656 tate
334 608 609 673 pugnabant.
633 607 910 672 Quapropter
933 617 981 654 ut
1003 607 1120 654 idem
1145 607 1276 654 refert
1293 606 1556 654 Benedictus
1573 607 1684 653 xlv.

223 683 308 732 loc.
330 682 406 730 eit.
431 700 477 729 n.
502 683 569 737 9.,
592 681 658 729 sic
681 681 747 727 illi
768 681 998 744 urgebant.
1029 682 1074 727 Si
1103 699 1220 729 nunc
1254 682 1299 728 in
1327 682 1555 747 proposito
1582 699 1691 730 casu

222 757 590 824 pronunciaretur
612 773 692 822 pro
715 755 918 803 nullitate
940 756 1320 804 matrimoniorum
1333 773 1345 813 ·,
1368 775 1483 822 quae
1500 757 1557 804 ab
1576 755 1693 805 hete-

221 826 402 882 rddoxis
425 832 546 880 illius
571 832 766 895 regionis
795 831 967 897 absque
995 831 1250 896 praesentia
1272 831 1481 880 catholici
1506 834 1692 898 parochi

221 909 454 965 ineuntur,
494 907 539 954 in
574 907 723 956 omnia
756 906 833 954 illa
865 906 1146 954 incommoda
1196 906 1520 964 incideremus,
1578 925 1693 973 quae

221 984 450 1033 tridentini
474 992 622 1050 patres
646 983 874 1037 laudatum
891 982 1116 1030 decretum
1140 982 1425 1031 efformantes
1445 994 1567 1031 tanta
1589 1002 1691 1049 pru-

220 1060 373 1110 dentia
405 1061 569 1109 evitare
602 1060 880 1108 studuerunt.

266 1151 269 1154 ·
323 1138 439 1186 Huic
473 1137 633 1186 rationi
667 1136 827 1202 petitae
849 1153 903 1183 ex
927 1137 1027 1202 ipsa
1050 1136 1227 1184 concilii
1252 1147 1400 1184 mente
1423 1135 1539 1184 aliae
1562 1137 1695 1184 ratio—

227 1223 307 1262 nes
340 1213 581 1271 accedunt,
619 1230 732 1279 quas
767 1230 848 1278 pro
880 1211 1109 1261 validitate
1131 1213 1351 1261 eiusmodi
1386 1213 1696 1277 coniugiorum

226 1290 394 1355 pariter
425 1289 643 1353 urgebant
671 1289 717 1335 in
745 1287 947 1336 eiusdem
977 1289 1331 1353 congregationis
1356 1289 1467 1336 actis
1493 1288 1694 1337 nonnulli

225 1358 442 1429 theologi,
479 1370 683 1431 'quasque
715 1365 842 1413 hisce
874 1365 1022 1412 verbis
1057 1364 1237 1430 exponit
1259 1365 1465 1413 laudatus
1496 1365 1694 1430 pontifex

225 1442 430 1491 loc.·cit.:
453 1442 597 1507 quod,
637 1442 676 1490 si
710 1437 991 1489 matrimonia
1014 1441 1070 1489 de
1093 1441 1259 1506 quibus
1299 1441 1537 1505 agebatur,
1572 1441 1695 1488 irrita

222 1518 574 1574 declararentur,
597 1518 637 1566 si
656 1513 835 1583 quando
855 1517 993 1582 aliqui
1013 1518 1222 1581 coniuges
1242 1517 1298 1565 de
1321 1517 1570 1564 abiuranda
1594 1517 1696 1564 hae-

224 1594 313 1642 resi
340 1587 633 1651 statuissent,
660 1593 848 1658 ut‘ipsis
873 1593 1024 1641 liceret
1047 1593 1093 1639 in
1119 1593 1341 1657 coniugali
1368 1593 1577 1640 societate
1601 1611 1697 1658 per—

221 1687 427 1727 manere,
466 1687 649 1718 necesse
682 1669 898 1718 haberent
919 1687 1186 1718 consensum
1218 1687 1429 1718 renovare
1452 1687 1600 1717 coram
1624 1687 1698 1735 pa-

223 1746 360 1795 rocho
392 1745 611 1794 catholico
645 1756 689 1794 et
714 1741 896 1793 ⁴duobus
921 1746 1131 1803 testibus,
1161 1745 1358 1811 alioquin
1382 1763 1465 1810 pro
1488 1745 1697 1809 legitimis

222 1821 490 1886 coniugibus
515 1840 564 1871 se
586 1823 775 1871 invicem
800 1822 965 1870 habere
988 1839 1075 1870 non
1100 1834 1296 1887 possent.
1320 1822 1544 1878 Quantum
1567 1839 1697 1887 porro

224 1898 270 1946 in
304 1898 564 1947 huiusmodi
597 1895 844 1947 consensus
879 1898 1164 1946 renovatione
1197 1898 1442 1963 perieulum
1477 1897 1609 1954 insit,
1654 1908 1698 1944 et

222 1991 358 2041 quam
381 1975 533 2038 gravia
555 1974 835 2023 incommoda
858 1974 963 2021 inde
985 1973 1222 2021 metuenda
1244 1984 1417 2030 essent,
1450 1973 1697 2021 enarrando

217 2044 483 2115 pergebant.
502 2046 698 2098 Primum
720 2049 927 2097 videlicet
948 2049 1068 2114 quod
1093 2049 1243 2114 plures
1268 2049 1478 2113 coniuges
1493 2087 1503 2106 ,
1531 2048 1696 2114 quibus

224 2122 489 2174 catholicam
533 2125 791 2189 religionem
835 2125 1129 2190 amplectendi
1175 2125 1445 2173 desiderium
1490 2126 1658 2173 inesset
1685 2164 1694 2183 ‚

218 2198 335 2248 illud
368 2201 557 2249 fortasse
580 2200 848 2258 abi'icerent‚
876 2201 1099 2266 utrimque
1132 2212 1401 2259 metuentes,
1430 2219 1486 2249 ne
1509 2202 1619 2249 alter
1642 2202 1698 2249 ab

222 2274 361 2326 altero
373 2315 383 2335 ,
404 2294 508 2325 cum
525 2294 615 2342 quo
631 2276 868 2325 multorum
886 2295 1102 2326 annorum
1121 2278 1266 2344 spatio
1283 2277 1472 2326 libenter
1487 2278 1694 2336 vixisset,

319 2411 385 2453 (19)
404 2414 488 2446 Sane
501 2412 591 2446 card.
602 2414 822 2447 Pallavicinus
837 2415 898 2447 loc.
913 2415 968 2447 cit.
978 2414 1104 2447 scribit:
1117 2427 1133 2443 α
1143 2416 1180 2447 In
1194 2414 1257 2447 fine
1271 2416 1299 2448 si
1313 2415 1506 2457 disponeva‚
1520 2415 1579 2447 che
1594 2415 1616 2446 ii
1630 2424 1698 2456 pre-

221 2465 311 2498 sente
326 2464 455 2502 decreto
468 2473 581 2498 avesse
602 2465 713 2507 vigore
727 2466 761 2498 in
776 2467 926 2500 ciascuna
941 2467 1112 2509 parrochia
1126 2467 1213 2509 dopo
1232 2469 1349 2501 trenta
1361 2469 1475 2509 qim-ni
1494 2467 1548 2499 dal
1567 2467 1600 2498 dl
1615 2466 1700 2498 della

220 2516 328 2559 prima
345 2517 581 2558 publicazione.
599 2518 626 2550 ll
647 2519 707 2551 ehe
725 2518 808 2552 oltre
830 2518 871 2551 ad
893 2519 968 2552 altri
988 2519 1088 2552 buoni
1111 2519 1232 2561 etsetti,
1256 2529 1297 2552 ne
1318 2528 1433 2552 recava
1447 2528 1512 2551 uno
1527 2527 1585 2560 per
1599 2519 1700 2551 allora

208 2578 287 2605 ,που
306 2570 472 2605 ossei-vato
489 2569 533 2603 da
553 2571 629 2603 tutti
648 2582 657 2603 ε
673 2580 691 2603 e
704 2572 817 2612 questo
842 2580 897 2604 era
919 2572 1085 2605 l’ovviare
1108 2573 1162 2605 all’
1178 2574 1427 2605 inconveniente
1457 2572 1617 2605 rieordato
1644 2572 1698 2605 dal

220 2622 338 2655 LaInez
349 2631 367 2655 e
381 2622 423 2655 da
439 2622 530 2655 altri:
549 2623 637 2664 ciue,
654 2624 713 2656 che
726 2624 774 2656 fra
786 2624 829 2665 gli
844 2625 953 2658 eretici
963 2650 973 2666 ,
989 2625 999 2657 i
1015 2625 1106 2666 quali
1122 2635 1188 2658 non
1203 2625 1420 2658 ubbidiranno
1433 2634 1452 2656 a
1466 2625 1542 2666 quel
1556 2624 1698 2664 decreto,

221 2675 311 2708 niun
336 2677 560 2708 matrimonio
581 2677 618 2708 in
642 2679 808 2709 avvemre
831 2676 974 2710 sarebbe
1001 2685 1103 2717 vero,
1125 2686 1143 2710 e
1163 2680 1276 2711 niuna
1296 2679 1462 2719 proqem'e
1484 2676 1650 2717 leqicima.
1666 2677 1700 2709 Si

222 2725 380 2768 ovviava‚
391 2726 487 2768 dico,
502 2735 521 2759 a
535 2727 604 2768 cio,
620 2727 776 2769 perocche
792 2737 833 2761 ne
833 2729 918 2761 ’loro
933 2730 1019 2770 paesi
1035 2737 1099 2762 non
1114 2729 1292 2762 avrebbero
1308 2730 1370 2761 essi
1386 2728 1520 2760 lasciato
1534 2728 1699 2769 publicare

221 2777 246 2811 il
267 2751 420 2821 naorath
442 2788 461 2812 e
481 2779 548 2813 cosi
566 2789 631 2813 non
649 2781 813 2815 sarebbesi
834 2781 999 2815 verificata
1012 2782 1043 2816 la
1058 2782 1248 2816 condizione
1265 2782 1350 2815 sotto
1365 2782 1396 2815 la
1410 2782 1507 2824 quale
1523 2782 1546 2814 il
1561 2781 1699 2815 concilio

223 2829 365 2865 statuive
385 2831 436 2866 ch’
448 2832 513 2875 egli
537 2832 750 2875 obbligasse.»

310 2901 345 2939 11
1572 2907 1613 2941 14
