1980 3260
280 230 374 264 cn).
394 230 451 263 Vl.
468 231 521 263 DE
540 231 665 263 MATR.
682 231 860 263 ulmum.
880 230 964 263 ΙΝΤ.
982 231 1029 263 SE
1046 230 1127 263 vm.
1144 229 1227 262 CUM
1242 230 1364 263 GATfl.
1380 231 1473 263 ΛΒΤ.
1492 231 1537 264 11.
1596 215 1685 262 225

211 308 352 357 fuisse
386 320 658 357 contractum
696 319 916 373 tempore,
955 326 1045 374 quo
1078 318 1172 356 erat
1205 308 1349 357 facilis
1383 321 1428 357 et
1461 319 1581 358 tutus
1614 326 1689 357 ac·-

211 402 369 433 cessus
398 385 455 433 ad
490 385 734 450 parochum
765 385 1032 433 catholicum
1049 422 1059 442 ‚
1089 385 1208 432 idem
1232 386 1563 434 matrimonium
1586 403 1689 434 esse

209 462 413 517 nullum;
451 462 643 527 ideoque
677 461 790 508 nihil
823 460 1002 509 obstare
1034 461 1274 526 quominus
1311 462 1556 509 secundum
1598 478 1687 509 ma-

211 537 468 585 trimonium
498 537 554 584 ab
587 537 774 586 oratrice
808 547 1079 584 contractum
1114 554 1213 583 cum
1247 537 1341 584 viro
1375 537 1595 585 catholico
1619 555 1688 584 re-

210 613 363 662 novari
393 614 555 678 possit,
589 623 760 661 servata
787 613 933 660 'forma
966 612 1141 660 concilii
1172 613 1297 670 trid„
1326 613 1564 661 dummodo
1598 630 1686 661 non

208 689 334 737 aliud
357 689 502 737 obstet
534 689 799 736 canonicum
834 688 1252 752 impedimentum.»

307 766 490 812 Possem
519 763 608 811 alia
631 780 719 811 non
744 781 887 828 pauca
918 764 1182 812 documenta
1214 765 1433 812 eiusmodi
1468 766 1682 830 proferre,

210 851 341 906 atque
374 840 606 888 occasione
640 839 771 896 data,
807 839 896 887 alia
929 839 1062 888 etiam
1097 839 1285 887 inferius
1320 840 1529 898 asseram,
1569 859 1686 907 quae

207 917 358 966 omnia
379 916 426 963 in
450 933 586 963 unam
609 916 900 981 eamdemque
929 915 1194 963 sententiam
1228 917 1510 980 conspirant,
1551 919 1686 964 nimi-

207 1009 305 1040 rum
340 992 463 1040 nulla
495 1009 596 1040 esse
629 992 858 1055 coniugia,
896 991 1081 1056 quaein
1107 990 1260 1039 Galliis
1296 992 1455 1056 quovis
1491 1002 1686 1058 tempore

208 1067 266 1116 ab
296 1068 536 1117 haereticis
564 1068 679 1116 inter
701 1085 751 1116 se
773 1066 994 1115 celebrata
1017 1077 1145 1124 sunt,
1175 1067 1271 1115 sive
1294 1067 1566 1116 obtinuerint
1589 1069 1684 1117 sive

210 1161 299 1193 non
340 1144 610 1193 obtinuerint
644 1154 806 1192 statum
840 1161 972 1208 quem
1006 1143 1180 1192 civilem
1215 1154 1391 1192 vocant.
1429 1145 1685 1210 Apostolica

208 1221 339 1269 sedes
374 1239 551 1286 semper
583 1220 671 1268 sibi
705 1230 915 1268 constans
957 1219 1041 1267 fuit
1076 1220 1122 1266 in
1157 1221 1413 1269 reiiciendis
1448 1222 1512 1269 uti
1547 1222 1684 1270 nullis

206 1312 259 1344 ac
292 1296 505 1344 invalidis
549 1295 768 1344 eiusmodi
807 1295 1129 1343 haereticorum
1172 1297 1435 1355 connubiis,
1476 1314 1528 1345 eo
1562 1298 1683 1362 quod

208 1387 261 1419 ex
283 1389 386 1419 una
419 1382 545 1436 parte
578 1371 644 1419 illi
679 1370 926 1419 constiterit
959 1370 1016 1418 ab
1050 1371 1178 1420 initio
1223 1371 1270 1418 in
1315 1372 1539 1421 universis
1586 1390 1683 1437 pro-

205 1447 368 1496 vinciis
402 1448 627 1496 decretum
662 1447 948 1496 tridentinum
988 1449 1178 1495 Tametsi
1202 1447 1475 1512 publicatum
1512 1449 1677 1506 fuisse3

206 1541 261 1572 ex
283 1523 421 1572 altera
442 1541 547 1572 vero
570 1524 895 1572 benedictinam
923 1523 1184 1571 decretalem
1208 1542 1280 1571 an.
1306 1526 1448 1571 1741.
1472 1542 1551 1590 pro
1577 1525 1683 1574 Hol-

204 1599 378 1659 landia,
416 1600 695 1666 statibusque
727 1600 964 1648 foederatis
992 1599 1131 1664 Belgii
1161 1600 1334 1658 datam,
1363 1602 1462 1649 sine
1495 1602 1681 1667 speciali

205 1676 408 1725 eiusdem
443 1677 564 1725 sedis
598 1677 855 1725 extensione
878 1677 935 1724 ad
960 1676 1072 1724 alias
1098 1677 1324 1740 regiones,
1354 1677 1425 1724 ius
1450 1695 1682 1726 commune

206 1770 295 1801 non
325 1753 574 1802 immutare.
606 1753 884 1818 Quapropter
901 1753 979 1800 illa
995 1753 1231 1801 diversitas
1256 1753 1523 1818 epocharum
1548 1771 1682 1820 supe-

206 1829 301 1876 rius
335 1840 676 1877 commemorata
707 1828 878 1877 inutilis
904 1846 1087 1893 prorsus
1112 1839 1205 1885 est;
1233 1846 1540 1895 quaecumque
1562 1830 1682 1877 enim

208 1904 342 1953 fuerit
373 1922 425 1954 ac
454 1905 513 1954 sit
547 1906 593 1952 in
629 1905 782 1953 Galliis
817 1905 1139 1953 haereticorum
1175 1906 1370 1954 conditio
1392 1944 1402 1963 ‚
1442 1905 1566 1955 nulla
1598 1924 1682 1953 un-

205 1998 342 2046 quam
377 1981 482 2030 olim
524 1999 670 2047 neque
703 1999 822 2030 nunc
856 1982 1067 2046 temporis
1104 1981 1250 2029 valida
1283 1982 1460 2030 fuerunt
1492 1981 1643 2030 habita
1664 2021 1675 2039 ,

204 2067 338 2123 atque
370 2058 592 2106 habentur
624 2058 821 2123 ipsorum
855 2057 1060 2120 coniugia
1093 2075 1120 2104 a
1154 2057 1261 2106 sede
1295 2058 1556 2122 apostolica.

299 2135 453 2200 Neque
478 2134 552 2182 hic
587 2134 934 2199 praetermittere
962 2134 1103 2182 debeo
1126 2134 1183 2181 ad
1206 2134 1424 2183 dictorum
1449 2134 1680 2182 confirma-

205 2210 394 2268 tionem,
433 2210 604 2275 praxim
640 2228 741 2259 esse
775 2220 1047 2258 constantem
1089 2228 1321 2276 supremae
1355 2229 1448 2259 sac.
1487 2211 1680 2276 inquisi-

204 2286 312 2334 tion.
347 2286 702 2350 congregationis
736 2286 997 2334 admittendi
1032 2287 1268 2335 instantias
1308 2305 1361 2334 ex
1398 2287 1554 2336 Galliis
1590 2287 1678 2337 sibi

203 2361 403 2420 oblatas,
432 2363 477 2410 in
505 2362 671 2428 quibus
707 2381 812 2428 pars
846 2362 1065 2412 catholica
1099 2373 1200 2428 post
1233 2374 1493 2412 attentatum
1529 2365 1679 2412 coniu-

202 2438 326 2502 gium
360 2440 545 2487 mixtum
579 2457 726 2487 coram
761 2439 965 2488 ministro
999 2439 1246 2488 acatholico
1270 2451 1312 2489 et
1340 2440 1522 2488 officiali
1556 2439 1676 2487 civili

201 2525 250 2563 ut
284 2532 394 2563 suae
427 2516 727 2564 conscientiae
760 2516 1015 2582 prospiciat,
1045 2517 1155 2582 petit
1176 2518 1447 2565 matrimonii
1482 2516 1678 2565 convali-

201 2591 442 2641 dationem.
483 2593 618 2641 Hisce
643 2594 688 2640 in
713 2593 894 2641 casibus
910 2631 920 2651 ,
948 2594 987 2641 si
1013 2612 1116 2659 pars
1141 2594 1410 2642 heterodoxa
1439 2594 1549 2641 nolit
1571 2610 1677 2641 suos

201 2667 407 2717 abiurare
450 2687 621 2718 errores
644 2709 654 2727 ,
702 2670 981 2735 dispensatio
1026 2672 1283 2720 conceditur
1324 2689 1377 2719 ea
1421 2670 1505 2718 sub
1550 2687 1677 2734 prae·

203 2745 463 2811 scriptione,
490 2757 540 2794 ut
566 2747 779 2811 coniuges
813 2765 1080 2797 consensum
1116 2766 1246 2796 suum
1284 2756 1493 2795 renovent
1526 2762 1676 2794 coram

202 2822 399 2885 parocho
422 2841 474 2873 ac
501 2824 677 2873 duobus
713 2825 900 2874 testibus
918 2864 928 2884 ,
969 2826 1152 2891 perinde
1186 2843 1238 2873 ac
1272 2825 1310 2873 si
1347 2824 1537 2889 primum
1572 2832 1676 2870 tunc

324 2916 359 2951 ΙΙ
1574 2919 1616 2952 15
