1980 3260
269 254 361 287 mv.
378 256 435 298 vi.
452 257 502 288 na
522 257 645 290 mna.
663 257 837 290 msam.
857 258 939 295 mr.
956 257 1002 290 si:
1020 258 1099 290 vm.
1117 257 1199 290 cum
1214 258 1335 291 cm.
1353 259 1444 290 mr.
1463 259 1505 290 v.
1575 243 1664 289 289

305 334 462 382 Primo.
492 335 558 381 An
594 335 810 400 capellani
852 337 1049 384 cuiusvis
1090 337 1334 394 exercitus,
1368 336 1462 384 sive
1494 335 1671 399 regula-

208 424 302 465 res,
331 409 426 456 sive
448 410 672 458 seculares
695 411 899 459 catholici
923 412 1098 476 possint
1120 411 1429 460 administrare
1454 408 1670 459 militibus

208 483 254 530 in
279 482 516 548 praesidiis
543 483 808 549 degentibus
832 496 1106 534 sacramenta
1130 487 1442 550 poenitentiae,
1469 487 1672 536 euchari-

206 559 319 607 stiae
353 577 433 624 per
467 561 647 608 modum
676 562 855 616 viatici,
888 573 931 608 et
959 573 1176 609 extremae
1202 562 1424 609 unctionis
1449 561 1547 610 sine
1570 578 1672 626 spe—

206 634 552 683 ciali‘facultate
586 637 708 685 sedis
744 637 1038 701 apostolicae,
1067 638 1137 685 vel
1164 638 1342 685 licentia
1377 648 1419 685 et
1452 637 1672 704 approba-

206 710 324 758 tione
355 711 570 758 ordinarii
606 711 652 757 in
686 712 814 759 cuius
849 712 1041 760 dioecesi
1079 723 1227 760 extare
1261 712 1531 776 contigerit?

297 786 515 833 Secundo.
527 785 594 832 An
611 786 824 834 assistere
842 788 1132 835 matrimoniis
1148 788 1337 835 militum
1355 789 1673 854 cuiuscumque

203 861 409 909 stationis
434 861 688 924 degentium
708 862 753 908 in
774 861 1011 926 praesidiis
1035 880 1135 910 cum
1159 863 1427 911 militaribus
1445 864 1667 922 foeminis,

206 937 304 985 sine
327 937 447 985 dicta
470 937 677 985 facultate
710 937 954 1002 apostolica
972 976 982 994 ‚
1020 949 1063 986 et
1096 928 1377 1002 praecedenti
1413 939 1672 1003 probatione

205 1024 347 1062 status
380 1012 534 1070 liberi,
571 1014 758 1079 eiusque
792 1011 1090 1077 recognitione
1123 1031 1271 1062 coram
1303 1013 1529 1063 ordinario
1562 1015 1669 1071 loci,

205 1100 250 1137 et
281 1089 460 1137 licentia
493 1089 677 1154 parochi
711 1089 797 1137 sub
830 1090 956 1137 cuius
994 1089 1207 1154 parochia
1241 1090 1482 1138 maneant?

300 1164 460 1212 Tertio.
494 1164 562 1211 An
597 1164 713 1211 idem
747 1182 846 1213 cum
883 1164 1099 1213 militibus
1134 1164 1397 1229 degentibus
1433 1165 1478 1211 in
1513 1166 1672 1214 castris

205 1250 249 1287 et
281 1239 546 1288 stationibus
581 1239 795 1305 hybernis
831 1239 899 1288 vel
933 1240 1152 1289 aestivis?

302 1315 483 1372 Quarto.
517 1316 584 1363 An
614 1316 731 1364 idem
762 1333 863 1364 cum
893 1316 1110 1365 militibus
1134 1317 1180 1363 in
1205 1317 1366 1365 actuali
1395 1318 1673 1382 expeditione

209 1391 403 1456 positis?

301 1467 481 1524 Quinto.
511 1468 577 1516 An
601 1468 719 1516 idem
742 1485 842 1516 cum
867 1467 1083 1517 militibus
1113 1469 1277 1517 nubere
1299 1467 1548 1517 volentibus
1572 1486 1689 1521 cumi

206 1545 412 1593 foeminis
441 1563 528 1594 non
558 1545 854 1603 militaribus,
891 1546 972 1594 sed
1007 1546 1125 1594 italis
1159 1547 1411 1610 originariis
1436 1546 1545 1603 loci,
1575 1546 1671 1593 sive

206 1621 430 1670 dioecesis
463 1622 509 1669 in
543 1640 633 1687 qua
669 1621 982 1687 reperiuntur?

299 1699 446 1746 Sexto.
469 1699 535 1746 An
558 1699 721 1747 milites
746 1699 977 1747 acatholici
1006 1716 1106 1747 cum
1136 1699 1393 1747 acatholicis
1417 1700 1675 1747 contrahen-

208 1786 274 1823 tes
297 1785 528 1823 teneantur
550 1793 726 1823 servare
750 1776 933 1823 formam
958 1775 1274 1839 praescriptam
1297 1793 1323 1822 a
1341 1793 1379 1822 s.
1395 1792 1519 1822 conc.
1541 1774 1675 1822 tridf?

239 1881 242 1886 Δ
286 1851 514 1916 Septimo.
543 1851 610 1898 An
634 1868 686 1898 eo
710 1851 853 1914 magis
877 1850 1111 1898 acatholici
1141 1850 1450 1898 contrahentes
1477 1867 1575 1898 cum
1599 1867 1674 1898 ca-

207 1928 383 1976 tholicis
407 1927 669 1976 mulieribus
698 1927 990 1984 militaribus,
1013 1938 1055 1974 et
1077 1944 1166 1974 non
1190 1927 1456 1975 militaribus
1480 1927 1525 1974 in
1551 1943 1674 1991 prae·

209 2003 363 2061 sidiis‚
402 2003 587 2059 castris,
626 2014 668 2051 et
701 2003 980 2067 expeditione
1013 2002 1273 2050 manentes?

304 2080 486 2129 Octavo.
524 2079 591 2127 An
632 2080 850 2144 capellani
878 2078 1110 2127 acatholici
1140 2078 1350 2126 assistere
1378 2079 1554 2143 possint
1580 2095 1675 2126 ma-

209 2156 429 2205 trimoniis
463 2155 810 2204 acatholicorum
842 2172 942 2202 cum
970 2153 1230 2202 acatholicis
1247 2165 1322 2212 ,et
1338 2155 1579 2219 respective
1601 2171 1676 2202 ca-

208 2232 388 2280 tholicis
405 2269 415 2288 ,
451 2231 585 2278 etiam
615 2230 731 2277 intra
758 2230 868 2277 fines
892 2229 1046 2277 Italiae
1061 2268 1071 2286 ,
1098 2239 1142 2277 et
1163 2239 1381 2294 quatenus
1404 2229 1607 2293 negative
1629 2229 1674 2275 in

208 2308 415 2356 omnibus
449 2317 623 2372 praeter
659 2316 829 2353 sextum
865 2316 908 2354 et
940 2306 1196 2370 septimum.

305 2385 448 2432 Nono.
477 2384 570 2440 An,
601 2394 644 2430 et
669 2381 776 2447 quid
804 2399 885 2446 pro
914 2382 1146 2429 sanatione
1180 2392 1403 2444 gestorum
1432 2382 1478 2426 in
1507 2390 1676 2445 praete—

210 2460 341 2508 ritum
358 2496 370 2516 ,
398 2470 442 2508 et
474 2459 775 2507 faciendorum
800 2457 846 2504 in
871 2457 1067 2505 futurum
1100 2474 1236 2521 super
1269 2455 1508 2521 praedictis
1541 2455 1677 2503 omni-

208 2536 294 2584 bus
318 2553 399 2601 pro
424 2546 544 2584 certa
572 2535 724 2599 regula
754 2533 1042 2582 Sanctissimo
1075 2532 1392 2582 consulendum
1417 2543 1460 2580 et
1483 2542 1677 2579 statuen-

208 2611 314 2660 dum
349 2612 408 2660 sit
424 2611 448 2658 ?

305 2688 404 2736 Sac.
427 2705 632 2752 congreg.
661 2688 734 2735 die
759 2691 803 2734 6.
829 2687 972 2735 Martii
998 2688 1139 2734 1694.
1173 2685 1416 2750 respondit.
1438 2684 1504 2730 Ad
1535 2684 1570 2729 l,
1592 2682 1679 2731 Ne-

209 2765 367 2827 qatt've.
409 2764 476 2811 Ad
512 2765 569 2811 Il.
598 2764 808 2829 Ncqative
841 2763 1087 2811 confirmat.
1129 2763 1174 2809 in
1211 2762 1419 2809 casalens.
1455 2761 1532 2806 28.
1563 2758 1676 2806 lunii

212 2840 353 2886 1704.
375 2840 441 2887 Ad
466 2841 544 2887 Ill.
569 2841 637 2888 lv.
656 2852 698 2888 et
719 2841 767 2887 V.
793 2840 1017 2903 Neqatt've.
1042 2839 1107 2887 Ad
1125 2839 1196 2886 Vl.
1218 2837 1484 2901 Affirmatt've
1501 2834 1576 2883 ubi
1596 2852 1679 2899 pu-

322 2935 353 2969 11
1554 2932 1595 2965 19
