1980 3260
0 3085 4 3110 ,-
0 3033 4 3059 -—-
0 2920 7 3018 „mn—2
3 2863 5 2867 .

250 273 338 303 CAP.
359 272 403 302 11.
424 272 473 301 DE
494 270 607 302 ECCL.
626 271 766 301 POTES.
784 268 1027 300 CONST.1MP.
1047 269 1169 299 MATR.
1190 268 1272 299 mn.
1292 269 1382 299 ΛΚΤ.
1401 269 1457 300 lv.
1537 250 1587 298 81

145 348 293 395 batum
319 366 370 395 ac
391 359 556 394 certum
587 363 826 403 assumere,
856 344 1076 410 principes
1095 344 1258 408 pollere
1277 355 1486 408 potestate
1510 345 1597 392 ori-

144 424 319 487 ginaria
347 441 398 471 ac
426 423 604 489 propria
634 421 852 470 statuendi
880 419 1191 485 impedimenta
1226 419 1565 467 matrimonialia
1583 458 1593 476 ,

146 509 277 564 atque
315 499 546 547 ecclesiam
585 498 738 545 eadem
767 497 851 543 hac
883 506 1098 560 potestate
1131 495 1305 559 penitus
1337 512 1435 542 esse
1463 495 1599 542 desti—

148 586 301 623 tutam.
330 575 572 622 Assumunt
594 584 820 637 praeterea
842 572 1071 619 ecclesiam
1101 572 1301 636 coepisse
1324 571 1457 618 veluti
1482 571 1597 618 clan-

147 651 295 698 culum
314 667 366 697 ac
390 650 546 697 furtive
569 636 822 712 sensimque
846 648 942 694 sine
965 664 1098 694 sensu
1122 647 1318 695 eamdem
1344 656 1600 710 potestatem

147 728 204 774 ad
239 745 287 774 se
321 725 494 772 trahere
525 741 739 787 suamque
781 723 953 778 facere,
994 723 1204 770 confisam
1245 723 1493 787 principum
1528 732 1602 769 aut

148 801 388 849 indolentia
411 801 454 845 in
479 799 671 863 propriis
700 797 871 844 iuribus
897 798 1198 854 vindicandis,
1231 809 1305 844 aut
1331 815 1509 845 suorum
1534 798 1601 844 iu-

146 877 260 923 rium
285 875 570 939 ignoratione.
594 874 687 920 Nisi
717 873 833 920 enim
862 872 1114 919 alterutrum
1140 883 1431 936 supponatur,
1459 872 1602 920 locum

147 951 310 998 habere
332 951 482 1015 nequit
511 950 669 997 tacitus
694 948 911 996 eiusmodi
943 965 1201 996 consensus.
1226 948 1290 994 Ex
1314 947 1386 994 his
1415 948 1603 1012 primum

145 1037 213 1073 est
245 1025 506 1072 iniuriosum
541 1023 842 1089 principibus,
882 1023 1064 1087 perinde
1101 1040 1151 1070 ac
1185 1024 1222 1070 si
1257 1040 1409 1070 omnes
1443 1022 1605 1069 fuerint

149 1102 358 1150 incuriosi
395 1102 645 1166 ignorantes
680 1110 756 1147 aut
783 1099 1005 1164 plumbei,
1034 1099 1094 1146 ita
1126 1110 1175 1146 ut
1208 1099 1292 1146 sub
1335 1098 1473 1146 oculis
1508 1099 1603 1146 suis

149 1188 401 1242 paterentur
433 1178 541 1225 tanti
575 1176 783 1224 momenti
818 1176 914 1222 iura
953 1175 1038 1222 sibi
1079 1175 1187 1240 eripi
1222 1192 1273 1222 ac
1306 1174 1454 1231 eludi,
1493 1175 1601 1239 quin

148 1264 463 1317 cognoscerent
495 1263 570 1301 aut
597 1253 885 1300 adverterent.
914 1251 1106 1300 Alterum
1136 1262 1202 1299 est
1229 1269 1508 1316 summopore
1536 1252 1603 1298 in-

152 1330 365 1376 iuriosum
393 1329 630 1385 ecclesiae,
657 1329 786 1393 quasi
816 1345 973 1393 nempe
998 1328 1096 1392 ipsa
1130 1327 1367 1375 calliditate
1400 1345 1451 1375 ac
1487 1328 1604 1375 frau-

149 1405 346 1453 dulentia
379 1423 461 1452 usa
498 1405 626 1452 suerit
659 1404 714 1451 ad
748 1404 893 1451 aliena
927 1404 1025 1451 iura
1058 1404 1143 1451 sibi
1177 1405 1459 1452 vindicanda.

243 1480 359 1537 Quid
385 1498 489 1528 vero
518 1491 636 1528 esset
664 1479 824 1527 callida
856 1479 966 1526 haec
1000 1496 1050 1527 ac
1087 1479 1362 1526 fraudulenta
1392 1479 1603 1527 ecclesiae

149 1556 307 1620 agendi
346 1556 469 1612 ratio,
509 1556 595 1603 nisi
632 1573 741 1620 pura
774 1565 966 1619 putaque
999 1555 1260 1619 usurpatio,
1295 1554 1467 1619 qualem
1502 1572 1607 1602 con-

148 1633 287 1697 ceptis
322 1632 468 1680 verbis
500 1649 596 1679 eam
631 1641 860 1679 vocaverat
892 1630 1147 1678 Launoius?
1186 1631 1338 1678 Merito
1374 1641 1603 1696 propterea

144 1707 337 1755 diximus
373 1707 603 1754 formulam
648 1708 761 1754 hanc
795 1724 930 1771 penes
967 1706 1207 1753 neotericos
1243 1706 1472 1769 regalistas
1506 1705 1603 1753 vul-

133 1794 312 1846 -gatam,
334 1800 433 1830 esse
451 1782 803 1830 substitutionem
828 1782 882 1828 ad
907 1781 1200 1845 mitigandum
1226 1781 1449 1828 horrorem
1473 1798 1603 1846 quem

149 1859 268 1923 prior
295 1859 482 1906 formula
511 1859 669 1906 animis
693 1857 922 1905 catholicis
947 1857 1196 1920 ingerebat,
1227 1874 1272 1904 re
1297 1867 1442 1904 autem
1467 1874 1603 1904 unum

156 1935 358 1999 idemque
391 1934 656 1998 significare.

246 2011 361 2058 Sane
393 2011 512 2076 quod
547 2011 787 2058 adversarii
818 2011 902 2059 sub
926 2011 1014 2058 hoc
1039 2010 1268 2061 verborum
1298 2008 1524 2057 involucro
1555 2027 1607 2057 ac

151 2095 401 2150 tegumento
417 2105 564 2134 veram
583 2104 635 2134 ex
655 2098 778 2151 parte
795 2087 1010 2134 ecclesiae
1029 2087 1269 2135 alienorum
1294 2086 1454 2133 iurium
1477 2103 1607 2133 usur-

150 2162 369 2227 pationem
395 2162 646 2224 significare
670 2162 920 2218 intendant,
949 2163 1100 2227 patefit
1127 2180 1179 2210 ex
1209 2179 1284 2219 eo,
1312 2161 1428 2226 quod
1454 2179 1606 2209 omnes

152 2237 400 2285 istiusmodi
419 2237 653 2302 scriptores
672 2237 883 2300 originem
903 2248 1103 2302 repetant
1118 2237 1344 2303 potestatis
1357 2276 1367 2294 ,
1391 2248 1467 2285 aut
1483 2255 1606 2285 exer-

153 2313 247 2360 citii
279 2313 461 2369 saltem,
500 2314 618 2378 quod
648 2314 834 2361 ecclesia
862 2315 906 2360 in
940 2315 1215 2361 matrimonia
1242 2313 1327 2361 sibi
1353 2314 1520 2370 tribuit,
1549 2314 1604 2360 ab

155 2389 324 2452 epocha
347 2389 467 2436 illius
494 2390 750 2437 tenebricosi
770 2390 902 2437 medii
934 2390 1055 2447 aevi,
1084 2391 1261 2455 quando
1285 2391 1531 2454 ignorantia
1554 2407 1605 2436 ac

155 2483 288 2530 sopor
327 2466 587 2514 universalis
623 2483 775 2514 omnes
808 2467 1012 2514 mortales
1056 2466 1316 2531 occupabat.
1344 2467 1470 2514 *Nam
1505 2465 1606 2512 licet

156 2542 267 2589 inter
306 2558 354 2588 se
398 2559 483 2588 non
527 2541 786 2589 conveniant
820 2542 864 2588 in
898 2542 1228 2589 determinando
1262 2540 1604 2605 definiendoque

153 2616 352 2680 praecise
375 2627 567 2681 tempore
591 2634 677 2681 quo
701 2616 886 2664 ecclesia
920 2617 979 2664 ita
1013 2634 1142 2680 agere
1170 2618 1381 2682 coeperit,
1408 2634 1505 2664 cum
1530 2615 1603 2663 alii

155 2708 245 2738 sec.
266 2692 340 2738 XI.
363 2691 438 2738 alii
461 2710 548 2740 sec.
566 2693 676 2739 VIII.
700 2692 775 2739 alii
794 2692 880 2740 alio
898 2693 1138 2756 contigisse
1162 2694 1436 2756 confingant;
1459 2704 1603 2739 tamen

154 2767 353 2833 plerique
381 2769 661 2817 consentiunt
688 2769 731 2815 id
757 2770 954 2834 coepisse
970 2786 1021 2816 ex
1039 2787 1126 2834 quo
1149 2769 1605 2835 pseudo-isidorianae

154 2843 365 2906 epistolae
392 2845 592 2907 vulgatae
620 2856 735 2893 sunt.
768 2847 883 2893 lnter
910 2846 991 2893 hos
1026 2846 1200 2894 Nestius
1230 2846 1394 2893 veritus
1424 2862 1510 2892 non
1539 2854 1607 2891 est

239 2938 270 2972 ll
1501 2943 1523 2973 6
