1980 3260
372 207 464 252 194
690 216 769 247 Lm.
801 215 846 246 11.
876 214 988 246 sscr.
1019 215 1048 245 1.
1078 213 1129 244 m:
1166 213 1330 244 rorsssr.
1361 213 1526 246 seems.

372 298 564 351 dirimit,
604 303 736 358 atque
773 310 825 339 cx
861 291 1180 356 impedimento
1207 291 1328 355 quod
1364 289 1528 338 dicitur
1559 296 1849 356 sponsalium,

371 373 580 439 quodque
613 369 801 434 impedit
835 369 1077 435 quominus
1112 367 1152 415 is
1173 405 1183 424 ,
1212 367 1290 431 qui
1322 366 1611 431 sponsalibus
1645 387 1750 418 cum.-
1779 372 1858 420 ali-

372 467 461 515 qua
493 447 733 496 obstrictus
778 456 871 503 est,
910 445 1000 491 illis
1036 443 1387 509 perdurantibus
1422 461 1503 491 seu
1542 442 1646 492 non'
1668 444 1851 507 solutis,

373 545 471 575 cum
496 525 585 573 alia
619 542 669 572 se
692 523 903 586 coniugio
926 521 1119 587 copulet.
1151 520 1300 577 Quum
1322 538 1427 568 vero
1451 520 1670 569 ecclesiae
1703 521 1859 573 situ&-

372 604 538 650 clarare
561 601 742 666 quando
758 610 802 647 et
818 600 864 646 in
888 598 1052 664 quibus
1076 615 1222 645 rerum
1247 597 1472 645 adiunctis
1496 593 1752 665 quibusque
1766 601 1857 648 'sub

373 678 704 727 conditionibus
745 676 975 743 sponsalia
1017 676 1225 740 vigeant,
1264 693 1316 723 ac
1351 675 1541 741 proinde
1575 677 1859 726 matrimonia

374 756 743 821 impedimentum
783 754 1116 818 recensitosque
1145 753 1328 800 effectus
1358 752 1559 818 pariant,
1589 752 1645 801 ab
1668 753 1855 820 hisque,

375 834 413 880 si
441 850 554 898 opus
583 831 715 879 fuerit
751 848 802 878 ac
832 829 1077 878 necessitas
1113 831 1284 893 exigat,
1321 829 1587 894 dispensare
1604 868 1614 887 ,
1643 830 1863 880 ecclesiae

374 910 580 975 potestati
606 907 834 975 sponsalia
857 907 1049 955 obnoxia
1072 924 1173 954 esse
1197 924 1380 954 necesse
1402 917 1470 954 est
1486 945 1496 964 ‚
1525 917 1569 955 et
1597 908 1780 973 quidem
1811 917 1861 956 ut

375 986 471 1034 iure
504 1003 615 1043 suo,
658 1002 746 1033 non
783 993 929 1032 autem
976 1001 1028 1031 ex
1069 983 1322 1049 principum
1356 982 1487 1030 venia
1521 983 1579 1031 de
1622 984 1680 1033 iis
1714 985 1861 1050 possit

375 1062 591 1109 iudicium
625 1061 760 1109 ferres

473 1139 601 1196 Quod
635 1156 739 1187 vero
774 1149 922 1204 patres
964 1137 1309 1186 christianorum
1353 1136 1584 1202 sponsalia
1622 1128 1862 1186 habuerint

375 1217 441 1264 uti
475 1234 567 1264 rem
603 1233 777 1264 sacram
813 1226 947 1281 atque
981 1214 1197 1262 ecclesiae
1239 1213 1415 1278 legibus
1456 1213 1775 1262 moderandam
1809 1231 1863 1264 ex

377 1309 429 1340 eo
463 1292 836 1358 deprehenditur,
877 1291 997 1357 quod
1018 1291 1089 1338 sde
1121 1290 1179 1339 iis
1223 1302 1452 1357 tamquam
1491 1291 1549 1339 de
1589 1291 1862 1340 matrimonii

378 1378 503 1433 parte
538 1368 742 1431 integrali
777 1367 1017 1415 disserant.
1057 1367 1173 1414 Sane
1211 1365 1509 1414 Tertullianus
1544 1367 1591 1414 in
1626 1367 1863 1415 notissimo

378 1443 476 1492 eius
506 1453 626 1491 textu
659 1460 712 1490 ex
745 1443 823 1490 lib.
855 1444 912 1489 ll.
942 1443 1007 1490 Ad
1036 1460 1217 1490 umorem
1239 1443 1374 1491 etiam
1399 1443 1628 1509 sponsalia
1661 1443 1859 1509 comple-

378 1521 510 1568 ctitur
531 1521 638 1568 dum
663 1521 798 1569 dicit:
828 1521 942 1586 quod
965 1522 1142 1568 ecclesia
1175 1522 1405 1576 conciliat,
1434 1531 1483 1569 ut
1517 1521 1758 1569 ostendunt
1779 1522 1862 1569 La-

378 1597 510 1645 cerda
534 1597 703 1663 aliique
726 1596 861 1645 huius
886 1597 1120 1663 scriptoris
1144 1598 1452 1663 explanatores
1481 1599 1597 1661 (25).
1621 1598 1700 1664 ‘Sic
1728 1598 1862 1646 etiam

379 1692 416 1721 s.
447 1674 640 1739 Cyrillus
665 1674 1090 1740 hierosolymitanus
1124 1692 1348 1741 exponens
1377 1675 1709 1724 catechumenis
1734 1692 1865 1741 spon-

381 1750 493 1798 salia
516 1768 631 1816 quae
654 1751 773 1817 apud
798 1751 1070 1800 christianos
1099 1752 1420 1800 contrahuntur
1447 1754 1564 1816 (26).
1594 1752 1639 1799 S.
1662 1751 1865 1819 Syl-icius

381 1837 527 1874 autem
562 1845 642 1893 pro
677 1837 796 1875 certo
830 1828 1023 1876 assumit
1045 1828 1277 1894 sponsalia
1302 1846 1328 1876 a
1352 1829 1582 1876 sacerdote
1605 1845 1707 1877 esse
1730 1828 1866 1876 bene-

382 1902 571 1949 dicenda
594 1904 640 1950 in
675 1905 856 1971 saepius
882 1904 1064 1953 laudata
1097 1905 1287 1970 epistola
1311 1906 1368 1953 ad
1401 1905 1650 1952 Himerium
1674 1915 1870 1953 tarraco-

352 2030 356 2034 4
385 1995 569 2026 nansem
595 1980 823 2029 scribens:
850 1981 985 2030 «Hoc
1010 1999 1066 2030 ne
1089 1982 1167 2029 fiat
1183 1981 1330 2029 modis
1353 1980 1563 2028 omnibus
1581 1980 1864 2039 inhibemus,

388 2073 492 2118 qma
515 2057 596 2103 illa
633 2058 889 2115 benedictio,
923 2077 1054 2124 quam
1076 2070 1291 2124 nupturae
1315 2059 1513 2107 sacerdos
1535 2061 1724 2125 imponit
1747 2060 1867 2126 apud

387 2131 542 2180 fideles
577 2133 809 2182 cuiusdam
844 2136 1067 2200 sacrilegii
1092 2136 1235 2184 instar
1257 2147 1325 2184 est
1349 2136 1387 2183 si
1413 2135 1505 2183 ulla
1534 2136 1868 2203 trangressione

383 2208 573 2257 violetur
606 2212 755 2274 (27).»
1840 2224 1841 2228 ’

481 2285 762 2352 Quapropter
794 2291 1031 2338 concilium
1061 2291 1380 2339 illiberitanum
1417 2307 1515 2339 can.
1557 2291 1659 2358 ΠΥ.
1699 2277 1868 2358 consti—

386 2363 502 2410 tuit:
555 2364 637 2409 «Si
685 2365 763 2429 qui
815 2379 1020 2430 parentes
1066 2369 1199 2416 fidem
1253 2368 1465 2432 fregerint
1506 2363 1863 2433 spon‘salioruiii‘,

384 2439 563 2486 triennii
588 2450 785 2506 tempore
809 2442 1062 2492 abstineant
1085 2462 1111 2492 a
1134 2444 1468 2501 communione3
1494 2444 1532 2491 si
1558 2441 1867 2492 tameniidem

379 2525 580 2580 ‘sponsus
616 2517 685 2565 vel
720 2535 889 2583 sponsa
927 2521 973 2566 in
1008 2521 1082 2569 illo
1124 2524 1248 2586 gravi
1283 2522 1468 2571 crimine
1507 2522 1679 2585 fuerint'
1701 2520 1868 2586 'depre—

483 2695 536 2731 (25
539 2691 550 2732 )
572 2692 763 2725 Cuiusmodi
784 2694 861 2726 sunt
882 2694 1046 2727 Hamelius
1058 2696 1240 2737 ,Rigaltius
1263 2696 1297 2728 in
1316 2696 1402 2728 notis
1420 2695 1462 2727 ad
1485 2694 1573 2740 hunc
1596 2693 1725 2734 locum,
1743 2677 1868 2726 necnon

384 2745 519 2787 Lupus,
519 2745 563 2777 et
568 2745 824 2788 Aibaspmaeus
814 2755 849 2779 in
859 2749 1101 2782 commentariis
1113 2750 1197 2791 suis,
1205 2750 1263 2782 aut
1272 2747 1556 2791 explanationibus
1575 2755 1653 2788 opp
1664 2736 1866 2798 Terwliiani

475 2797 543 2838 (26)
564 2799 698 2831 catech.
714 2801 772 2832 111.
790 2800 820 2842 §.
836 2807 863 2833 1
881 2803 957 2834 et2.
979 2801 1031 2835 ed.
1051 2804 1181 2836 Toutoei
1199 2812 1280 2847 pag.
1292 2807 1343 2836 39.

478 2850 543 2890 (27)
566 2852 656 2893 Apud
680 2854 838 2886 Constant
859 2856 969 2895 Epist
988 2864 1072 2887 vom
1091 2855 1219 2897 pontis
1239 2856 1330 2897 epist
1354 2858 1379 2887 1.
1402 2865 1434 2887 n.
1458 2861 1486 2888 5.
1505 2854 1567 2886 col.
1589 2858 1661 2886 628,
