1980 3260
310 278 400 325 348
564 290 645 324 Lm.
676 291 722 323 11.
751 288 864 322 sncr.
894 288 1066 322 ALTERA.
1097 288 1149 320 m:
1183 288 1348 321 rorssr.
1378 288 1521 322 mvm.

307 369 616 420 contrahentes
651 368 840 434 plectere
856 407 866 426 ‚
904 379 946 416 et
979 385 1196 417 coercere.
1230 368 1341 416 Cum
1374 379 1522 417 autem
1557 382 1776 434 nequeant

307 448 354 494 in
387 463 548 494 nexum
574 446 724 511 ipsum
759 446 850 493 vim
883 463 1061 494 exerere
1079 484 1089 502 ‚
1127 455 1177 493 ut
1210 445 1385 493 irritum
1419 445 1547 493 illum
1581 446 1773 505 faciant,

307 521 565 587 nulliusque
597 521 770 570 roboris
792 522 837 569 in
866 521 1139 570 conscientia
1156 559 1166 579 ‚
1199 522 1357 586 poenis
1391 521 1548 570 saltem
1572 521 1779 571 civilibus

308 597 664 647 animadvertunt
691 598 738 645 in
766 616 865 655 eos,
897 599 976 664 qui
1014 598 1076 645 ita
1109 598 1403 655 contrahunt,
1439 609 1574 664 atque
1607 608 1657 647 ut
1689 598 1782 646 ille-

308 673 463 738 gitima
494 673 662 721 habent
694 674 901 737 coniugia
935 674 1047 721 inita
1080 683 1233 721 contra
1264 674 1433 739 patrias
1465 674 1602 739 leges.

406 749 521 796 Hinc
550 749 597 795 in
626 748 853 797 nonnullis
877 748 1132 813 regionibus
1168 749 1426 813 illegitimae
1452 749 1499 797 in
1527 750 1682 799 codice
1704 749 1784 797 de-

311 825 536 874 clarantur
569 826 753 891 nuptiae
787 825 1175 875 filiorumfamilias
1193 864 1203 884 ‚
1231 843 1347 892 quae
1373 827 1473 875 sine
1499 827 1681 893 praevio
1703 844 1785 893 pa-

312 911 486 949 rentum
521 918 744 949 consensu
787 901 1066 950 celebrantur
1082 940 1092 959 ‚
1129 902 1269 950 multo
1311 920 1416 951 vero
1459 904 1603 967 magis
1621 942 1631 961 ,
1669 919 1786 968 quae

312 987 466 1026 contra
499 977 677 1026 illorum
709 978 979 1027 voluntatem
1014 978 1137 1026 fiant.
1165 978 1402 1042 lllegitima
1429 979 1534 1027 item
1565 979 1788 1027 habentur

312 1053 537 1103 connubia
555 1093 566 1114 ,
594 1072 711 1121 quae
739 1055 901 1103 milites
936 1055 1099 1103 inirent
1131 1065 1284 1103 contra
1317 1055 1599 1120 superiorum
1629 1055 1788 1104 volun-

313 1140 471 1188 tatem,
493 1141 676 1178 autnon
699 1130 816 1179 facta
840 1131 962 1179 illius
987 1131 1113 1196 prius
1136 1130 1371 1189 facultate;
1399 1131 1633 1196 illegitima
1653 1131 1788 1179 etiam

313 1207 522 1271 coniugia
544 1207 765 1255 habentur
781 1245 791 1265 ‚
819 1224 934 1272 quae
960 1206 1280 1254 contrahantur
1303 1207 1360 1254 ab
1383 1207 1440 1255 iis
1457 1246 1468 1264 ,
1489 1208 1567 1273 qui
1591 1207 1788 1255 nondum

313 1293 503 1332 aetatem
534 1284 775 1347 attigerunt
797 1301 824 1331 a
847 1283 944 1346 lege
978 1283 1299 1348 praescriptam
1315 1322 1325 1340 ,
1353 1293 1431 1331 aut
1452 1283 1509 1331 ab
1533 1284 1590 1332 iis
1612 1301 1791 1350 quoque

314 1361 394 1426 qui
418 1361 650 1426 proprium
673 1377 942 1408 consensum
966 1377 1112 1408 coram
1135 1361 1397 1425 magistratu
1419 1360 1540 1409 civili
1557 1378 1645 1408 non
1663 1377 1791 1425 prae-

311 1436 421 1484 bent
447 1474 458 1494 ,
499 1446 576 1484 aut
619 1437 803 1484 nomina
839 1454 922 1484 sua
957 1436 1152 1502 publicis
1186 1437 1350 1484 tabulis
1384 1454 1473 1485 non
1514 1436 1787 1494 inscribunt,

315 1521 359 1559 et
390 1511 451 1559 ita
482 1528 631 1576 porro.
673 1511 759 1568 Qui
793 1512 856 1559 ita
889 1529 939 1560 se
971 1522 1130 1575 gerunt
1151 1530 1179 1559 a
1200 1512 1322 1561 civili
1345 1512 1563 1577 gubernio
1590 1522 1791 1577 spectan-

315 1598 387 1636 tur
419 1588 606 1653 perinde
640 1605 692 1637 ac
725 1589 766 1636 si
802 1589 930 1655 nupti
955 1606 1045 1637 non
1079 1589 1284 1637 fuissent.
1308 1589 1426 1636 Hinc
1453 1588 1626 1636 iuribus
1649 1587 1794 1636 omni-

316 1664 403 1712 bus
437 1663 667 1721 civilibus,
695 1666 815 1729 'quae
843 1664 1017 1712 adnexa
1051 1675 1157 1712 sunt
1189 1664 1401 1728 legitimis
1435 1664 1656 1727 coniugiis
1691 1673 1796 1711 sunt

317 1739 533 1798 destituti,
566 1740 762 1805 itemque
797 1740 926 1788 liberi
964 1741 1166 1806 ipsorum
1200 1740 1429 1789 nonnullis
1463 1740 1510 1787 in
1545 1739 1679 1788 rebus
1713 1757 1795 1788 ceu

317 1816 541 1865 naturales
571 1816 819 1873 habentur,
853 1827 988 1882 atque
1021 1817 1244 1864 interdum
1270 1817 1367 1865 iure
1388 1816 1678 1865 haereditatis
1702 1816 1796 1881 pri-

317 1902 475 1941 vantur
509 1909 562 1941 ac
588 1891 751 1941 officiis
776 1892 996 1957 publicis,
1032 1892 1226 1958 aliisque
1250 1893 1408 1958 poenis
1431 1892 1684 1957 plectuntur
1705 1892 1790 1954 (3).

417 2064 463 2105 (3)
484 2065 633 2108 Exempli
652 2066 757 2106 gratia
770 2066 805 2098 in
817 2065 932 2099 Galliis
951 2065 1086 2107 antiqua
1108 2065 1178 2107 lege
1198 2065 1406 2098 matrimonia
1427 2063 1710 2098 filiorumfamilias
1729 2063 1799 2096 sine

320 2124 493 2154 consensu,
505 2119 676 2159 parentum
698 2119 780 2151 inita
806 2118 899 2152 irrita
923 2118 1087 2152 declarata
1107 2119 1257 2160 fuerunt,
1278 2127 1345 2152 non
1363 2118 1474 2160 quoad
1491 2117 1706 2151 substantiam
1725 2125 1800 2150 con·

321 2169 447 2202 tractus
467 2170 499 2202 et
520 2170 642 2202 vinculi
669 2171 866 2212 spiritualis,
888 2170 946 2204 scd
971 2171 1082 2213 quoad
1106 2171 1242 2204 effeetus
1271 2180 1352 2213 pure
1372 2171 1501 2213 civiles,
1524 2171 1623 2212 atque
1642 2170 1800 2203 statutum

323 2221 389 2255 fuit
418 2225 447 2254 1.
464 2220 554 2262 quod
570 2221 617 2253 ita
632 2223 859 2255 contrahentes
873 2224 1004 2265 possent
1019 2223 1249 2265 exhaeredari3
1273 2228 1304 2256 2.
1320 2223 1410 2264 quod
1424 2224 1558 2264 possent
1575 2231 1596 2255 a
1614 2221 1804 2264 parentibus

320 2273 365 2307 ad
374 2274 614 2307 restitutionem
627 2275 854 2318 donationum,
866 2285 951 2319 quae
965 2277 1057 2319 prius
1069 2277 1153 2310 forte
1167 2277 1272 2309 factae
1286 2277 1423 2309 fuissent
1438 2276 1594 2318 obligari;
1608 2281 1638 2310 3.
1651 2274 1740 2317 quod
1757 2276 1804 2308 ita

322 2326 528 2360 exhaeredati
545 2326 644 2360 etiam
665 2327 706 2359 iis
728 2330 880 2362 omnibus
900 2330 1108 2372 privarentur
1134 2330 1308 2371 subsidiis,
1324 2338 1408 2371 quac
1425 2329 1489 2362 sihi
1502 2329 1537 2361 vi
1549 2328 1806 2368 consuetudinis,

323 2379 382 2412 aut
405 2379 593 2412 contractus
614 2380 864 2414 matrimonialis
884 2382 1084 2423 evenissent3
1113 2384 1143 2414 4.
1167 2381 1256 2423 quod
1276 2382 1334 2423 qui
1354 2382 1414 2414 tali
1433 2381 1643 2414 matrimonio
1664 2380 1806 2414 adstitis-

322 2431 416 2474 sent,
443 2431 636 2473 punirentur
657 2430 700 2463 ad
721 2432 892 2466 arbitrium
914 2433 1043 2467 iudicis.
1067 2434 1220 2469 Notarius
1246 2436 1354 2468 autem
1375 2435 1409 2467 et
1427 2434 1526 2467 testes
1552 2443 1658 2476 poena
1676 2433 1803 2475 capitis.

323 2483 377 2518 Gr.
390 2483 482 2517 card.
498 2483 590 2517 Gotti
607 2485 659 2516 De
679 2485 836 2517 macrim.
856 2494 889 2526 q.
909 2487 981 2518 vu.
999 2487 1079 2520 duh.
1097 2489 1123 2520 1.
1140 2487 1171 2529 §.
1187 2490 1246 2520 111.
1263 2497 1297 2520 n.
1313 2493 1365 2521 22.

420 2536 493 2570 Alia
511 2536 609 2570 affert
626 2536 775 2578 exempla
796 2537 1005 2571 d’Hericourt
1023 2542 1075 2572 De
1096 2540 1171 2573 loix
1189 2540 1381 2574 ecclesiast.
1394 2539 1560 2572 troisieme
1580 2539 1665 2581 part.
1687 2539 1742 2572 ch.
1761 2539 1804 2571 V.

323 2592 384 2624 Du
400 2591 558 2632 mariaqe
574 2588 654 2631 §.7⁶
668 2598 760 2630 seqq.
771 2590 966 2624 Neusehaoel
979 2595 1070 2626 1774.
1081 2594 1163 2625 Nam
1179 2593 1211 2635 §.
1227 2598 1279 2627 82.
1296 2594 1351 2626 Sic
1363 2592 1406 2625 ad
1426 2601 1495 2625 rem
1515 2593 1662 2624 nostram
1681 2591 1804 2624 scribit:

298 2674 301 2675 ⁷
326 2642 381 2675 «11
400 2650 422 2683 y
443 2650 464 2674 a
483 2649 524 2674 en
542 2642 666 2674 Franoe
686 2641 745 2674 des
764 2641 924 2683 mariagoe
939 2643 995 2683 qui
1013 2645 1087 2676 sont
1106 2645 1251 2678 valables
1271 2654 1331 2687 par
1350 2646 1484 2686 rapport
1497 2653 1539 2677 au
1554 2645 1752 2685 sacrement,
1776 2644 1809 2676 et

326 2693 384 2736 qui
412 2695 488 2727 sont
513 2694 588 2727 nuls
608 2703 668 2736 par
689 2695 822 2736 rapport
843 2702 906 2727 aux
928 2695 1022 2728 effets
1043 2697 1173 2739 civiles,
1196 2698 1238 2730 de
1258 2698 1346 2731 sorte
1366 2705 1430 2738 que
1451 2697 1499 2730 les
1518 2705 1639 2729 veuvcs
1659 2695 1753 2738 apres
1774 2696 1807 2728 la

326 2746 523 2780 dissolution
544 2747 586 2780 de
605 2755 659 2780 ces
685 2747 864 2788 manages,
886 2747 979 2780 n’ont
998 2749 1032 2780 ni
1061 2749 1216 2791 douaire,
1237 2751 1272 2782 ni
1293 2750 1448 2791 reprises,
1469 2749 1504 2781 ni
1532 2757 1674 2782 aucunes
1699 2749 1808 2782 autres

327 2800 540 2833 conventions
559 2800 834 2841 matrimoniales;
854 2800 887 2834 et
906 2809 971 2842 que
983 2800 1031 2834 1oe
1042 2801 1170 2835 enfants
1190 2803 1248 2844 qui
1271 2804 1346 2835 sont
1364 2802 1423 2837 n&
1441 2802 1483 2835 de
1499 2810 1553 2835 (ιω
1571 2801 1746 2843 mariages,
1761 2810 1805 2835 ou

329 2852 387 2894 qni
405 2853 464 2885 ont
477 2852 529 2886 ete
545 2853 704 2895 legifimcs
720 2862 778 2896 par
793 2853 863 2887 leur
883 2861 1017 2895 moyen,
1034 2856 1107 2887 sont
1122 2855 1235 2889 traites
1255 2863 1382 2889 comme
1403 2854 1586 2898 illegitimas
1600 2864 1658 2897 par
1674 2855 1807 2897 rapport

329 2914 392 2939 aux
409 2914 640 2940 successionS.»
