1980 3260
307 245 398 290 188
615 255 696 288 mn.
725 255 771 287 11.
800 254 913 288 secr.
941 254 972 287 1.
1001 255 1054 287 m:
1084 254 1249 287 rornsr.
1279 255 1445 289 secans,

308 334 563 384 Michaelem
597 349 888 381 senonensem
922 332 1312 396 archiepiscopum
1349 332 1517 381 litteras
1551 335 1686 385 dedit.
1725 337 1775 384 In

310 411 367 458 iis
391 411 504 458 inter
537 419 682 456 cetera
714 409 906 457 ostendit
950 425 1038 455 non
1067 425 1167 455 esse
1196 425 1223 455 a
1248 409 1507 456 temeritatis
1532 409 1641 458 vitio
1673 412 1779 461 alie-

311 505 444 544 num,
477 486 597 551 quod
635 486 682 533 in
715 497 805 534 tam
833 485 971 533 arduo
1002 501 1054 532 ac
1089 484 1261 532 difficili
1301 486 1502 549 negotio,
1538 503 1628 534 non
1651 486 1780 536 fuerit

309 580 414 611 cura
455 563 576 611 sedis
610 562 878 628 apostolicae
911 561 1152 626 requisita,
1182 579 1263 626 per
1296 580 1430 627 quam
1452 562 1523 611 vel
1545 563 1689 629 ipsam
1713 581 1782 612 ca·

310 639 466 687 nonice
499 639 722 696 finiretur',
759 637 829 686 vel
863 637 1205 686 committeretur
1234 637 1493 703 aliquibus,
1522 639 1601 704 qui
1635 639 1778 697 idem,

311 727 483 766 servato
500 717 610 764 iuris
628 716 799 773 ordine,
812 715 1043 763 secundum
1058 724 1223 762 statuta
1239 733 1448 763 canonum
1473 715 1775 765 terminarent.

405 794 527 841 Idem
563 793 758 858 pontifex
793 792 1085 857 depositionis
1125 792 1387 840 sententiam
1427 792 1527 840 tulit
1567 793 1781 841 adversus

311 868 633 932 Theutgaldum
659 869 942 916 trevirensem
966 877 1009 915 et
1032 867 1273 915 Guntarum
1297 867 1596 917 coloniensem
1617 868 1783 917 archie-

311 945 572 1010 piscopum,
610 963 662 993 eo
696 945 815 1009 quod
851 954 998 991 contra
1028 961 1208 990 canones
1242 943 1536 992 iudicaverint
1567 945 1614 991 in
1646 962 1783 993 causa

314 1021 627 1069 matrimoniali
662 1020 856 1069 Lotharii
890 1020 1007 1083 regis
1038 1030 1080 1067 et
1114 1020 1418 1083 Theutbergae
1452 1021 1602 1069 uxoris
1627 1021 1748 1070 illius
1766 1060 1777 1080 ‚

316 1097 582 1163 illorumque
616 1098 910 1155 sententiam,
943 1107 993 1143 ut
1024 1096 1252 1154 vidimus,
1291 1096 1348 1143 de
1381 1096 1569 1145 divortio
1603 1099 1783 1147 omnino

316 1190 491 1222 cassam
520 1192 573 1222 ac
598 1174 767 1221 irritam
793 1173 895 1220 fecit
923 1174 1039 1234 (13).

410 1249 508 1297 Alia
529 1250 658 1314 plura
677 1248 895 1296 eiusmodi
926 1248 1190 1296 documenta
1219 1248 1394 1296 silentio
1412 1259 1639 1313 praetereo
1661 1251 1780 1313 (14),

315 1342 419 1373 cum
446 1337 622 1390 praesto
648 1325 737 1372 sint
762 1325 876 1371 facta
899 1324 1210 1389 imperatorum
1235 1342 1286 1372 ac
1304 1343 1456 1389 regum
1474 1364 1484 1383 ,
1508 1326 1585 1391 qui
1610 1326 1656 1373 in
1679 1343 1786 1374 cau-

315 1401 381 1448 sis
406 1401 500 1448 suis
525 1411 601 1447 aut
625 1400 904 1448 subditorum
936 1418 1117 1448 suorum
1146 1400 1202 1448 de
1225 1402 1393 1465 nuptiis
1413 1402 1470 1449 ad
1493 1402 1684 1450 concilia
1706 1413 1782 1451 aut

310 1476 370 1524 ad
388 1476 678 1541 apostolicam
697 1475 849 1523 sedem
867 1476 1172 1539 confugerunt.
1192 1477 1306 1525 Sane
1318 1477 1535 1526 Henricus
1551 1478 1665 1526 VIII.
1681 1495 1782 1526 cum

312 1553 498 1601 dissolvi
527 1564 697 1618 optaret
719 1553 974 1616 coniugium
992 1570 1123 1600 suum
1141 1571 1241 1601 cum
1260 1554 1500 1601 Catharina
1522 1554 1704 1613 initum,
1728 1554 1785 1602 ad

313 1629 583 1677 Clementem
615 1630 707 1676 VII.
737 1646 844 1677 suos
879 1639 1074 1676 oratores
1107 1630 1262 1687 misit,
1290 1630 1492 1695 nihilque
1526 1631 1787 1679 intentatum

316 1705 536 1771 reliquum
555 1706 680 1763 fecit,
717 1716 768 1762 ut
797 1705 958 1753 summi
977 1706 1201 1770 pontificis
1236 1707 1434 1754 animum
1454 1707 1664 1765 flecteret,
1702 1723 1786 1755 nec

315 1781 373 1829 de
396 1781 635 1829 schismate
653 1780 860 1845 cogitavit
881 1819 891 1839 ‚
920 1780 1008 1828 nisi
1033 1791 1269 1846 postquam
1300 1782 1413 1830 vidit
1437 1782 1558 1830 illius
1592 1782 1789 1830 animum

314 1857 432 1905 flecti
451 1857 571 1905 nullo
590 1857 722 1905 modo
754 1874 887 1922 posse
909 1858 1024 1919 (15).
1054 1857 1122 1904 Ad
1153 1858 1442 1922 apostolicam
1475 1859 1608 1906 etiam
1633 1858 1787 1907 sedem

315 1932 565 1981 Ludovicus
591 1933 689 1980 XII.
716 1932 954 1981 Galliarum
984 1950 1061 1980 rex
1085 1951 1134 1981 se
1164 1933 1350 1982 contulit
1366 1973 1376 1991 ‚
1405 1944 1538 1999 atque
1565 1934 1663 1982 eius
1683 1951 1788 1982 con-

318 2010 488 2073 iugium
508 2028 606 2057 cum
629 2012 795 2058 Ioanna
817 2010 1029 2059 Franciae
1045 2010 1215 2058 nullum
1239 2011 1509 2059 declaratum
1532 2011 1628 2059 fuit.
1659 2010 1786 2058 Cum-

320 2103 408 2151 que
432 2085 677 2134 Ludovicus
702 2088 821 2133 XIII.
845 2087 902 2134 ad
927 2086 1152 2134 Urbanum
1169 2088 1284 2134 VIII.
1307 2088 1507 2135 misisset
1525 2088 1786 2152 episcopum

315 2160 746 2225 Montipessularsum
770 2162 816 2209 in
836 2180 975 2211 causa
1000 2163 1272 2211 matrimonii
1297 2163 1418 2228 quod
1443 2163 1576 2211 Gasto
1602 2163 1692 2211 dux
1715 2181 1790 2211 au-

319 2234 581 2283 relianensis
606 2247 649 2283 et
680 2237 812 2285 frater
838 2238 1038 2286 eiusdem
1063 2238 1272 2287 Ludovici
1299 2239 1417 2302 regis
1452 2256 1553 2286 cum
1575 2239 1791 2303 Margare-

319 2310 396 2358 tha
429 2320 726 2369 contraxerat,
761 2329 870 2360 rom.
905 2313 1102 2378 pontifex
1126 2324 1278 2362 contra
1311 2313 1416 2361 cleri
1453 2314 1660 2378 gallicani
1698 2314 1794 2362 suf-

406 2444 473 2487 (13)
492 2445 575 2478 Lud.
592 2448 644 2478 Du
657 2447 771 2479 Mesnil
787 2449 953 2481 Doctrina
968 2452 1002 2483 ct
1021 2450 1206 2493 disciplina
1228 2451 1390 2484 ecclesiae
1404 2451 1485 2483 tom.
1500 2452 1555 2484 lv.
1572 2451 1614 2483 ad
1629 2459 1683 2483 an.
1699 2453 1789 2482 1195.

317 2506 349 2531 n.
364 2498 464 2532 an.
479 2498 632 2531 Coloniae
648 2502 736 2532 1730.
758 2509 828 2541 pag.
848 2505 918 2534 530.

405 2550 472 2593 (14)
492 2551 544 2585 Cf.
562 2553 667 2584 Moser
681 2554 732 2584 De
745 2552 869 2594 impcd.
885 2555 1038 2587 matrim.
1053 2564 1124 2597 cap.
1142 2558 1256 2590 XXIV.
1267 2556 1300 2597 §.
1322 2559 1339 2589 7
1352 2564 1421 2596 seq,
1432 2563 1508 2587 cum
1525 2555 1610 2587 notis
1621 2554 1788 2595 appositis.

405 2603 473 2644 (15)
494 2604 608 2636 Totam
623 2604 705 2636 hanc
725 2604 893 2637 historiam
916 2606 958 2637 cf.
981 2607 1067 2647 apud
1082 2608 1223 2650 Lingard
1237 2609 1353 2641 storia
1369 2606 1632 2648 d'Inqhilterra
1650 2605 1734 2638 trad.
1757 2605 1791 2637 di

317 2655 462 2696 Gregorii
471 2657 573 2688 Roma
592 2661 681 2689 1831.
699 2657 764 2689 vol.
781 2659 825 2689 VI
830 2683 837 2689 .
856 2666 926 2699 cap.
942 2660 999 2691 111.
1014 2668 1072 2692 nec
1091 2669 1155 2693 non
1169 2661 1255 2702 apud
1265 2659 1372 2693 Audin
1383 2658 1525 2691 Hist.de
1538 2660 1667 2699 Henry.
1684 2658 1788 2691 VIII.

316 2707 408 2740 Paris
420 2709 596 2741 185o.tom.
612 2710 638 2741 I.
650 2718 722 2750 pag.
738 2714 808 2742 250.
824 2710 908 2742 suiv.
927 2712 1006 2743 Item
1023 2713 1110 2753 apud
1130 2713 1362 2745 Waterworth.
1379 2711 1445 2744 The
1471 2711 1655 2744 substance
1681 2709 1724 2750 of
1736 2710 1793 2744 the

316 2759 497 2793 historical
513 2760 659 2794 lecturos
683 2770 726 2795 on
746 2761 803 2795 the
823 2764 934 2804 oriqin
957 2763 1030 2796 and
1049 2773 1209 2806 prom-ess
1224 2767 1262 2798 in
1284 2765 1351 2797 this
1371 2764 1517 2805 country
1538 2763 1581 2804 os
1591 2763 1647 2796 the
1661 2762 1794 2804 chanye

316 2811 362 2851 os
382 2812 528 2855 reliqton
551 2814 664 2848 colled
697 2814 753 2849 the
781 2814 1029 2856 Reformation.
1058 2819 1197 2851 Nowark
1222 2820 1312 2851 1849.
1329 2817 1421 2851 iii-4.
1442 2818 1469 2850 A
1494 2816 1637 2851 seconde
1663 2816 1794 2850 lecture

318 2872 390 2906 vag·
409 2869 448 2898 ²⁹
465 2873 556 2908 seqq-

1963 3043 1967 3051 “
1972 3021 1980 3032 r
1976 2994 1980 2999 .
1970 2968 1978 2982 x
1969 2897 1980 2960 πάι.
1969 2815 1980 2882 V—fitx
1968 2508 1980 2797 ⁴2.³=*es..xv..fflffl;*.
1968 2293 1980 2502 ·2v;*.-2—›—0.-;n.
1970 2122 1980 2286 ⁵2.**.«*.„.=2...
1969 2071 1980 2117 mc...
1971 2031 1980 2063 mc.
1975 2011 1978 2021 -
1970 1887 1980 2002 ‚nam-ff.
1977 1867 1980 1876 -
1974 1846 1978 1853 -
1975 1833 1980 1838 ,
1970 1818 1980 1822 ;
1971 1723 1980 1795 ..τῃ-τ
1973 1696 1980 1716 Γ
1973 1669 1980 1689 ,-
1974 1631 1980 1643 ,2
1977 1587 1980 1593 .
1979 1558 1980 1562 Α
