1980 3260
259 235 351 268 mr.
364 237 421 268 VI.
435 237 486 268 DE
505 237 630 269 MATR.
650 237 829 269 flauam.
848 236 931 269 ΙΝΤ.
945 237 993 269 SE
1011 237 1089 269 VEL
1102 237 1186 269 CUM
1204 236 1326 270 cun.
1339 236 1432 268 ΛΒΤ.
1448 236 1505 269 Π.
1567 215 1658 266 273

289 308 335 361 3.
366 315 416 361 In
450 314 599 362 insula
632 315 944 363 sanctissimae
977 314 1202 363 Trinitatis
1237 332 1310 362 an.
1334 315 1475 376 1825.
1510 314 1657 377 (166).

292 391 335 435 4.
366 390 415 436 In
428 400 616 455 utraque
624 390 859 438 Lovisiana
871 399 1004 455 atque
1018 390 1062 436 in
1075 389 1250 438 Florida
1262 407 1335 437 an.
1349 391 1373 437 1
1382 391 1491 437 831.
1509 391 1551 453 (1
1560 391 1658 453 67).

287 464 353 511 Ex
397 465 482 512 hac
526 465 784 512 recensione
825 482 957 530 quam
1003 464 1161 512 maiori
1196 482 1286 529 qua
1325 481 1406 529 per
1443 482 1526 513 nos
1566 465 1664 514 fieri

192 541 338 605 potuit
370 541 604 604 diligentia
638 541 853 588 hactenus
889 541 1110 605 prosecuti
1147 558 1326 597 sumus,
1365 541 1558 606 quisque
1599 541 1666 589 sa-

191 617 277 665 cile
324 616 533 680 colligere
575 617 773 681 poterit,
820 618 864 663 1.
906 617 1053 682 reipsa
1103 616 1193 664 illis
1233 617 1280 662 in
1325 616 1580 680 regionibus
1615 617 1663 664 in

190 692 356 757 quibus
390 692 616 739 decretum
650 692 939 739 tridentinum
973 692 1299 758 promulgatum
1334 703 1402 740 est
1436 710 1488 741 ac
1517 692 1666 741 obser-

191 776 341 815 vatum
359 803 369 822 ,
413 782 465 813 eo
498 765 677 813 retineri
719 783 808 814 non
842 767 987 814 solum
1021 767 1263 815 catholicos
1281 805 1292 824 ,
1335 780 1489 815 verum
1532 768 1664 816 eti-am

190 841 462 889 acatholicos
496 840 590 888 sive
623 841 698 888 isti
732 840 817 888 sub
851 841 1131 906 principibus
1165 841 1398 890 catholicis
1416 880 1427 899 ,
1454 843 1551 891 sive
1580 843 1665 891 sub

190 915 452 965 acatholicis
477 926 736 973 versentur,
763 916 851 963 nisi
877 916 934 963 ad
960 916 1061 963 illas
1087 916 1290 980 regiones
1324 917 1499 965 indulta
1532 918 1666 966 fuerit

189 992 437 1041 Declaratio
469 992 695 1040 Benedicti
727 992 836 1038 XIV.
878 1008 959 1056 pro
992 992 1288 1040 matrimoniis
1322 993 1368 1039 in
1404 993 1659 1042 Hollandia.

193 1071 239 1117 2.
268 1068 501 1118 Eiusmodi
525 1068 901 1125 Declarationem,
929 1068 1033 1116 licet
1055 1068 1210 1116 eadem
1239 1069 1452 1118 adiuncta
1484 1071 1533 1118 in·
1563 1071 1665 1121 aliis

190 1163 370 1213 quoque
403 1144 661 1209 regionibus
683 1145 862 1208 vigeant
884 1161 937 1192 ac
960 1144 1007 1191 in
1030 1143 1292 1202 Hollandia,
1322 1155 1490 1204 tamen,
1519 1147 1575 1195 ad
1598 1165 1668 1196 so·

189 1223 279 1272 lam
313 1225 436 1273 illam
471 1226 697 1290 regionem
730 1226 955 1275 exclusive
987 1226 1323 1274 determinatam
1368 1244 1490 1284 esse,
1523 1227 1586 1274 ita
1618 1236 1669 1274 ut

190 1301 428 1366 suffragari
462 1320 550 1350 non
588 1303 758 1367 possit,
799 1303 887 1350 nisi
925 1303 1184 1350 auctoritate
1229 1302 1498 1368 apostolicae
1540 1303 1664 1351 sedis

191 1394 401 1442 expresse
425 1378 556 1426 fuerit
578 1389 761 1426 extensa
789 1379 938 1441 (168);
981 1380 1025 1425 3.
1064 1378 1277 1441 Eamdem
1316 1378 1667 1427 Declarationem

190 1451 337 1502 favere
369 1454 480 1503 solis
515 1454 859 1503 acatholicorum
894 1453 1113 1518 coniugiis
1138 1471 1226 1502 non
1250 1463 1398 1502 autem
1429 1454 1668 1503 catholico-

189 1547 288 1577 rum
303 1569 313 1588 ,
341 1530 419 1596 qui
443 1531 624 1579 omnino
649 1531 888 1595 adiguntur
916 1531 1098 1596 propria
1121 1530 1327 1594 coniugia
1357 1530 1582 1579 celebrare
1607 1532 1665 1580 ad

191 1623 391 1655 normam
408 1625 436 1655 a
452 1608 639 1656 concilio
658 1608 896 1656 tridentino
914 1609 1198 1656 constitutam
1218 1607 1302 1655 sub
1322 1607 1537 1656 nullitatis
1557 1625 1665 1673 poe—

192 1700 274 1740 na;
310 1685 354 1730 4.
379 1684 509 1740 Quod
528 1685 567 1732 si
584 1685 789 1748 coniugia
812 1685 949 1732 mixta
965 1685 1009 1732 vi
1028 1685 1162 1732 huius
1186 1684 1494 1732 benedictinae
1510 1685 1667 1733 Decla-

192 1760 400 1819 rationis,
438 1761 516 1808 ubi
550 1771 731 1810 extensa
764 1772 852 1819 est,
895 1761 1047 1809 valida
1081 1761 1300 1808 habentur
1327 1799 1338 1817 ,
1382 1761 1428 1807 id
1471 1771 1669 1826 repeten-

192 1836 298 1884 dum
332 1854 434 1886 esse
466 1855 518 1886 ex
545 1838 711 1886 ratione
744 1838 799 1886 ab
824 1839 923 1903 ipso
946 1838 1182 1885 Benedicto
1203 1838 1312 1883 XIV.
1342 1837 1535 1886 adducta
1551 1876 1562 1896 ,
1599 1838 1668 1886 ni-

285 2001 372 2043 (166)
392 2003 545 2040 Quaesita
557 2003 620 2036 fuit
629 2004 773 2037 extensio
783 2002 1015 2036 Declarationis
1026 2003 1247 2036 benedictinae
1256 2011 1277 2035 a
1292 2010 1440 2044 congreg.
1451 2011 1478 2035 s.
1489 2002 1547 2035 off.
1558 2002 1667 2044 quoad

192 2055 399 2088 matrimonia
410 2056 609 2090 clandestina
628 2066 765 2099 eamque
780 2058 989 2091 obtinuerunt
1002 2057 1089 2089 illius
1103 2057 1226 2089 insulae
1239 2056 1363 2089 incolae
1368 2067 1379 2098 ;
1394 2055 1555 2097 siquidem
1569 2055 1670 2089 missa

191 2111 242 2143 est
255 2109 297 2142 ad
317 2110 477 2143 vicarium
491 2111 717 2153 apostolicum.

285 2164 373 2206 ’(167)
396 2166 442 2196 Ex
457 2164 521 2197 litt.
537 2173 591 2197 an.
610 2170 698 2198 1831.
716 2166 843 2198 constat
857 2174 877 2197 a
891 2166 998 2197 Leone
1012 2164 1082 2197 xli.
1099 2165 1264 2198 extensam
1279 2163 1321 2197 ad
1335 2164 1394 2196 has
1408 2163 1555 2205 regiones
1569 2163 1669 2197 fuisse

189 2217 449 2251 Declarationem
467 2217 590 2251 Bened.
606 2220 691 2250 XIV.
710 2227 769 2259 pro
783 2217 969 2251 Hollandia.
987 2220 1034 2250 Ex
1047 2219 1112 2250 act.
1129 2226 1277 2259 congreg.
1289 2217 1330 2250 de
1340 2225 1474 2259 propag.
1490 2216 1567 2250 fide.

289 2270 375 2312 (168)
399 2273 529 2303 Praeter
550 2279 606 2311 ea,
633 2279 717 2312 quae
739 2271 888 2311 superius
910 2271 1096 2311 attulimus,
1116 2270 1205 2311 quod
1231 2270 1285 2302 hic
1300 2270 1473 2303 asserimus
1500 2269 1670 2302 confirma·

192 2322 247 2355 'tur
275 2331 315 2356 ex
341 2324 550 2366 responsione
577 2324 654 2356 data
675 2332 695 2356 a
715 2332 865 2365 congreg.
890 2333 918 2356 s.
943 2323 1002 2357 oss.
1035 2329 1083 2357 13.
1107 2323 1168 2356 lul.
1191 2327 1281 2356 1818.
1304 2322 1347 2355 ad
1375 2323 1439 2356 vi'c.
1456 2331 1563 2364 gener.
1586 2321 1670 2364 pari-

191 2376 288 2409 siens.
301 2384 354 2409 an.
371 2377 540 2410 1817.Vic.
556 2377 644 2409 enim
663 2376 850 2417 parisiensis
868 2377 930 2409 hoc
955 2377 1168 2418 proposuerat
1190 2375 1344 2408 dubium:
1369 2378 1437 2408 «An
1458 2375 1667 2408 matrimonia

191 2431 357 2462 contracta
380 2431 463 2463 inter
485 2429 665 2462 catholicos
680 2431 711 2462 et
726 2429 904 2462 haereticos
921 2429 1043 2471 absque
1065 2429 1198 2471 parochi
1223 2429 1422 2471 praesentia,
1440 2429 1517 2461 licet
1533 2427 1666 2468 illicita,

191 2482 257 2515 sint
270 2483 379 2516 tamen
392 2481 520 2515 valida?
530 2495 546 2510 ι»
558 2483 655 2523 Resp.
674 2495 690 2510 «ι
702 2481 974 2523 Respondendum
991 2483 1089 2523 prout
1104 2482 1202 2514 etiam
1217 2486 1406 2523 responsum
1432 2481 1494 2513 fuit
1518 2481 1669 2522 episcopo

191 2535 394 2568 rosnaviensi
414 2544 467 2568 an.
491 2539 595 2577 ι78ο.;
611 2535 710 2576 episc.
727 2535 888 2568 melitensi
903 2540 1062 2568 an.1803.
1080 2535 1113 2568 et
1134 2535 1252 2568 rectori
1274 2533 1487 2576 lorepediensi
1502 2542 1554 2566 an.
1576 2537 1666 2566 1808.

190 2590 311 2631 Nempe
334 2589 526 2622 decretalem
551 2589 670 2622 Bened.
687 2591 772 2622 xlv.
790 2598 844 2621 an.
865 2591 954 2622 1741.
971 2588 1095 2622 editam
1110 2598 1205 2631 super
1221 2587 1437 2621 matrimoniis
1455 2585 1663 2626 Hollandiae‚

190 2644 352 2675 taxative
378 2642 537 2683 respicere
562 2643 689 2675 tantum
715 2641 923 2675 matrimonia
938 2642 973 2674 in
994 2642 1036 2674 iis
1057 2642 1234 2683 provinciis
1254 2642 1440 2680 contracta,
1462 2647 1529 2671 non
1556 2639 1664 2671 autem

190 2695 257 2728 alia
276 2695 483 2728 matrimonia
500 2695 533 2728 in
551 2695 625 2728 aliis
641 2696 720 2727 locis
733 2696 766 2728 et
781 2695 957 2736 provinciis
981 2695 1077 2735 inita,
1100 2695 1220 2736 quibus
1242 2694 1364 2726 idcireo
1380 2691 1534 2734 applicari
1552 2691 1666 2733 nequit

189 2747 314 2789 absque
327 2757 413 2780 nova
427 2749 460 2781 et
475 2748 608 2790 speciali
625 2757 652 2781 s.
663 2748 750 2781 sedis
764 2748 998 2789 declaratione,
1014 2748 1126 2781 mullo
1144 2750 1260 2781 minus
1278 2748 1310 2779 in
1323 2746 1454 2786 Galliis,
1479 2744 1535 2777 ubi
1555 2744 1663 2777 decre·

191 2802 262 2832 tum
276 2809 368 2833 conc.
383 2799 550 2834 tridentini
564 2809 642 2834 sess.
656 2803 706 2834 24.
722 2810 751 2833 c.
770 2805 797 2834 1.
812 2802 861 2834 De
873 2800 931 2834 res.
947 2800 1069 2842 absque
1083 2801 1152 2833 ullo
1171 2799 1271 2832 dubio
1295 2798 1481 2831 immediate
1500 2797 1574 2838 post
1589 2804 1664 2830 con·

190 2851 303 2886 cilium
322 2853 521 2895 publicatum
542 2854 604 2888 suit
619 2856 654 2887 in
668 2855 840 2888 universis
852 2855 1045 2897 paroeciis,
1061 2855 1093 2887 et
1105 2852 1364 2887 constantissime
1380 2850 1622 2884 observatum.»

277 2923 312 2959 ll
1561 2924 1604 2958 18
