1980 3260
346 256 434 305 448
623 270 705 304 tm.
732 271 779 304 11.
807 270 922 304 sacr,
949 269 1122 303 Atrans.
1149 270 1202 304 nn
1225 269 1391 303 rornsr.
1419 268 1560 304 civim.

341 350 483 398 ciente
515 348 633 396 enim
659 348 762 395 idea
790 348 1021 414 quidpiam
1056 347 1151 396 fieri
1185 348 1339 413 nequit
1371 359 1449 398 aut
1475 349 1650 397 tentari.
1674 349 1808 401 Porro

341 426 452 473 haec
491 425 592 472 idea
630 424 888 472 irritationis
922 424 1090 472 vinculi
1119 424 1364 488 coniugalis
1397 424 1595 473 destituti
1628 426 1810 476 omnino

341 511 464 548 erant
497 497 721 564 principes
756 499 977 548 infideles.
1018 499 1137 547 Haec
1176 500 1295 547 enim
1340 499 1442 548 idea
1474 500 1531 549 de
1561 501 1809 550 irritatione

341 576 531 624 foederis
565 593 708 623 coram
739 576 827 623 Deo
858 586 899 623 et
930 577 978 623 in
1009 577 1103 641 soro
1136 577 1416 624 conscientiae
1449 586 1539 625 tota
1562 577 1810 626 christiana

341 662 425 700 est.
451 652 626 700 Veteres
652 669 709 699 ne
730 652 945 717 suspicati
980 651 1162 717 quidem
1195 651 1436 717 aliquando
1461 663 1588 711 sunt,
1613 653 1810 720 aliquem

340 737 485 776 actum
519 728 835 776 conscientiam
870 728 1095 776 maculare
1128 745 1181 776 ac
1213 739 1385 776 sontem
1413 746 1563 777 coram
1585 730 1678 778 Deo
1711 729 1811 778 effi-

341 821 469 862 cere,
502 804 583 870 qui
615 822 717 852 eum
753 815 937 870 poneret
969 816 1013 853 et
1044 804 1225 870 quidem
1258 804 1428 853 occulte
1449 843 1460 863 ‚
1502 822 1558 853 ex
1596 822 1650 854 eo
1687 805 1808 871 quod

340 880 604 946 impingeret
647 880 692 928 in
736 881 878 945 legem
912 899 939 930 a
972 881 1175 947 principe
1221 881 1455 929 sancitam.
1494 881 1586 929 lam
1627 899 1732 931 vero
1769 881 1811 931 si

339 967 614 1004 exerceretur
633 957 906 1005 connubium
935 957 1055 1024 quod
1082 957 1254 1005 irritum
1281 957 1430 1022 quoad
1458 957 1686 1006 vinculum
1711 968 1806 1015 est,

338 1033 533 1098 profecto
558 1051 712 1084 omnes
731 1034 777 1082 hi
797 1046 923 1083 actus
942 1034 1124 1082 totidem
1141 1044 1293 1082 essent
1310 1045 1492 1100 peccata
1505 1071 1516 1091 ,
1543 1051 1660 1100 quae
1685 1051 1810 1082 reum

341 1108 467 1157 illum
495 1110 810 1159 constituerent
843 1111 921 1176 qui
954 1128 1032 1159 eos
1066 1120 1270 1176 poneret;
1311 1121 1466 1158 contra
1498 1127 1604 1158 vero
1636 1110 1813 1159 honesti

342 1203 395 1234 ac
427 1186 535 1234 liciti
569 1187 806 1235 evaderent
833 1187 874 1235 si
901 1186 1127 1236 vinculum
1156 1196 1277 1234 esset
1304 1186 1567 1250 legitimum.
1587 1186 1813 1252 Numquid

339 1261 397 1311 de
428 1262 514 1311 hoc
544 1263 792 1327 cogitarunt
823 1280 1020 1327 unquam
1053 1261 1237 1310 humani
1269 1261 1576 1327 legislatores?
1610 1263 1816 1312 Praeser-

340 1339 418 1387 tim
454 1355 556 1387 cum
588 1339 674 1388 sub
707 1339 968 1404 paganismo
1000 1337 1267 1404 'pervulgata
1296 1349 1421 1388 esset
1457 1339 1692 1405 persuasio
1724 1340 1816 1390 for·

339 1414 606 1463 nicationem
633 1431 714 1481 per
742 1432 792 1463 se
825 1414 992 1463 licitam
1018 1431 1122 1463 esse
1137 1452 1149 1472 ‚
1177 1425 1255 1463 aut
1276 1415 1432 1465 saltem
1466 1416 1811 1475 indifferentem,

340 1501 390 1540 ut
426 1491 542 1539 inter
575 1501 745 1540 ceteros
779 1501 952 1540 constat
978 1508 1032 1539 ex
1061 1490 1263 1557 Epicteto
1293 1494 1412 1556 (14),
1443 1503 1488 1541 et
1520 1510 1575 1541 ex
1607 1510 1660 1541 eo
1692 1493 1814 1560 quod

337 1567 538 1633 Apostoli
551 1567 787 1616 debuerint
809 1568 925 1616 inter
942 1577 1087 1617 cetera
1104 1568 1344 1634 neophytis
1361 1568 1619 1618 christianis
1635 1587 1689 1618 ex
1705 1586 1815 1634 gen-

338 1643 495 1692 tilitate
527 1644 862 1692 fornicationem
896 1643 1160 1692 interdicere
1186 1646 1304 1707 (15).
1334 1644 1468 1692 Porro
1491 1654 1730 1710 potuerunt
1755 1661 1815 1694 ne

339 1735 553 1785 umquam
577 1719 805 1787 Principes
823 1719 868 1767 id
887 1720 983 1769 suis
1002 1718 1176 1784 legibus
1195 1720 1474 1769 irritantibus
1501 1720 1813 1787 praetendere,

336 1806 390 1843 ut
420 1795 654 1861 fornicarii
683 1795 973 1844 redderentur
1005 1806 1154 1854 actus,
1192 1795 1270 1862 qui
1305 1796 1346 1844 si
1368 1796 1415 1843 in
1438 1795 1636 1861 legitimo
1659 1796 1818 1846 fierent

340 1872 547 1937 coniugio
569 1872 680 1920 liciti
704 1883 854 1921 essent
876 1889 930 1920 ac
962 1872 1350 1921 matrimoniales?
1372 1872 1468 1922 Hoc
1500 1882 1569 1921 est
1599 1889 1705 1922 vere
1735 1872 1816 1921 ab-

343 1965 502 1996 sonum
537 1966 617 2013 pro
651 1948 729 1996 illa
761 1959 926 2006 aetate,
964 1959 1009 1996 et
1040 1948 1164 1996 iuxta
1198 1948 1401 1997 notiones
1443 1966 1524 1997 seu
1561 1948 1813 2014 principia,

340 2041 456 2089 quae
488 2035 591 2072 tunc
622 2024 856 2089 vigebant;
884 2024 924 2073 si
949 2024 1086 2088 igitur
1107 2023 1336 2089 principes
1368 2023 1573 2072 infideles
1596 2023 1682 2072 hac
1713 2023 1817 2072 idea

339 2099 574 2159 carebant,
612 2102 835 2167 quomodo
867 2111 1108 2167 potuerunt
1139 2100 1262 2165 leges
1295 2100 1487 2149 condere
1521 2100 1687 2166 quibus
1715 2099 1817 2148 nul-

340 2176 432 2225 lum
466 2177 663 2243 nuptiale
700 2178 926 2228 vinculum
960 2175 1250 2226 redderetur?
1272 2176 1640 2226 Concludendum
1681 2176 1817 2242 igitur

435 2342 502 2385 (14)
524 2339 706 2376 tuente-id.
722 2352 792 2385 cap.
814 2343 994 2377 xL111.vel
1017 2344 1110 2377 iuxta
1127 2342 1181 2377 ed.
1196 2343 1297 2376 Firm.
1315 2340 1419 2375 Didot
1436 2350 1508 2383 cap.
1523 2341 1671 2374 xxxlll.
1686 2348 1721 2373 n.
1737 2344 1769 2373 8.
1783 2339 1818 2373 in

341 2404 439 2437 quem
458 2396 520 2428 ioc.
538 2396 589 2428 ct'.
605 2396 762 2437 Simplicii
787 2398 1006 2429 commentar.
1021 2397 1112 2429 idem
1133 2397 1262 2429 constat
1281 2396 1323 2428 de
1345 2396 1493 2435 Socrate,
1519 2393 1607 2435 apud
1623 2392 1816 2434 xenophon·

338 2451 426 2490 tem,
440 2449 723 2482 Memorabilium
746 2449 801 2481 lib.
819 2451 878 2482 111.
893 2452 977 2483 c.11.
991 2450 1047 2491 qui
1063 2449 1265 2483 Theodotam
1287 2448 1455 2482 erudiebat
1471 2447 1674 2480 meretricem
1685 2446 1727 2479 ad
1742 2447 1817 2488 apte

341 2503 431 2536 viros
450 2501 651 2536 alliciendos.
670 2502 708 2534 ld
736 2502 842 2543 ipsum
867 2504 956 2544 patet
981 2512 1022 2536 ex
1049 2503 1198 2536 Terentio
1212 2503 1248 2535 in
1259 2502 1405 2544 Adelph.
1425 2503 1455 2534 Ι.
1475 2505 1506 2534 2.
1518 2505 1555 2533 21
1570 2509 1639 2541 seq.
1651 2499 1703 2532 ct'.
1716 2501 1816 2541 Spen-

341 2565 470 2598 oerum,
488 2555 546 2589 lib.
560 2557 587 2588 1.
600 2564 633 2598 p.
648 2558 719 2588 743.
737 2555 957 2588 schwarzium
976 2556 1010 2587 in
1025 2556 1161 2589 Dissert.
1180 2558 1231 2588 De
1245 2556 1485 2588 comissation.
1502 2554 1571 2586 vet.
1586 2552 1704 2586 Alteri.
1723 2553 1813 2585 1744.

340 2608 372 2650 §.
391 2613 439 2642 10.
463 2613 511 2642 11.
528 2608 708 2641 Aibertium
727 2607 771 2641 ad
788 2609 882 2641 Rom.
894 2609 984 2640 xlll.
1002 2613 1050 2641 13.

438 2661 504 2703 (15)
522 2662 593 2694 Act.
608 2659 678 2694 XV.
696 2665 747 2694 20.
765 2662 802 2693 ln
823 2668 920 2701 quem
937 2659 998 2692 loc.
1015 2660 1067 2694 cs.
1081 2662 1212 2695 cornel.
1225 2670 1245 2694 a
1259 2660 1391 2703 Lepide.
1406 2658 1547 2693 Kuinoel
1570 2658 1760 2692 comment.
1776 2658 1815 2690 in

343 2711 404 2747 lib.
421 2716 467 2747 N.
485 2716 522 2748 Τ.
538 2714 693 2748 historic.
709 2714 838 2756 Lipsiae
855 2715 943 2746 1827.
967 2714 1035 2746 vol.
1062 2716 1116 2746 lv.
1138 2714 1191 2747 ed.
1218 2723 1283 2748 sec.
1308 2714 1456 2755 aliosque
1479 2712 1670 2754 interpretes
1694 2709 1815 2754 passini

340 2764 410 2800 sive
435 2767 614 2800 catholicos
641 2767 710 2800 sive
736 2767 968 2809 protestantes,
993 2766 1049 2807 qui
1073 2775 1186 2800 omnes
1201 2767 1234 2799 in
1249 2775 1288 2800 eo
1309 2765 1507 2799 conveniunt
1529 2764 1602 2798 ideo
1629 2764 1744 2797 datum
1771 2763 1814 2796 ab

341 2820 504 2861 Apostolis
529 2820 590 2853 hoc
609 2820 774 2854 decretum
790 2819 884 2852 novis
896 2828 935 2852 ex
951 2819 1130 2860 gentilitate
1142 2819 1327 2852 christianis
1339 2820 1426 2861 esse,
1442 2817 1531 2861 quod
1545 2817 1665 2852 ethnici
1686 2817 1814 2851 nullum

342 2873 376 2906 in
405 2866 618 2907 fornicatione
643 2875 832 2917 peccatum,
857 2872 970 2907 saltem
995 2880 1094 2914 grave
1120 2873 1341 2914 agnoscerent.
