1980 3260
272 209 362 241 ω».
378 210 437 241 vi.
451 209 503 241 nn
521 208 646 241 uun.
659 206 836 240 affluar.
849 206 934 239 mr.
947 207 995 238 si:
1013 207 1092 239 vni.
1109 208 1193 241 cun
1211 206 1332 242 carn.
1349 207 1444 242 uir.
1459 208 1506 242 11.
1579 193 1670 242 2⁰5

200 288 291 344 xit,
330 304 382 335 ac
408 286 562 334 merito
584 284 854 349 peculiarem
878 284 1166 332 attentionem
1194 286 1327 335 etiam
1350 286 1438 336 hoc
1458 286 1556 336 loco
1580 286 1668 336 sibi

201 363 410 411 vindicat.
451 360 817 426 Impedimentum
853 359 1069 408 dirimens
1101 360 1472 412 clandestinitatis
1505 379 1559 412 eo
1593 363 1673 412 de-

202 449 320 487 creto
353 438 634 487 constitutum
668 454 721 484 ex
755 436 856 501 ipsa
888 436 1186 486 declaratione
1224 439 1401 487 concilii
1435 457 1524 489 non
1559 438 1673 489 obli-

200 526 274 579 gat
309 516 395 563 nisi
427 517 473 562 in
502 513 717 580 paroeciis
754 513 884 560 fuerit
914 513 1187 577 publicatum
1211 534 1220 561 :
1260 515 1366 562 hinc
1393 515 1674 564 matrimonia

203 609 290 639 non
324 592 454 640 modo
487 588 620 638 mixta
654 599 698 636 et
730 588 1051 636 haereticorum
1070 627 1080 646 ,
1123 606 1274 637 verum
1315 591 1448 637 etiam
1483 589 1672 639 catholi-

202 684 352 715 corum
375 706 385 724 ,
425 685 476 716 eo
506 665 818 731 impedimento
843 682 931 712 non
960 675 1165 712 tenentur
1192 665 1269 712 ubi
1294 665 1534 730 publicatio
1557 683 1671 731 qua-

202 760 391 808 cumque
415 743 472 791 de
495 759 628 790 causa
651 740 766 788 facta
789 757 877 787 non
901 740 1047 787 suerit.
1085 739 1140 787 At
1164 741 1368 804 quaestio
1386 751 1454 789 est
1478 741 1673 806 implexa

202 830 246 866 et
271 819 499 867 salebrosa
527 835 582 866 an
614 834 666 866 eo
690 815 1008 881 impedimento
1042 815 1242 864 invalida
1274 817 1445 864 censeri
1479 817 1670 866 debeant

203 894 480 943 clandestina
502 893 779 942 matrimonia
797 892 893 940 sive
916 892 1053 940 mixta
1077 892 1171 941 sive
1194 892 1517 941 haereticorum
1539 894 1596 942 iis
1620 894 1667 941 in

199 969 309 1018 locis
341 981 561 1019 contracta
589 971 633 1017 in
664 968 826 1035 quibus
862 969 1149 1016 tridentinum
1173 968 1399 1016 decretum
1424 969 1556 1017 fuerit
1589 987 1673 1034 pu-

202 1046 414 1095 blicatum
429 1086 439 1105 ,
468 1058 512 1095 et
534 1047 579 1094 in
603 1046 764 1113 quibus
787 1045 919 1094 modo
942 1045 1151 1093 haeretici
1176 1044 1246 1093 vel
1269 1044 1578 1103 dominantur,
1599 1045 1668 1093 vel

202 1123 286 1170 sub
315 1124 593 1189 principibus
615 1123 756 1173 'etiam
787 1122 1027 1187 [catholicis
1062 1139 1169 1170 suos
1205 1121 1372 1170 habent
1405 1121 1635 1171 ministros
1656 1161 1668 1180 ,

204 1217 374 1265 suaque
407 1201 571 1266 templa
592 1239 602 1258 ,
646 1217 697 1249 ac
730 1210 880 1248 coetus
916 1199 1122 1265 propriae
1143 1198 1470 1247 communionis
1493 1237 1504 1255 ‚
1530 1209 1580 1246 ut
1600 1216 1672 1247 vo-

201 1287 325 1334 cant,
354 1278 646 1335 constituunt,
674 1277 873 1342 adeoque
901 1293 956 1324 ne
979 1276 1222 1340 cogitantes
1246 1275 1427 1341 quidem
1451 1274 1508 1323 de
1530 1275 1671 1324 forma

202 1353 467 1411 tridentina,
497 1372 617 1403 more
641 1371 720 1404 suo
743 1354 898 1401 ineunt
921 1353 1145 1417 coniugia.

298 1430 485 1478 Famosa
511 1442 579 1479 est
612 1431 695 1479 hac
726 1431 773 1477 in
807 1430 1106 1479 controversia
1131 1429 1379 1478 Declaratio
1408 1439 1540 1495 atque
1562 1445 1668 1477 con-

203 1507 349 1555 cessio
383 1508 608 1556 Benedicti
630 1509 737 1557 XIV.
766 1508 884 1555 circa
919 1508 1202 1555 matrimonia
1224 1507 1488 1555 Hollandiae
1509 1545 1519 1565 ,
1557 1524 1672 1572 quae

202 1582 307 1631 data
335 1583 418 1631 fuit
441 1584 514 1632 die
541 1586 583 1631 4.
608 1584 818 1633 Novemb.
842 1602 915 1632 an.
942 1586 1082 1631 1741.
1108 1601 1311 1650 quaeque
1348 1584 1414 1631 sic
1438 1601 1487 1631 se
1508 1582 1663 1631 habet:

207 1679 231 1704 «
253 1659 381 1716 Quod
411 1661 565 1710 attinet
592 1661 648 1709 ad
672 1661 953 1709 matrimonia
976 1661 1032 1708 ab
1056 1660 1294 1709 haereticis
1327 1661 1442 1708 inter
1469 1678 1518 1708 se
1540 1660 1587 1707 in
1604 1659 1671 1708 lo-

202 1736 267 1783 cis
309 1737 630 1786 foederatorum
673 1738 877 1786 ordinum
924 1738 1121 1786 dominio
1161 1737 1372 1786 subiectis
1418 1736 1666 1794 celebrata,

202 1829 290 1860 non
324 1824 496 1862 servata
519 1814 658 1864 forma
681 1833 760 1881 per
782 1814 1070 1862 tridentinum
1103 1814 1399 1879 praescripta,
1430 1812 1534 1861 licet
1564 1813 1670 1861 San·

201 1889 330 1938 ctitas
365 1907 447 1938 sua
471 1908 559 1939 non
594 1892 766 1956 ignoret
787 1931 797 1949 ‚
836 1891 948 1940 alias
978 1892 1024 1938 in
1049 1891 1228 1939 casibus
1263 1890 1532 1956 quibusdam
1567 1906 1670 1955 par-

202 1966 477 2025 ticularibus,
499 1978 542 2016 et
559 1970 740 2017 attentis
761 1980 865 2017 tunc
882 1969 1094 2034 expositis
1113 1967 1474 2025 circumstantiis,
1498 1983 1670 2015 sacram

198 2044 584 2107 congregationem
629 2045 806 2094 concilii
845 2062 925 2110 pro
970 2062 1121 2093 eorum
1166 2043 1439 2092 invaliditate
1485 2059 1670 2108 respon-

199 2119 354 2176 disse;
382 2138 523 2186 aeque
553 2132 702 2169 tamen
733 2132 1004 2187 compertum
1039 2121 1210 2169 habens
1232 2119 1383 2179 ,nihil
1415 2118 1564 2168 adhuc
1596 2136 1672 2183 ge-

201 2196 390 2243 neratim
425 2206 468 2242 et
491 2197 699 2244 universe
731 2215 866 2261 super
889 2196 1108 2244 eiusmodi
1133 2195 1426 2244 matrimoniis
1451 2194 1593 2243 fuisse
1616 2194 1673 2243 ab

199 2272 444 2336 apostolica
486 2272 593 2319 sede
627 2272 860 2320 definitum
883 2312 893 2330 ‚
931 2284 974 2321 et
1013 2273 1211 2339 alioquin
1247 2283 1449 2338 oportere
1492 2272 1672 2320 omnino

199 2346 256 2393 ad
280 2347 601 2395 consulendum
620 2348 843 2397 universis
868 2349 1075 2397 fidelibus
1099 2349 1146 2396 in
1169 2349 1226 2397 iis
1250 2348 1360 2397 locis
1385 2347 1666 2412 degentibus,

198 2434 242 2470 et
271 2423 398 2488 plura
422 2424 660 2472 avertenda
689 2425 955 2488 gravissima
978 2424 1258 2474 incommoda
1280 2464 1290 2482 ‚
1324 2425 1433 2490 quid
1457 2421 1670 2488 generali·

198 2510 263 2547 ter
299 2501 355 2547 de
389 2501 514 2548 hisce
546 2502 842 2550 matrimoniis
877 2502 1149 2552 censendum
1181 2502 1242 2551 sit
1263 2541 1273 2559 ‚
1310 2501 1567 2558 declarare3
1594 2517 1673 2548 ne-

197 2576 317 2640 gotio
350 2587 520 2626 mature
557 2596 804 2644 perpenso,
844 2579 1142 2646 omnibusque
1176 2578 1397 2627 rationum
1436 2576 1672 2626 momentis

197 2652 303 2700 hinc
339 2653 444 2701 inde
468 2655 624 2703 sedulo
655 2655 827 2704 libratis
852 2695 861 2714 ,
901 2656 1172 2713 declaravit,
1211 2656 1455 2720 statuitque
1476 2692 1486 2711 ‚
1524 2652 1673 2701 matri-

197 2730 347 2778 monia
380 2731 427 2778 in
463 2731 593 2780 dictis
629 2732 866 2782 foederatis
901 2733 1039 2798 Belgii
1075 2733 1317 2800 provinciis
1349 2732 1465 2780 inter
1486 2729 1674 2779 haereti-

199 2822 276 2853 cos
311 2824 456 2872 usque
484 2808 616 2857 modo
651 2820 875 2858 contracta
894 2849 905 2868 ‚
936 2828 1140 2877 quaeque
1167 2811 1213 2858 in
1246 2820 1471 2875 posterum
1507 2820 1674 2857 contra-
