1980 3260
258 238 348 270 eir.
367 238 426 269 v1.
443 237 495 269 ni:
514 236 639 269 uun.
659 235 835 268 mann.
853 235 998 269 mnas
1015 234 1095 268 vai.
1106 234 1191 269 cun
1210 234 1445 269 ωτι-1111.
1463 235 1511 268 11.
1574 218 1667 269 219

191 316 371 364 Lessius
399 316 523 378 (33),
550 313 676 362 Elbel
703 315 825 377 (34),
854 313 1007 362 Franc.
1035 312 1236 362 Schmier
1261 314 1387 377 (35),
1415 311 1663 363 flolzmann

196 394 324 455 (36),
354 391 535 440 Bockhn
562 391 658 454 (37)
676 429 686 448 ,
715 389 982 438 Thenhaven
1009 390 1105 453 (38)
1122 427 1133 447 ‚
1168 389 1459 453 Poncius(39)
1480 426 1491 447 ,
1526 389 1668 455 Trop-

197 485 277 533 per
299 470 394 531 (40)
416 506 426 524 ,
455 467 595 516 Collet
623 468 718 529 (41)
737 505 746 523 ,
767 465 933 531 aliique
949 481 1110 529 magno
1128 482 1310 514 numero
1325 463 1404 531 qui
1422 464 1479 512 ab
1503 463 1664 513 iisdem

193 543 448 592 auctoribus
466 542 714 606 allegantur
728 579 738 598 ,
760 542 895 606 etqui
914 551 1014 606 post
1030 540 1210 590 eosdem
1229 540 1503 606 scripserunt
1519 557 1667 606 usque

193 621 249 668 ad
283 629 471 668 aetatem
508 628 703 666 nostram
725 619 842 680 (42).

290 696 479 743 Istorum
503 703 651 740 autem
675 701 934 755 argumenta
958 692 1045 740 huc
1069 703 1349 750 revocantur;
1372 694 1537 758 primo,
1566 709 1669 741 con·

195 772 350 819 stituto
383 767 521 817 semel
554 767 778 833 principio
802 767 1095 825 ineluctabili,
1123 769 1243 833 quod
1265 768 1472 817 catholici
1496 769 1663 818 subditi

198 845 411 894 ecclesiae
444 844 556 900 sint,
594 843 783 908 eiusque
822 842 994 906 legibus
1033 843 1304 901 vinciantur,
1350 855 1481 910 prout
1512 856 1556 894 et
1588 862 1670 894 nos

193 922 242 969 in
276 920 498 986 superiori
533 919 719 967 articulo
753 918 1050 976 ostendimus,
1088 929 1132 967 et
1164 930 1393 984 praeterea
1422 931 1595 969 constat
1615 939 1668 969 ex

195 998 253 1046 iis
277 996 509 1054 omnibus,
528 1013 643 1061 quae
666 994 853 1044 ecclesia
875 995 1103 1043 constituit
1118 995 1164 1042 in
1182 996 1392 1045 universo
1417 998 1485 1045 tit.
1500 997 1564 1044 De
1578 997 1671 1045 kae-

198 1074 367 1129 reta-is,
396 1073 484 1120 iam
508 1071 640 1137 plane
673 1070 960 1136 consequitur
991 1070 1172 1119 eosdem
1206 1070 1422 1121 obnoxios
1453 1089 1556 1121 esse
1583 1072 1670 1138 legi

198 1169 226 1200 a
270 1168 396 1200 conc.
444 1148 682 1198 tridentino
728 1158 917 1197 statutae
966 1148 1084 1197 circa
1128 1149 1314 1197 formam
1363 1149 1672 1199 celebrationis

197 1227 518 1292 coniugiorum.
548 1227 640 1274 Iam
665 1242 769 1274 vero
801 1225 1024 1273 decretum
1057 1225 1364 1285 tridentinum,
1392 1225 1515 1275 nulla
1537 1227 1672 1275 inter·-

198 1302 346 1368 posita
379 1301 664 1351 distinctione
691 1339 702 1359 ,
752 1300 876 1349 nulla
916 1301 1174 1367 exceptione
1206 1302 1324 1350 facta
1350 1340 1361 1360 ‚
1406 1302 1483 1350 illa
1522 1304 1672 1350 omnia

199 1379 407 1443 coniugia
442 1379 567 1427 irrita
599 1379 780 1427 omnino
803 1396 855 1426 ac
877 1378 1001 1426 nulla
1034 1378 1194 1436 edixit,
1221 1396 1337 1444 quae
1360 1379 1525 1427 fuerint
1558 1378 1674 1428 cele-—

199 1456 328 1504 brata
345 1455 401 1503 iis
419 1455 466 1502 in
483 1455 594 1504 locis
613 1456 659 1503 in
678 1455 842 1521 quibus
861 1456 1087 1504 decretum
1106 1455 1191 1504 hoc
1209 1456 1340 1504 suerit
1363 1456 1444 1504 rite
1469 1455 1669 1522 publica-

198 1543 307 1582 tum.
331 1532 471 1597 Igitur
486 1542 529 1581 et
551 1531 785 1582 acatholici
812 1532 898 1581 hac
920 1532 1018 1597 lege
1043 1532 1400 1596 obstringuntur,
1430 1549 1672 1598 eorumque

294 1726 362 1768 (³2)
383 1729 422 1760 In
442 1728 636 1761 Auctuario
656 1727 900 1770 complectente
923 1729 1106 1761 variorum
1128 1735 1275 1761 casuum
1293 1728 1521 1761 conscientiae
1543 1726 1671 1759 resolu-

199 1781 309 1814 tiones
320 1779 408 1813 inter
422 1781 492 1813 eius
506 1780 663 1822 opuscula
673 1804 683 1822 ,
698 1781 801 1814 Paris.
817 1783 906 1814 1648.
922 1780 964 1814 ad
979 1789 1093 1814 vocem
1107 1782 1383 1814 Matrimonium.
1397 1781 1499 1814 casus
1511 1780 1612 1813 xvii.

297 1832 364 1874 (34)
384 1834 437 1866 De
451 1835 606 1866 matrim.
622 1842 656 1865 n.
671 1838 742 1866 289.
759 1834 792 1867 et
808 1842 843 1865 n.
859 1835 930 1866 297.

296 1884 361 1926 (35)
381 1884 453 1918 Lib.
470 1886 516 1918 II.
533 1886 627 1918 tract.
646 1890 676 1918 3.
693 1894 723 1918 c.
740 1890 770 1918 5.
784 1885 862 1918 sect.
876 1887 908 1917 4.

295 1937 362 1979 (36)
381 1939 420 1970 111
434 1938 521 1970 Iure
538 1946 662 1971 canon.
676 1939 835 1980 practico
858 1937 901 1970 ad
914 1937 967 1972 tit.
981 1939 1032 1971 De
1042 1937 1319 1971 clandestinitat.
1335 1937 1523 1980 dispensat.

292 1990 359 2031 (37)
378 1990 444 2023 Tit.
457 1991 520 2023 111.
535 1998 569 2023 n.
585 1994 635 2023 35.

293 2042 360 2084 (38)
381 2044 419 2076 111
434 2042 567 2076 Nucleo
584 2044 674 2076 iuris
694 2051 819 2076 canon.
834 2042 892 2076 lib.
910 2044 966 2075 lv.

297 2096 364 2138 (39)
385 2098 436 2129 De
452 2098 558 2129 matr.
573 2096 632 2129 lib.
643 2098 684 2129 V.
700 2105 730 2129 c.
742 2099 773 2130 7.
784 2105 818 2129 n.
837 2100 866 2129 1.

295 2149 363 2191 (4ο)
384 2151 422 2182 111
447 2151 562 2182 Tract.
579 2152 630 2182 Dc
650 2149 777 2191 imped.
795 2150 950 2183 matrim.
964 2150 1050 2191 part.
1067 2151 1110 2182 11.
1127 2152 1179 2183 De
1192 2149 1426 2183 claudestinit.
1443 2149 1474 2192 §.
1489 2151 1532 2183 u.
1547 2157 1581 2183 n.
1598 2154 1670 2184 556.

300 2202 367 2244 (41)
391 2203 508 2236 Traite
527 2201 588 2235 des
609 2202 759 2244 dispens.
775 2212 810 2235 n.
826 2204 926 2236 an.

299 2256 366 2298 (42)
384 2258 456 2289 Non
483 2255 528 2288 ita
553 2254 681 2296 pridem
702 2256 736 2288 in
754 2256 965 2289 universitate
986 2256 1150 2289 catholica
1168 2255 1367 2297 lovaniensi,
1381 2265 1497 2298 nempe
1511 2265 1563 2290 an.
1581 2259 1670 2290 1847.

202 2308 299 2342 docta
312 2317 352 2342 ac
366 2308 495 2341 erudita
518 2308 709 2341 Dissertatio
734 2308 856 2350 prodiit
876 2310 928 2342 De
951 2310 1184 2343 matrimoniis
1204 2310 1326 2342 mixtis
1340 2309 1382 2342 ab
1393 2310 1525 2343 Henric.
1539 2311 1575 2342 Io
1590 2311 1673 2351 Feyc

203 2362 486 2395 amstelodamensi
500 2362 536 2394 in
550 2370 616 2403 qua
630 2362 709 2396 haec
722 2362 835 2395 eadem
850 2362 1008 2395 sententia
1021 2362 1125 2396 solide
1137 2362 1315 2396 adstruitur
1328 2372 1403 2405 pars
1416 2363 1668 2405 11.§.111.etiv.

298 2416 358 2448 Vel
377 2415 446 2456 ipse
468 2415 595 2448 Walter
619 2415 781 2456 professor
805 2415 998 2456 bonnensis,
1020 2416 1080 2449 etsi
1100 2416 1141 2449 de
1164 2416 1352 2458 quaestione
1369 2417 1479 2449 nostra
1493 2416 1579 2448 haud
1593 2416 1671 2448 satis

200 2467 332 2501 definite
347 2476 386 2501 ac
399 2468 565 2509 perspicue
589 2468 792 2509 pronuntiet,
816 2469 951 2501 testatur
972 2469 1182 2502 nihilominus
1199 2469 1446 2511 protestantium
1468 2468 1674 2502 matrimonia

198 2520 239 2553 ab
263 2520 399 2554 ecclesia
420 2520 598 2553 secundum
619 2521 722 2562 ipsius
746 2521 832 2563 leges
855 2521 992 2555 iudicari
1006 2547 1017 2563 ,
1043 2523 1141 2564 atque
1163 2522 1198 2554 in
1223 2522 1440 2555 matrimoniis
1469 2521 1580 2554 mixtis
1604 2530 1669 2554 ser·

201 2572 343 2606 vandam
363 2582 433 2606 esse
453 2573 623 2606 tridentini
647 2574 784 2606 sormam
805 2582 956 2617 expresse
977 2575 1141 2616 declarat,
1162 2575 1324 2608 scribens:
1344 2589 1359 2604 «
1374 2576 1432 2609 Nei
1458 2575 1567 2616 luoghi
1588 2574 1672 2607 dove

202 2626 227 2659 il
249 2626 388 2659 concilio
405 2626 440 2659 di
455 2628 575 2660 Trento
589 2626 608 2660 e
622 2627 657 2660 in
674 2627 803 2669 vigore,
818 2636 837 2660 e
849 2628 901 2661 n’e
920 2628 1072 2670 pooeibile
1087 2629 1108 2662 1‘
1118 2638 1307 2662 osservanza
1319 2654 1329 2670 ‚
1346 2628 1438 2662 debb'
1449 2637 1553 2661 essere
1569 2636 1670 2660 osser·

200 2680 277 2713 vato
291 2679 394 2713 anche
409 2680 460 2713 nei
475 2680 674 2714 matrimonii
696 2682 748 2714 tra
773 2690 818 2713 un
844 2681 998 2715 cattolico
1015 2682 1057 2715 ed
1070 2691 1136 2716 una
1150 2683 1322 2715 acattolica
1336 2696 1350 2710 υ
1368 2681 1483 2714 deinde
1507 2680 1670 2713 mentione

202 2732 320 2766 iniecta
341 2733 575 2767 Declarationis
600 2734 718 2767 Bened.
735 2736 820 2767 XIV.
837 2744 896 2777 pro
920 2735 1116 2778 nouandis,
1135 2735 1316 2769 concludit:
1340 2748 1356 2763 ι
1370 2734 1461 2776 Negti
1482 2733 1556 2767 altri
1581 2733 1669 2775 paesi

203 2785 258 2826 poi
272 2785 300 2818 si
313 2786 364 2819 sta
375 2785 414 2819 al
425 2785 547 2820 diritto
561 2795 716 2821 comune.
734 2787 785 2820 Cf.
799 2788 968 2822 Manuale
980 2788 1038 2821 del
1052 2788 1176 2823 diritto
1194 2789 1423 2822 ecclesiastico
1444 2796 1527 2820 vers.
1545 2786 1598 2819 dai
1624 2786 1669 2818 te·

203 2837 309 2871 desco.
327 2838 467 2872 Firenze.
484 2842 576 2873 Tom.
588 2842 629 2873 11.
649 2842 759 2874 Tratt.
774 2840 834 2874 del
843 2843 949 2875 matr.
964 2851 1034 2884 cap.
1049 2842 1102 2875 lv.
1117 2842 1146 2883 §.
1166 2847 1224 2875 300
1240 2851 1333 2883 seqq.
