1980 3260
253 269 344 302 cir.
363 271 409 304 ιι.
427 271 479 303 nr
497 271 636 303 roras.
656 271 790 304 ramo.
811 272 893 304 rin.
912 271 994 304 cm.
1014 272 1138 304 nnn.
1155 271 1315 303 cumsr.
1334 271 1501 302 An'r.1v.
1565 255 1653 299 437

189 344 394 394 Ceterum
419 365 506 395 uon
531 348 635 396 inde
670 349 871 414 sequitur
904 366 1054 414 parem
1088 366 1189 396 esse
1224 348 1435 395 rationem
1474 346 1662 411 reliquo-

193 438 290 469 rum
333 433 669 481 contractuum,
708 424 785 489 qui
821 424 922 471 iniri
958 422 1101 471 solent
1134 424 1180 470 in
1215 423 1422 471 societate
1465 422 1583 469 civili
1619 433 1662 468 et

190 508 443 547 contractus
476 499 779 557 connubialis,
813 499 890 565 qui
925 498 1059 546 habet
1091 510 1315 563 praeterea
1352 499 1565 546 rationem
1591 515 1663 544 sa-

191 574 405 621 cramenti
423 611 433 631 ‚
463 574 598 624 immo
622 587 785 624 etcum
818 593 906 641 quo
941 592 1030 623 una
1064 575 1308 641 eademque
1332 592 1402 622 res
1426 583 1514 631 est,
1543 574 1662 639 quod

193 649 390 713 profecto
423 650 469 696 in
502 651 658 700 ceteris
692 651 990 699 contractibus
1023 651 1168 699 locum
1202 669 1290 699 non
1323 650 1478 707 habet,
1505 660 1555 698 ut
1577 650 1664 697 alia

193 724 455 773 discrimina
488 727 664 775 silentio
698 744 894 793 premam
919 729 1067 789 (162).

287 801 409 850 Alter
442 803 767 867 paralogismus
792 804 837 850 in
863 821 915 851 eo
941 803 1167 860 consistit,
1197 803 1315 867 quod
1347 804 1569 868 professor
1592 820 1666 850 no-

188 886 284 925 ster
311 878 575 943 permisceat
598 897 649 927 ea
672 897 787 944 quae
821 898 876 927 em
909 880 1139 934 accidenti,
1167 888 1216 926 ut
1238 879 1383 936 aiunt,
1412 879 1666 942 contingere

189 962 374 1018 possent
406 953 453 1000 in
489 972 772 1020 quocumque
806 955 1002 1003 humano
1044 954 1210 1002 iudicio
1234 993 1243 1011 ,
1282 972 1383 1002 cum
1418 954 1508 1011 iis,
1549 972 1665 1019 quae

190 1029 445 1078 necessario
479 1031 682 1078 oriuntur
715 1049 768 1079 ex
803 1030 1034 1079 collisione
1070 1030 1249 1077 iurium.
1289 1031 1334 1076 Si
1369 1031 1486 1078 enim
1520 1030 1666 1077 civilis

186 1105 329 1154 codex
368 1105 626 1154 adversetur
659 1107 743 1154 iuri
779 1106 1021 1162 canonico,
1060 1116 1109 1153 ut
1143 1123 1277 1170 saepe
1311 1105 1552 1168 contingit,
1594 1105 1666 1153 his

189 1183 449 1247 praesertim
486 1182 757 1248 temporibus
779 1221 789 1239 ,
831 1182 1051 1231 eiusmodi
1087 1181 1340 1230 collisiones
1377 1182 1580 1230 oriuntur
1615 1200 1667 1229 ex

187 1258 288 1323 ipsa
309 1258 466 1306 intima
489 1259 551 1307 rei
577 1270 749 1307 natura.
766 1259 902 1322 Finge
926 1258 1156 1324 probatam
1175 1258 1220 1305 in
1246 1258 1483 1324 subalpino
1509 1269 1666 1307 senatu

188 1334 328 1382 fuisse
360 1334 502 1399 legem
537 1335 594 1383 de
629 1335 908 1383 matrimonio
933 1352 1042 1400 pure
1066 1333 1214 1391 civili;
1244 1334 1503 1382 innumerae
1528 1352 1666 1400 prope

188 1409 308 1459 illico
343 1410 599 1459 collisiones
626 1411 805 1460 obortae
830 1411 1022 1458 fuissent
1042 1410 1087 1458 vi
1114 1411 1260 1475 ipsius
1284 1411 1396 1475 legis
1422 1412 1669 1459 contrariae

189 1487 274 1535 iuri
310 1504 390 1536 seu
421 1487 510 1552 legi
545 1487 896 1544 ecclesiasticae,
934 1498 978 1535 et
1012 1487 1079 1535 sic
1112 1487 1169 1534 de
1202 1487 1407 1552 pluribus
1442 1488 1543 1535 aliis
1578 1488 1666 1535 dici

185 1562 337 1621 debet,
376 1582 492 1629 quae
525 1564 707 1628 longum
742 1581 794 1612 ac
828 1563 1033 1612 odiosum
1067 1564 1199 1612 etiam
1234 1575 1353 1612 esset
1385 1582 1662 1612 enumerare.

188 1639 273 1686 Per
295 1639 502 1687 accidens
525 1657 631 1688 vero
655 1650 746 1697 est,
774 1639 892 1705 quod
927 1657 1049 1688 error
1084 1640 1202 1688 circa
1233 1641 1396 1688 factum
1423 1641 1662 1704 contingat.

285 1715 457 1764 Tertius
482 1715 809 1781 paralogismus
829 1715 1114 1781 professoris,
1139 1733 1219 1763 seu
1237 1716 1536 1780 profligatoris
1555 1717 1666 1764 iuris

186 1791 392 1839 canonici
426 1791 473 1838 in
507 1809 560 1840 eo
596 1792 825 1849 consistit,
868 1792 999 1857 quod⁸
1023 1808 1110 1840 non
1146 1792 1278 1841 modo
1313 1810 1401 1840 non
1436 1793 1666 1858 probavit,

190 1867 270 1916 sed
301 1878 532 1916 ostensum
571 1878 641 1916 est
678 1886 779 1916 esse
819 1867 979 1916 salsum
1008 1906 1018 1924 ‚
1062 1868 1182 1933 quod
1216 1869 1316 1933 ipse
1352 1870 1572 1926 assumit,
1613 1869 1670 1917 ad

190 1941 335 1990 forum
358 1960 520 2007 nempe
543 1942 672 1991 civile
696 1954 898 2008 spectare
922 1943 1136 1990 iudicium
1172 1961 1408 1992 causarum
1442 1945 1669 1992 matrimo-

191 2017 395 2066 nialium.
435 2019 524 2067 Nos
570 2018 725 2066 eadem
771 2020 941 2066 ratione
980 2019 1230 2085 potiorique
1272 2020 1367 2068 iure
1407 2020 1670 2069 concludere

193 2112 457 2160 possemus:
496 2095 861 2160 quandoquidem
886 2113 1168 2161 quacumque
1191 2114 1244 2144 ex
1269 2108 1392 2161 parte
1416 2097 1669 2145 necessario

190 2171 333 2220 oritur
364 2171 656 2229 conflictatio;
684 2189 790 2235 ergo
824 2172 955 2220 debet
989 2172 1204 2220 iudicium
1240 2173 1431 2238 relinqui
1455 2173 1512 2220 ad
1537 2191 1670 2239 quem

193 2257 393 2313 spectat,
424 2264 585 2312 nempe
617 2247 674 2295 ad
710 2247 880 2296 iudices
914 2248 1257 2307 ecclesiasticos,
1285 2259 1335 2297 ut
1356 2249 1559 2297 definivit
1582 2250 1671 2296 Tri-

194 2323 427 2371 dentinum

286 2459 378 2501 (162)
399 2459 444 2492 Ut
461 2460 570 2501 pateat
585 2468 623 2493 ex
640 2468 708 2500 quo
728 2459 818 2493 route
839 2460 984 2494 hauserit
998 2461 1103 2502 Nuytz
1115 2460 1202 2493 hauc
1220 2460 1403 2494 doctrinam
1418 2469 1526 2500 suam,
1540 2468 1605 2492 non
1619 2468 1672 2492 me

193 2512 282 2555 piget
297 2513 369 2545 heic
388 2511 571 2545 describere
592 2512 691 2545 verba
706 2513 862 2554 Leunoii,
879 2514 935 2554 qui
955 2514 988 2546 in
1006 2514 1062 2547 cit.
1080 2523 1133 2555 op.
1149 2516 1199 2546 De
1212 2516 1309 2556 reqia
1323 2515 1386 2546 etc.
1399 2523 1430 2554 p.
1443 2514 1468 2544 1.
1483 2514 1544 2544 art.
1556 2514 1582 2544 Ι.
1596 2522 1625 2545 c.
1637 2518 1669 2545 9.

192 2565 273 2598 haec
290 2564 410 2598 habet:
429 2577 445 2593 ιι
458 2565 579 2598 Eadem
600 2566 649 2598 est
670 2566 753 2598 ratio
774 2566 959 2599 contractus
979 2566 1249 2606 matrimonialis,
1275 2575 1358 2607 quae
1379 2565 1593 2605 venditionis,
1616 2566 1672 2597 aut

192 2612 401 2661 emptionis.»
411 2620 453 2651 Et
466 2619 585 2652 iterum
602 2618 751 2652 ibid.art.
761 2624 793 2652 3.
804 2612 877 2661 cap.
894 2624 943 2653 12.
955 2628 994 2653 ex
1012 2620 1070 2653 illo
1084 2620 1244 2662 principio
1258 2620 1353 2652 insert
1368 2618 1450 2651 illud
1465 2618 1570 2659 ipsum
1584 2618 1675 2659 quod

193 2671 311 2705 deinde
331 2671 444 2704 intulit
464 2671 535 2704 eius
558 2671 757 2713 exscriptor,
774 2671 862 2713 quod
885 2681 960 2705 cum
982 2672 1094 2705 clerici
1112 2672 1236 2705 nullam
1253 2672 1442 2713 potestatem
1458 2670 1595 2702 habeant
1610 2683 1625 2699 ιι
1641 2671 1674 2702 in

195 2723 236 2756 iis
255 2731 340 2765 quae
360 2731 417 2764 per
438 2731 474 2756 se
493 2731 570 2756 cum
589 2724 633 2756 ad
652 2724 799 2756 osticium
819 2724 972 2768 naturae,
994 2726 1065 2757 tum
1087 2724 1128 2757 ad
1151 2724 1294 2756 officium
1316 2722 1558 2755 communitatis
1578 2722 1674 2763 perti-

193 2777 288 2816 nent,
302 2777 354 2808 stc
369 2777 428 2808 ms
452 2783 522 2809 non
545 2775 679 2809 habent
707 2775 864 2809 reddendi
883 2785 1037 2818 personas
1058 2776 1218 2808 inhabiles
1245 2775 1287 2807 ad
1313 2776 1489 2816 utrumque
1509 2774 1672 2815 officium,

194 2827 283 2869 quod
308 2827 434 2861 ordinis
454 2837 542 2862 mere
562 2828 719 2863 naturalis
733 2830 800 2870 est,
815 2838 875 2862 nec
889 2829 931 2863 de
943 2830 1051 2871 seipso
1068 2829 1108 2861 ad
1125 2828 1400 2870 supernaturalem
1418 2828 1513 2860 tinem
1536 2828 1671 2861 tendit.-

193 2880 358 2914 Lmnoius
373 2882 483 2915 autem
499 2881 533 2914 id
548 2883 717 2924 acceperat
734 2882 776 2916 ab
791 2883 939 2925 apostata
952 2885 1000 2917 De
1015 2881 1173 2916 Dominis.
