1980 3260
311 241 405 274 CAP.
425 242 500 274 vn.
516 242 568 274 DE
587 243 713 275 MATR.
731 241 859 275 lNFu).
878 243 963 276 CUM
981 243 1116 275 FIDEL.
1134 243 1214 275 vm.
1232 242 1316 275 ΙΝΤ.
1335 243 1398 275 SE.
1421 243 1514 275 Am.
1533 244 1562 275 1.
1636 227 1726 276 307

245 319 379 368 nibus
407 321 716 387 probabilibus
739 359 749 379 ,
786 321 895 387 quia
929 321 1079 387 reipsa
1112 332 1375 386 argumenta
1410 338 1498 370 non
1533 321 1723 379 desunt,

242 413 360 461 quae
389 397 546 445 saltem
571 397 721 463 specie
744 407 875 445 tenus
899 397 1096 445 alterutri
1123 397 1286 462 placito
1307 397 1500 445 faveant.
1522 398 1613 445 Nos
1632 397 1729 463 qui—

242 473 344 521 dem
379 484 473 522 tuto
507 474 877 539 disceptationem
912 474 1030 522 hanc
1070 474 1293 522 dimittere
1328 492 1565 539 possemus
1588 513 1598 532 ,
1638 474 1727 522 nisi

242 550 620 598 necessitudinem
638 551 880 615 quamdam
900 551 1085 599 haberet
1102 569 1204 599 cum
1222 551 1383 615 agendi
1403 553 1574 599 ratione
1591 568 1727 617 quam

241 626 361 675 circa
389 626 613 674 eiusmodi
640 627 848 690 coniugia
865 638 983 675 tenet
1000 628 1216 685 ecclesia,
1240 645 1356 694 quae
1376 627 1596 676 obiectum
1621 645 1728 676 con—

242 703 386 751 stituit
414 703 740 751 lucubrationis
771 714 965 751 nostrae.
1002 704 1232 769 Siquidem
1261 714 1429 752 certum
1465 714 1533 752 est
1565 704 1727 752 identi-

239 779 341 827 dem
365 778 601 827 ecclesiam
627 779 892 844 dispensare
922 781 968 827 in
993 780 1119 828 hisce
1144 780 1535 828 coniunctionibus
1560 781 1617 828 ab
1642 780 1727 828 im—

238 855 495 920 pedimento
527 855 805 921 disparitatis
840 856 1020 914 cultus;
1060 867 1228 904 certum
1260 867 1489 921 praeterea
1526 867 1595 904 est
1628 874 1727 904 eam

237 929 351 980 haec
390 932 491 997 ipsa
523 931 733 995 coniugia
762 949 852 979 non
886 932 1185 989 benedicere3
1224 942 1394 979 certum
1430 931 1627 997 denique
1659 943 1729 980 est

240 1007 387 1073 ipsam
428 1006 730 1056 diversimode
773 1007 958 1055 omnino
1003 1025 1054 1055 se
1098 1025 1250 1071 gerere
1292 1025 1394 1055 cum
1439 1008 1497 1055 iis
1542 1009 1620 1073 qui
1664 1008 1726 1056 ita

237 1083 464 1131 coniuncti
499 1093 604 1131 sunt
627 1100 680 1131 ac
704 1101 754 1132 se
777 1094 901 1148 gerat
923 1101 1024 1131 cum
1049 1083 1309 1131 infidelibus
1338 1083 1611 1147 coniugatis:
1639 1083 1724 1132 hos

236 1160 357 1208 enim
382 1160 655 1226 quandoque
677 1161 846 1209 solutos
875 1160 1056 1209 vinculo
1081 1160 1301 1218 declarat,
1330 1160 1433 1209 illos
1458 1178 1719 1227 numquam.

333 1238 516 1286 Interim
545 1237 658 1286 haec
681 1238 783 1303 ipsa
809 1238 972 1302 agendi
997 1237 1109 1285 ratio
1127 1255 1234 1302 erga
1251 1238 1336 1286 hos
1356 1238 1568 1302 coniuges
1594 1238 1725 1286 nobis

233 1314 354 1362 viam
378 1314 711 1379 quodammodo
736 1315 895 1363 sternit
914 1314 971 1362 ad
991 1314 1293 1380 adoptandam
1317 1315 1583 1363 sententiam
1609 1333 1725 1380 quae

234 1390 430 1438 affirmat
464 1391 723 1439 huiusmodi
759 1390 967 1456 coniugia
995 1409 1049 1439 ex
1077 1402 1201 1457 parte
1227 1391 1348 1439 fideli
1376 1392 1541 1439 habere
1572 1410 1723 1440 sacra-

233 1467 371 1514 menti
404 1467 638 1515 rationem.
669 1468 848 1516 Scilicet
877 1469 960 1516 rite
983 1467 1190 1516 omnibus
1215 1469 1451 1533 perpensis
1475 1469 1622 1516 verior
1645 1486 1725 1517 no-

232 1543 304 1591 bis
338 1544 517 1592 videtur
550 1545 770 1593 sententia
794 1544 1024 1592 affirmans
1043 1562 1094 1593 eo
1112 1545 1210 1610 ipso
1229 1584 1238 1602 ,
1261 1545 1381 1610 quod
1399 1545 1543 1608 magis
1562 1545 1725 1593 cohae-

234 1636 338 1667 rens
363 1620 422 1668 sit
451 1620 684 1668 doctrinae
707 1638 844 1685 quam
872 1620 1063 1685 amplexi
1095 1638 1251 1668 sumus
1276 1621 1333 1668 de
1356 1620 1722 1669 contrahentibus

233 1697 501 1744 sacramenti
530 1696 667 1745 huius
698 1697 947 1754 ministris,
981 1708 1025 1746 et
1054 1698 1277 1763 practicae
1311 1697 1526 1746 ecclesiae
1560 1697 1722 1761 agendi

236 1784 414 1822 ratlonl.

331 1850 477 1906 Quam
510 1860 560 1898 ut
595 1851 880 1899 adstruamus
930 1851 997 1899 sic
1042 1850 1292 1899 incedimus
1323 1870 1332 1898 :
1378 1851 1599 1899 sententia
1643 1850 1721 1898 illa

232 1927 524 1992 praeferenda
552 1928 731 1976 videtur
754 1945 835 1993 pro
859 1946 948 1993 qua
973 1928 1127 1991 gravia
1153 1928 1347 1975 militant
1380 1928 1601 1976 rationum
1625 1945 1722 1976 mo-

231 2014 409 2062 menta3
434 2005 505 2053 cui
531 2005 679 2054 favere
705 2005 883 2053 videtur
906 2005 1123 2053 ecclesiae
1152 2006 1303 2070 praxis
1320 2044 1330 2062 ,
1353 2023 1559 2071 quaeque
1582 2004 1718 2053 nullis

233 2081 394 2130 solidis
442 2083 717 2146 argumentis
764 2083 1027 2130 concutitur.
1068 2082 1188 2130 Talis
1229 2099 1361 2147 porro
1400 2091 1467 2130 est
1501 2081 1721 2129 sententia

231 2158 463 2206 affirmans
488 2159 534 2205 in
560 2159 697 2207 mixto
724 2160 933 2223 coniugio
959 2159 1105 2207 fidelis
1130 2177 1231 2207 cum
1256 2159 1426 2206 infideli
1451 2159 1719 2206 contrahen-

231 2235 288 2283 tis
323 2246 651 2283 sacramentum
687 2236 860 2283 haberi.

327 2312 467 2370 Sane,
499 2312 645 2378 prima
674 2313 811 2369 ratio,
841 2330 957 2378 quae
993 2330 1073 2378 pro
1107 2313 1191 2360 hac
1223 2312 1385 2360 militat
1420 2312 1640 2360 sententia
1663 2329 1716 2358 ea

229 2398 328 2445 est,
374 2406 491 2454 quae
524 2389 776 2436 desumitur
815 2407 868 2436 ex
901 2389 1049 2437 verbis
1084 2388 1284 2454 Apostoli
1316 2390 1349 2436 1.
1381 2389 1480 2437 Cor.
1510 2389 1603 2435 Vll.
1634 2388 1710 2433 14.

232 2465 589 2514 «Sanctificatus
626 2476 694 2514 est
726 2466 795 2514 vir
824 2466 1022 2514 infidelis
1058 2483 1138 2532 per
1171 2467 1403 2513 mulierem
1438 2465 1641 2519 fidelem,
1671 2474 1715 2511 et

227 2542 507 2591 sanctificata
536 2554 604 2591 est
633 2543 792 2591 mulier
821 2543 1017 2591 infidelis
1048 2562 1127 2609 per
1148 2544 1292 2591 virum
1325 2542 1568 2598 fidelem3»
1594 2540 1715 2596 Qua-

228 2629 358 2668 tenus
394 2637 556 2686 nempe
588 2621 800 2669 alteruter
832 2621 1054 2669 concurrit
1075 2631 1119 2668 et
1142 2631 1407 2685 cooperatur
1440 2619 1495 2665 ad
1530 2616 1712 2663 alterius

227 2696 592 2755 conversionem
622 2697 742 2763 quod
773 2697 956 2762 quidem
981 2696 1077 2745 fieri
1108 2696 1239 2744 debet
1266 2696 1400 2744 verbo
1424 2704 1467 2741 et
1490 2691 1708 2757 exemplo,

227 2781 382 2819 mutua
414 2772 673 2831 dilectione,
713 2773 951 2839 patientia,
985 2784 1323 2837 ceterarumque
1354 2771 1565 2818 virtutum
1588 2785 1713 2815 exer—

227 2845 354 2905 citio,
376 2865 491 2913 quae
508 2849 584 2897 tali
605 2850 740 2899 statui
761 2849 952 2898 maxime
969 2849 1254 2898 conveniunt.
1276 2848 1365 2894 Iam
1385 2862 1512 2902 vero,
1535 2843 1710 2893 etiamsi

1620 2920 1646 2947 ᾗ
