1980 3260
345 202 347 204 ¹
394 214 483 259 128
713 222 792 253 tm.
823 222 868 253 ιι.
897 221 1010 253 sacr.
1041 223 1070 252 1.
1099 220 1150 251 m:
1177 220 1342 253 rornsr.
1371 223 1535 255 nectes.

392 306 552 351 tionem
588 319 613 347 a
637 300 817 347 casibus
853 298 1088 346 reservatis
1111 336 1120 350 ,
1161 314 1276 361 quae
1304 298 1460 345 illicita
1494 300 1675 362 quidem
1714 301 1824 348 soret
1845 339 1855 356 ,

391 397 478 426 non
506 388 652 424 tamen
682 375 804 422 nulla
822 414 831 431 ,
866 392 919 422 ac
944 375 981 422 si
1006 385 1209 437 ageretur
1231 374 1287 419 de
1311 374 1519 437 opinione
1542 385 1712 422 tantum
1733 376 1859 424 theo-

390 455 586 517 logorum
603 491 612 508 ‚
644 452 802 499 iuverit
836 450 921 515 ipsi
948 468 1171 514 opponere
1195 466 1407 496 canonem
1432 449 1731 512 dogmaticum
1755 464 1860 500 eon-

391 530 480 577 cilii
515 528 741 575 tridentini
766 544 855 590 quo
888 526 1139 573 decernitur
1160 544 1168 571 :
1196 545 1218 569 «
1235 526 1279 570 Si
1305 526 1406 589 quis
1432 526 1592 573 dixerit
1621 527 1858 593 episcopios

391 622 478 651 non
508 602 672 649 habere
704 603 774 649 ius
810 601 1066 648 reservandi
1105 600 1190 647 sihi
1226 617 1388 655 casus,
1417 600 1503 646 nisi
1539 602 1686 666 quoad
1721 613 1862 651 exter—

392 697 493 726 nam
521 678 721 742 politiam
742 716 751 734 ,
780 689 913 742 atque
938 677 1036 723 ideo
1061 694 1246 723 casuum
1272 677 1616 724 reservationem
1647 695 1735 725 non
1760 694 1862 742 pro-

393 755 544 801 hibere
567 793 576 811 ,
627 754 864 818 quominus
900 753 1107 800 sacerdos
1148 770 1173 799 a
1213 753 1448 800 reservatis
1489 770 1583 799 vere
1624 753 1857 809 absolvat3

393 830 543 876 anath.
579 830 637 875 sit
670 831 786 891 (88).
807 850 827 873 »
857 829 971 891 Ergo
1005 828 1286 875 adversarius
1323 845 1409 874 non
1438 828 1483 873 in
1514 828 1699 874 liberam
1735 828 1861 876 theo-

395 906 592 967 logorum
633 904 916 968 opinionem,
959 903 1039 950 sed
1074 904 1118 948 in
1160 903 1262 949 fidei
1300 903 1462 965 dogma
1497 903 1695 968 impegit.
1734 904 1862 950 Tales

396 993 497 1028 sunt
530 981 720 1042 theologi
751 980 843 1035 illi,
878 980 954 1044 qui
990 980 1086 1026 iura
1122 979 1347 1043 pontificia
1382 996 1460 1025 seu
1498 979 1770 1043 apostolicae
1793 996 1864 1026 se-

396 1057 466 1104 dis
496 1058 758 1104 adoriuntur
779 1056 788 1101 !

490 1133 556 1179 Ad
579 1150 835 1196 germanam
859 1132 1054 1196 Angelici
1079 1132 1271 1179 doctoris
1298 1142 1486 1177 mentem
1507 1131 1834 1195 assequendam
1849 1170 1858 1188 ‚

399 1210 508 1256 satis
542 1209 623 1256 erit
646 1209 865 1271 integrum
899 1208 996 1254 eius
1014 1218 1178 1253 textum
1197 1207 1420 1253 exhibere.
1450 1207 1500 1252 In
1535 1206 1725 1269 allegato
1746 1206 1864 1253 enim

398 1294 479 1332 art.
517 1287 560 1331 6.
596 1285 712 1332 hanc
736 1284 820 1331 sibi
859 1302 896 1330 s.
926 1284 1079 1330 doctor
1108 1284 1410 1347 quaestionem
1445 1283 1683 1348 proponit:
1721 1292 1864 1330 utrum

398 1379 527 1427 super
566 1363 780 1423 episcopos
814 1362 953 1423 possit
993 1377 1079 1405 esse
1124 1360 1285 1423 aliquis
1325 1361 1519 1423 superior
1562 1361 1608 1405 in
1647 1361 1823 1406 ecclesia
1842 1357 1866 1405 ?

398 1449 498 1500 post
531 1436 689 1482 allatas
735 1435 971 1482 nonnullas
1005 1435 1288 1482 auctoritates
1334 1436 1395 1482 ita
1439 1435 1708 1500 respondet:
1752 1455 1774 1479 «
1797 1435 1866 1481 di—

397 1512 585 1559 cendum
605 1550 614 1568 ,
654 1511 772 1576 quod
807 1511 1077 1576 ubicumque
1112 1523 1214 1558 sunt
1250 1513 1386 1558 multa
1419 1511 1635 1574 regimina
1663 1512 1865 1558 ordinata

399 1589 444 1634 in
468 1599 606 1635 unum
630 1625 640 1643 ,
680 1598 852 1652 oportet
886 1605 986 1635 esse
1021 1588 1202 1653 aliquod
1227 1588 1479 1635 universale
1498 1605 1649 1652 ,supra
1673 1587 1867 1652 particu-

399 1664 510 1711 laria
535 1664 764 1727 regimina.
795 1701 804 1709 .
826 1699 836 1712 .
865 1664 919 1710 Et
942 1664 1042 1710 ideo
1065 1681 1165 1711 cum
1190 1675 1280 1711 tota
1303 1664 1494 1711 ecclesia
1518 1664 1576 1710 sit
1609 1681 1745 1710 unum
1771 1677 1868 1711 cor—

398 1757 509 1804 pus,
544 1750 742 1804 oportet,
782 1739 821 1787 si
858 1739 944 1786 ista
971 1740 1121 1787 unitas
1157 1740 1289 1787 debet
1327 1740 1613 1796 conservari,
1653 1740 1771 1805 quod
1807 1740 1866 1787 sit

400 1817 548 1880 aliqua
573 1826 768 1880 potestas
794 1816 976 1879 regitiva
1003 1827 1206 1880 respectu
1232 1817 1365 1863 totius
1390 1817 1604 1864 ecclesiae
1630 1833 1766 1880 supra
1786 1833 1868 1880 po·

401 1904 599 1940 testatem
624 1892 922 1956 episcopalem
941 1931 951 1948 ,
990 1910 1080 1957 qua
1113 1910 1409 1957 unaquaeque
1446 1893 1654 1957 specialis
1677 1892 1866 1940 ecclesia

405 1969 591 2031 regitur:
622 1979 664 2014 et
681 1968 792 2015 haec
816 1979 883 2027 est
908 1980 1103 2033 potestas
1135 1986 1304 2033 papae;
1333 1979 1377 2016 et
1409 1969 1508 2016 ideo
1533 1969 1618 2024 illi,
1647 1969 1723 2034 qui
1750 1970 1867 2017 hanc

402 2055 658 2108 potestatem
689 2056 876 2108 negant,
917 2045 1191 2092 schismatici
1227 2046 1462 2102 dicuntur,
1503 2045 1634 2110 quasi
1659 2045 1867 2092 divisores

402 2121 584 2167 unitatis
613 2121 839 2168 ecclesiae.
868 2143 889 2166 »
929 2122 1055 2178 Quod
1094 2139 1193 2169 cum
1235 2139 1355 2169 more
1389 2139 1470 2168 suo
1503 2121 1699 2168 dilucide
1734 2138 1868 2187 expo-

403 2197 566 2251 suerit,
595 2197 638 2242 in
658 2198 944 2262 responsione
979 2198 1034 2244 ad
1060 2199 1232 2245 tertiam
1262 2216 1395 2263 quam
1422 2197 1507 2245 sibi
1533 2197 1758 2245 obiecerat
1780 2194 1868 2244 dif-

403 2272 667 2328 ficultatem,
705 2274 823 2337 quod
862 2294 883 2317 «
908 2276 1110 2338 superior
1143 2285 1338 2340 potestas
1371 2293 1459 2322 non
1499 2285 1644 2339 potest
1672 2271 1866 2321 conferri

405 2367 483 2413 per
516 2349 765 2396 inferiorem
801 2388 808 2396 .
837 2389 844 2396 .
874 2389 882 2396 .
923 2352 1039 2398 unde
1076 2353 1209 2400 etiam
1245 2352 1451 2399 sacerdos
1476 2369 1564 2398 non
1598 2361 1742 2416 potest
1758 2347 1868 2416 ,pro—

404 2442 578 2472 movere
628 2425 885 2489 episcopum
909 2465 918 2482 ,
971 2445 1112 2492 neque
1159 2429 1447 2476 sacerdotem.
1495 2427 1579 2475 Sed
1629 2427 1867 2492 episcopus

494 2554 559 2594 (88)
580 2555 663 2585 sess.
684 2555 768 2586 XIV.
787 2563 857 2586 can.
874 2556 915 2586 11.
935 2557 967 2586 tn
996 2557 1125 2596 praevia
1146 2558 1252 2588 autem
1280 2556 1445 2589 doctrinae
1468 2555 1646 2594 catholicae
1670 2555 1868 2596 expositione

405 2607 577 2638 concilium
594 2607 626 2638 in
642 2606 751 2639 eadem
778 2616 855 2639 sess.
874 2616 940 2648 cap.
963 2609 1047 2640 ΧΙΗ.
1067 2609 1144 2641 hacc
1166 2609 1280 2641 habet:
1311 2622 1325 2636 n
1340 2609 1500 2646 Quoniam
1519 2608 1616 2648 igitur
1639 2609 1755 2639 natura
1771 2609 1803 2638 et
1819 2616 1867 2638 ra-

403 2660 450 2691 tio
475 2659 586 2692 iudicii
612 2659 694 2691 illud
721 2660 881 2700 exposcit,
908 2661 944 2691 ut
968 2662 1124 2693 sententia
1151 2662 1183 2692 in
1210 2661 1356 2693 subditos
1378 2660 1546 2693 dumtaxat
1572 2660 1711 2699 seratur,
1740 2664 1867 2699 persua-

406 2721 477 2744 sum
503 2721 628 2753 semper
652 2712 684 2744 in
706 2712 851 2744 ecclesia
860 2712 921 2744 Dei
942 2713 1023 2752 fuit,
1046 2715 1078 2745 et
1103 2714 1306 2746 verissimum
1329 2721 1399 2747 esse
1421 2713 1564 2753 synodus
1580 2713 1661 2746 haec
1680 2713 1866 2757 mmirmat,

405 2764 539 2796 mallius
557 2766 718 2796 momenti
740 2763 974 2802 absolutionem
1004 2774 1073 2797 eam
1102 2775 1189 2805 esse,
1214 2774 1326 2806 quam
1340 2765 1489 2797 sacerdos
1516 2765 1547 2796 ἱιι
1575 2773 1647 2796 eum
1671 2764 1810 2827 profert,
1834 2763 1867 2813 ἰιι

406 2826 502 2858 quem
526 2817 722 2849 ordinariam
749 2816 808 2850 a'nt
829 2817 1068 2857 stibdelegatam
1089 2827 1152 2849 non
1179 2818 1275 2850 habet
1296 2817 1591 2849 iurisdictionem.»
