1980 3260
334 244 424 293 288
606 259 687 291 un.
726 258 773 290 11.
809 253 922 290 sacr.
961 259 989 290 1.
1026 258 1078 289 nn
1110 257 1276 290 rornsr.
1316 247 1507 292 nectes?

331 356 359 386 a
393 336 629 385 tridentino
665 335 960 400 praescripta,
1001 335 1125 382 iuxta
1157 352 1293 399 quam
1327 335 1654 386 matrimonium
1687 340 1802 389 cele-

329 413 449 460 brari
482 410 614 458 debet
646 428 795 459 coram
825 411 1004 476 proprio
1038 410 1250 475 parocho.

425 488 490 534 Ex
508 487 580 534 his
604 487 735 534 etiam
755 496 874 551 patet
891 486 1051 534 solutio
1070 485 1253 533 alterius
1271 485 1420 544 dubii,
1443 487 1563 552 quod
1582 486 1803 538 interdum

329 562 495 611 moveri
531 563 644 610 solet
677 563 795 610 circa
820 562 1015 609 valorem
1043 561 1220 609 illorum
1245 562 1553 625 coniugiorum
1571 602 1581 620 ,
1611 580 1735 628 quae
1749 565 1807 612 ab

331 637 564 685 haereticis
598 637 810 685 ineuntur
843 637 889 683 in
924 636 1118 684 dioecesi
1155 636 1336 702 quidem
1371 647 1449 685 aut
1481 638 1566 685 sub
1599 638 1809 703 paroecia

329 714 406 762 ubi
438 714 662 762 decretum
707 713 995 761 tridentinum
1030 723 1097 761 est
1131 713 1405 778 publicatum
1439 732 1492 762 ac
1525 714 1808 764 observatum

331 801 377 838 at
404 791 449 838 in
477 790 642 855 templo
670 807 784 839 novo
808 789 865 838 ab
888 790 1001 855 ipsis
1025 790 1215 837 excitato
1244 807 1345 838 cum
1376 802 1727 857 supervenerunt
1748 791 1808 839 ad

331 867 453 914 illam
488 867 729 916 dioecesim
764 876 840 915 aut
875 866 1141 932 paroeciam.
1180 866 1235 913 Et
1273 866 1386 914 haec
1430 867 1634 932 quaestio
1677 867 1808 916 facile

330 943 552 990 dirimitur
579 944 617 991 si
642 943 752 991 ratio
779 943 995 990 habeatur
1028 960 1205 999 eorum,
1238 960 1354 1008 quae
1388 961 1414 991 a
1448 961 1542 991 sac.
1564 961 1808 1008 congrega-

329 1018 526 1067 tionibus
561 1018 694 1085 paulo
744 1029 845 1066 ante
894 1018 1028 1066 allata
1072 1028 1191 1066 sunt.
1234 1019 1344 1066 Nam
1383 1018 1580 1067 vidimus
1625 1019 1807 1085 saepius

331 1094 600 1143 declaratum
630 1095 751 1143 nulla
768 1112 868 1143 esse
887 1094 933 1141 in
953 1093 1109 1141 Galliis
1142 1104 1186 1141 et
1212 1093 1319 1141 alibi
1346 1093 1424 1141 ubi
1452 1094 1678 1143 decretum
1700 1112 1808 1144 con-

332 1171 486 1219 ciliare
519 1182 588 1219 est
620 1171 943 1237 promulgatum
962 1209 972 1228 ,
1005 1172 1210 1236 quamvis
1240 1170 1452 1218 haeretici
1477 1170 1568 1219 illis
1591 1171 1639 1219 in
1663 1172 1808 1236 regio-

333 1247 468 1296 nibus
503 1259 658 1313 postea
681 1259 724 1296 et
746 1266 829 1296 sua
852 1247 1016 1313 templa
1038 1246 1303 1304 habuerint,
1334 1264 1532 1313 suosque
1554 1248 1802 1308 ministros,

335 1324 639 1390 coiverintque
667 1324 714 1371 in
748 1334 898 1372 coetus
928 1323 1163 1371 distinctos
1194 1341 1222 1371 a
1254 1323 1504 1372 catholicis.
1542 1325 1671 1374 Ratio
1703 1334 1772 1374 est
1790 1362 1802 1384 ‚

335 1401 447 1466 quia'
474 1400 744 1465 ubicumque
778 1400 867 1464 ipsi
903 1417 985 1447 sua
1018 1399 1185 1465 templa
1218 1400 1480 1459 aedificent,
1518 1414 1706 1450 necesse
1738 1407 1808 1450 est

330 1486 380 1523 ut
414 1475 592 1523 subsint
624 1476 758 1524 alicui
792 1476 1026 1541 paroeciae
1054 1476 1100 1524 in
1131 1495 1222 1542 qua
1249 1477 1474 1526 decretum
1496 1478 1581 1526 fuit
1602 1477 1805 1543 publica-

331 1562 423 1600 tum
441 1591 451 1610 ,
484 1553 684 1618 adeoque
713 1552 809 1616 lege
838 1553 1078 1601 tridentina
1110 1553 1196 1602 hoc
1228 1554 1334 1619 ipso¹
1364 1554 1673 1602 subiiciantur.
1696 1553 1805 1602 Ubi-

332 1645 522 1693 cumque
544 1629 663 1677 enim
685 1629 806 1693 viget
828 1629 1018 1677 ecclesia
1040 1630 1260 1678 catholica
1274 1668 1284 1687 ,
1313 1631 1574 1696 praesertim
1596 1647 1701 1678 vero
1724 1629 1803 1678 ubi

332 1704 605 1763 dominatur,
633 1705 805 1769 integra
827 1706 948 1769 regio
967 1705 1051 1754 sub
1069 1706 1258 1754 alicuius
1278 1706 1478 1771 episcopi
1495 1705 1804 1754 iurisdictione

333 1781 640 1839 constituitur,
679 1782 912 1846 paroeciae
940 1782 1258 1839 instituuntur,
1290 1794 1423 1848 atque
1456 1782 1700 1848 unicuique
1721 1799 1804 1847 pa—

334 1857 468 1905 rocho
485 1858 679 1906 confinia
695 1858 1004 1923 assignantur,
1032 1859 1170 1925 etqui
1193 1859 1309 1907 intra
1331 1859 1415 1907 hos
1439 1860 1552 1908 fines
1575 1860 1805 1926 reperiun-

336 1943 406 1980 tur
422 1972 432 1990 ,
461 1951 590 1982 curae
615 1935 805 1983 subsunt
827 1935 1066 2001 peculiaris
1090 1936 1290 2001 parochi.
1315 1936 1462 1992 Quum
1485 1936 1674 2001 proinde
1695 1937 1805 1986 hae-

336 2009 459 2057 retici
483 2010 646 2075 templa
668 2012 844 2076 erigunt
860 2013 976 2061 intra
994 2012 1210 2060 ambitum
1232 2011 1421 2061 alicuius
1443 2013 1696 2078 paroeciae,
1716 2013 1803 2062 sub

336 2086 517 2151 parochi
550 2087 716 2136 ditione
748 2089 1020 2147 aedificant,
1058 2089 1190 2154 eique
1234 2088 1392 2137 saltem
1435 2090 1529 2136 iure
1573 2088 1767 2138 subsunt
1786 2128 1798 2148 ,

336 2162 419 2210 etsi
443 2162 493 2209 de
517 2163 630 2227 sacto
659 2165 802 2212 eidem
830 2165 1120 2229 refragentur.
1145 2165 1292 2222 Quum
1315 2175 1550 2231 propterea
1575 2165 1623 2213 in
1651 2165 1804 2233 aliqua

336 2238 540 2302 paroecia
563 2239 836 2302 publicatum
861 2252 930 2289 est
950 2242 1189 2290 concilium
1213 2241 1525 2300 tridentinum,
1546 2242 1632 2291 hoc
1648 2259 1806 2291 omnes

338 2314 726 2363 indiscriminatim
765 2318 932 2382 obligat
967 2320 1061 2367 sive
1094 2318 1300 2366 catholici
1333 2319 1448 2375 sint,
1492 2319 1587 2368 sive
1626 2319 1808 2368 acatho—

337 2390 429 2438 lici.
468 2391 523 2438 Et
555 2391 639 2439 hoc
657 2430 667 2448 ,
707 2393 800 2440 sive
835 2406 936 2442 actu
970 2413 1019 2443 se
1052 2394 1364 2444 rebellaverint
1406 2394 1622 2444 adversus
1665 2395 1806 2444 eccle-³

337 2469 465 2526 siam,
494 2468 586 2516 sive
609 2486 661 2516 ex
684 2468 784 2516 aliis
815 2471 1070 2533 regionibus
1093 2472 1150 2520 ad
1175 2472 1298 2519 illam
1322 2471 1571 2536 paroeciam
1595 2487 1809 2536 supervo*

338 2546 499 2594 nerint.

435 2624 616 2688 Propter
653 2624 896 2687 argumenti
936 2624 1195 2674 affinitatem
1234 2642 1323 2674 non
1357 2623 1439 2672 abs
1474 2638 1522 2671 re
1554 2622 1638 2670 erit
1667 2621 1805 2670 dubia

338 2699 516 2757 referre,
546 2717 661 2765 quae
684 2699 802 2747 circa
835 2700 1024 2748 militum
1058 2702 1266 2766 coniugia
1299 2700 1527 2767 proposita
1561 2708 1665 2747 sunt
1698 2715 1805 2764 apo-

339 2776 521 2825 stolicae
538 2776 634 2825 sedi
653 2815 662 2834 ,
687 2794 891 2842 quaeque
915 2778 1107 2826 resoluta
1131 2779 1253 2827 suere
1269 2795 1296 2826 a
1312 2794 1405 2825 sac.
1427 2793 1635 2840 congreg.
1659 2792 1699 2823 s.
1721 2774 1799 2823 off.

338 2862 470 2918 atque
504 2854 766 2902 transmissa
789 2853 846 2901 ad
870 2855 1254 2917 congregationem
1281 2853 1471 2902 concilii.
1496 2853 1606 2900 Sunt
1628 2862 1797 2900 autem:
