1980 3260
250 314 339 345 CAP.
359 314 420 345 111.
436 313 488 344 DE
505 312 588 344 clv.
609 312 771 344 Po'rEsT.
788 315 922 346 rmNc.
941 317 1024 347 [NF.
1045 318 1135 348 mu..
1150 318 1200 348 AD
1219 317 1342 348 MATR.
1358 318 1492 348 ART.1.
1553 302 1637 346 469

188 391 332 438 nalem
366 390 550 437 definiat
571 427 581 445 ,
629 390 884 437 nonnullum
918 392 1025 439 sorte
1058 394 1267 440 emissum
1302 404 1401 440 est:
1448 393 1524 440 sed
1559 393 1643 439 hoc

188 467 334 531 ipsum
368 483 550 531 prorsus
584 466 788 527 ignorant
832 467 963 514 etiam
998 468 1157 515 Romae
1190 469 1272 516 viri
1308 469 1572 522 doctissimi,
1601 480 1643 515 et

187 542 232 588 in
267 541 427 589 studiis
458 540 678 605 rebusque
718 541 975 605 theologicis
1006 554 1048 589 et
1071 544 1296 591 canonicis
1330 544 1635 591 versatissimi.

187 618 301 680 Ergo
334 627 502 664 tantum
534 616 681 671 abest,
711 628 760 663 ut
791 618 845 663 de
886 618 958 664 illa
996 637 1032 665 s.
1064 620 1182 666 sedis
1211 620 1504 666 declaratione
1538 638 1641 666 con—

186 703 286 748 stet,
307 703 355 739 ut
378 703 529 739 contra
560 704 723 739 certum
755 694 812 740 sit
836 694 1000 740 nullam
1026 695 1107 741 hoc
1134 696 1310 741 nomine
1333 695 1642 759 appellandam

183 768 387 815 existere.
427 768 647 814 Hactenus
688 769 864 832 quidem
901 770 973 816 ille
1012 772 1127 831 (50).

280 843 347 892 Ad
366 844 524 892 horum
551 844 796 891 ulteriorem
830 845 1202 892 confirmationem
1238 844 1352 891 adde
1378 845 1432 892 cl.
1474 846 1645 892 Muzza-

186 918 358 966 rellium
391 920 553 967 Romae
590 919 796 982 vulgasse
829 920 1089 984 opusculum
1125 937 1252 966 suum
1290 920 1344 967 de
1377 921 1639 967 matrimonii

186 1005 411 1043 contractu
442 1006 568 1059 prout
587 1007 653 1042 est
678 1007 1015 1048 sacramentum,
1047 996 1091 1041 in
1127 1014 1215 1060 quo
1240 997 1354 1043 hanc
1379 1007 1522 1043 tuetur
1546 1014 1646 1044 sen-

186 1071 382 1126 tentiam,
401 1071 471 1118 cui
491 1083 635 1119 tamen
655 1082 806 1135 utpote
824 1089 861 1118 s.
886 1072 1248 1135 poenitentiariae
1271 1072 1500 1135 pontificio
1525 1073 1645 1119 theo—

187 1138 309 1210 logo,
339 1147 376 1194 si
402 1165 489 1211 qua
514 1148 554 1194 ei
575 1147 815 1194 declaratio
839 1158 915 1194 aut
938 1147 1148 1194 resolutio
1177 1149 1394 1194 contraria
1427 1160 1647 1212 comperta

187 1222 365 1278 fuisset,
393 1223 586 1287 profecto
611 1241 851 1288 numquam
870 1223 990 1270 illam
1015 1223 1274 1270 sententiam
1301 1237 1641 1289 propugnasset.

187 1299 280 1362 Ego
314 1299 411 1363 ipse
443 1299 751 1346 doctissimum
785 1300 830 1345 S.
860 1300 910 1346 R.
940 1300 990 1345 E.
1021 1299 1325 1355 Cardinalem,
1354 1301 1431 1364 qui
1466 1318 1553 1348 non
1589 1302 1649 1348 ita

188 1375 360 1439 pridem
390 1376 631 1422 assessoris
660 1393 841 1423 munere
875 1393 1049 1422 summa
1072 1393 1171 1422 cum
1203 1375 1333 1422 laude
1356 1377 1531 1424 functus
1557 1387 1649 1424 erat

187 1468 252 1498 ss.
282 1451 582 1513 inquisitionis
614 1469 848 1515 supremae
882 1451 1235 1514 congregationis
1265 1451 1349 1498 hac
1372 1451 1428 1498 de
1452 1469 1498 1498 re
1522 1452 1649 1499 inter—

189 1528 338 1590 rogavi
362 1566 371 1583 ‚
400 1527 601 1592 mihique
631 1528 857 1592 respondit
876 1527 1044 1574 nullum
1065 1527 1230 1574 editum
1262 1528 1401 1574 fuisse
1424 1528 1647 1575 decretum

187 1603 462 1651 huiusmodi.
493 1603 620 1659 Quod
647 1603 684 1649 si
709 1602 859 1666 aliqua
878 1602 1084 1650 resolutio
1104 1602 1341 1666 peculiaris
1360 1603 1463 1650 data
1486 1613 1553 1650 est
1571 1621 1649 1668 pro

186 1679 369 1745 speciali
394 1679 544 1743 aliquo
559 1696 688 1734 casu,
715 1678 829 1724 nihil
859 1678 1021 1735 officit,
1049 1689 1138 1725 tum
1165 1679 1271 1742 quia
1301 1679 1514 1726 hactenus
1547 1679 1649 1726 data

187 1773 322 1821 opera
354 1755 438 1803 hoc
465 1773 600 1819 super
628 1766 884 1817 argumento
916 1755 1139 1802 discussio
1163 1755 1277 1802 sacta
1301 1773 1388 1802 non
1412 1755 1573 1810 suerat,
1608 1768 1652 1803 et

188 1832 236 1877 in
255 1831 386 1878 rebus
411 1830 561 1877 dubiis
586 1840 906 1877 consueverunt
920 1829 1283 1892 congregationes
1309 1847 1514 1877 romanae
1532 1847 1651 1877 com-

188 1907 382 1954 muniori
419 1906 689 1961 sententiae⁷
719 1915 848 1969 prout
881 1905 1096 1952 hactenus
1131 1905 1217 1951 ista
1239 1905 1322 1951 suit
1344 1905 1400 1952 ob
1434 1906 1650 1952 rationum

187 1994 408 2031 momenta
438 2000 552 2047 quae
583 1981 714 2046 paulo
752 1992 854 2028 ante
886 1981 1212 2037 recensuimus,
1233 1981 1503 2038 adhaerere,
1542 1982 1650 2046 quin

187 2059 458 2107 intenderint
490 2058 720 2123 quidpiam
758 2058 818 2105 rei
846 2058 1017 2104 veritati
1054 2057 1300 2113 detrahere,
1340 2067 1469 2123 prout
1491 2057 1652 2105 identi-

187 2135 290 2183 dem
332 2136 377 2182 in
419 2136 521 2183 aliis
561 2136 708 2182 adhuc
754 2135 961 2199 implexis
1001 2133 1339 2199 quaestionibus
1382 2151 1431 2181 se
1471 2151 1519 2181 se
1553 2151 1653 2197 ges-

189 2222 342 2259 serunt
380 2213 495 2273 (51).

286 2288 458 2333 Maneat
479 2286 613 2349 igitur
635 2304 780 2351 neque
803 2287 1071 2349 argumentis
1095 2286 1348 2334 intrinsecis
1366 2324 1376 2343 ,
1407 2303 1548 2351 neque
1576 2304 1649 2333 ex-

188 2363 421 2420 trinsecis,
462 2380 541 2410 seu
575 2380 628 2410 ex
661 2363 918 2411 auctoritate
953 2363 1101 2427 petitis
1136 2363 1307 2410 concuti
1349 2363 1467 2428 quod
1504 2363 1651 2410 statui-

278 2511 344 2551 (50)
365 2512 443 2543 Loc.
456 2511 512 2543 cit.
526 2519 559 2543 n.
575 2515 647 2543 209.
661 2520 734 2552 pag.
752 2516 802 2544 22.
820 2516 870 2543 23.

283 2563 348 2605 (51)
372 2565 440 2596 Hac
468 2564 590 2596 ratione
619 2565 857 2605 componuntur
877 2564 1127 2606 discrepantiae,
1153 2565 1285 2605 quaein
1300 2563 1463 2595 nonnullis
1485 2562 1650 2594 resolutio·

187 2617 285 2649 nibus
314 2616 566 2658 particularibus
592 2616 754 2650 interdum
781 2617 884 2650 sacris
900 2617 1201 2658 congregationibus
1215 2617 1357 2649 obiectae
1372 2616 1463 2655 sunt,
1477 2614 1517 2646 de
1532 2615 1651 2655 quibus

185 2669 284 2702 etiam
299 2694 310 2710 ,
332 2671 369 2702 ut
389 2670 548 2711 vidimus,
572 2670 718 2711 loquitur
739 2670 928 2704 Benedictus
945 2672 1029 2703 xlv.
1041 2673 1090 2703 De
1104 2670 1230 2712 synodo
1245 2669 1386 2701 dioeces.
1404 2668 1459 2700 lib.
1474 2669 1530 2700 Vl.
1546 2677 1575 2699 c.
1593 2669 1647 2700 Vl.

186 2731 221 2754 n.
234 2727 263 2754 3.
279 2722 343 2755 Ubi
358 2723 504 2755 meminit
517 2723 614 2755 etiam
630 2723 864 2764 discrepantiae
884 2723 1071 2764 opinionum
1089 2732 1171 2764 quae
1187 2731 1250 2754 non
1272 2721 1370 2753 semel
1391 2721 1474 2753 inter
1494 2721 1651 2752 consulto·

188 2783 239 2808 res
259 2775 374 2817 viguit,
394 2778 490 2817 prout
508 2776 587 2808 mihi
611 2778 738 2808 constat
753 2776 786 2808 in
800 2777 989 2817 quaestione
1001 2786 1099 2818 quam
1116 2784 1278 2808 versamus
1294 2775 1326 2806 in
1341 2773 1586 2815 congregatione
1599 2782 1650 2805 su-

188 2835 299 2867 prema
321 2835 365 2859 ss.
384 2827 625 2869 inquisitionis3
642 2836 701 2859 nec
719 2828 897 2869 praevaluit
918 2829 1080 2861 contraria
1106 2827 1274 2865 resolutio,
1297 2826 1357 2858 nisi
1373 2826 1470 2867 quia,
1488 2826 1525 2857 ut
1540 2824 1648 2864 innui,

188 2879 290 2918 magis
312 2881 381 2912 erat
408 2880 584 2913 conformis
609 2880 823 2912 communiori
853 2882 930 2913 tunc
955 2881 1108 2921 temporis
1134 2879 1355 2918 theologorum
1384 2877 1513 2918 placito.
