1980 3260
323 249 411 298 276
654 262 733 293 Lm.
763 261 810 292 11.
841 261 953 292 secr.
987 262 1015 292 1.
1045 261 1096 291 nr:
1131 257 1294 291 rornsr.
1325 256 1491 292 noctes.

413 342 484 387 Sic
506 340 637 387 etiam
661 338 844 401 Pirhing
869 337 1096 385 scribens:
1124 336 1381 399 «Peregrini
1402 345 1683 386 transeuntes
1706 352 1791 404 per

323 420 456 464 locam
488 415 565 460 ubi
597 423 794 460 servatur
830 413 1054 460 decretum
1089 412 1264 458 concilii
1302 411 1550 466 tridentini,
1595 413 1789 462 invalide

318 490 582 539 contrahunt
617 488 946 535 matrimonium
983 488 1079 535 sine
1103 487 1299 551 parocho
1322 503 1375 534 ac
1399 486 1610 544 testibus,
1640 505 1791 552 quam-

318 567 385 614 vis
432 568 478 612 in
525 565 612 611 loco
656 564 867 610 domicilii
910 562 1021 609 illud
1061 563 1289 610 decretum
1329 580 1414 609 non
1457 564 1515 609 sit
1558 572 1788 627 receptum.

318 642 442 688 Ratio
464 650 552 697 est,
581 640 687 704 quia
711 638 957 703 peregrini,
987 638 1145 685 saltem
1169 637 1319 703 quoad
1344 637 1668 699 solemnitatem
1692 654 1794 686 con-

318 727 561 773 tractuum,
610 725 815 763 tenentur
853 714 910 762 ad
948 714 1067 778 leges
1107 732 1260 762 eorum
1299 714 1521 772 locorum,
1559 731 1640 779 per
1676 731 1795 780 quae

319 802 567 848 transeunt,
595 808 695 838 cum
731 791 902 838 ratione
935 800 1187 838 contractus
1221 790 1464 838 sortiantur
1496 789 1658 838 forum:
1686 807 1792 839 nam

319 886 371 916 ea
404 879 472 916 est
503 868 549 914 in
583 884 853 932 unoquoque
887 866 983 914 loco
1018 866 1324 914 substantialis
1349 866 1490 914 forma
1512 876 1790 924 contractus,

319 963 434 1010 quae
465 962 544 1010 pro
580 944 657 991 illo
697 943 1029 1008 praescribitur.
1059 943 1104 989 Si
1146 960 1250 1006 ergo
1291 943 1337 989 in
1377 943 1529 1008 aliquo
1564 947 1792 991 contractu

320 1038 408 1068 non
432 1030 629 1068 servetur
652 1020 791 1067 forma
814 1036 866 1066 eo
889 1018 986 1066 loco
1011 1019 1285 1084 praescripta
1301 1056 1312 1074 ,
1340 1034 1428 1065 non
1452 1018 1660 1066 subsistit
1691 1035 1795 1067 con-

321 1107 485 1144 tractus
504 1097 632 1158 (172)
645 1134 652 1142 .
664 1095 840 1159 »Atque
857 1094 958 1142 aliis
977 1095 1179 1151 omissis;
1197 1094 1399 1142 Maschat
1415 1104 1458 1141 et
1475 1094 1575 1159 ipse
1593 1094 1793 1142 eamdem

322 1183 467 1220 tuetur
490 1172 736 1227 doctrinam
755 1188 855 1218 cum
874 1171 1053 1218 scribit:
1081 1191 1103 1216 «
1127 1170 1301 1218 Fideles
1322 1181 1588 1218 transeuntes
1605 1187 1661 1218 ex
1679 1171 1792 1226 loco,

318 1250 395 1295 ubi
427 1249 714 1297 tridentinum
761 1265 847 1295 non
891 1247 1175 1304 observatur,
1219 1247 1278 1293 ad
1312 1247 1450 1294 locum
1482 1247 1562 1294 ubi
1593 1247 1795 1295 observa-

321 1336 416 1381 tur,
446 1336 650 1372 tenentur
674 1341 850 1372 servare
874 1324 1058 1371 formam
1082 1323 1310 1370 tridentini
1331 1361 1341 1380 ‚
1371 1340 1476 1371 nam
1500 1323 1672 1372 ratione
1693 1340 1796 1372 con·

320 1411 484 1449 tractus
519 1401 763 1448 sortiuntur
795 1400 953 1447 forum.
999 1400 1116 1463 Ergo
1156 1410 1205 1447 ut
1235 1399 1380 1447 valide
1414 1399 1695 1457 contrahant,
1729 1410 1794 1448 te-

321 1488 479 1524 nentur
503 1494 679 1524 servare
713 1476 897 1524 formam
922 1475 1261 1523 substantialem
1296 1476 1616 1541 praescriptam
1639 1475 1792 1525 matri-

318 1555 467 1601 monio
492 1554 538 1599 in
565 1553 641 1600 tali
664 1553 761 1601 loco
785 1552 1087 1600 contrahendo
1115 1554 1299 1616 (173).»
1791 1607 1793 1609 v

416 1630 530 1677 Huic
564 1630 782 1695 principio
822 1629 999 1677 innixae
1034 1639 1139 1677 sunt
1173 1629 1325 1694 plures
1359 1630 1655 1678 resolutiones
1691 1646 1788 1677 sac.

322 1706 711 1770 congregationum
735 1722 845 1753 rom.
869 1723 981 1771 quas
1001 1705 1048 1751 in
1066 1705 1203 1753 altero
1221 1705 1408 1753 articulo
1426 1706 1649 1754 dedimus.
1672 1704 1793 1753 Talis

322 1783 403 1829 suit
428 1781 638 1830 resolutio
661 1799 753 1829 sae.
776 1799 983 1845 congreg.
1012 1781 1188 1830 concil-ii
1214 1781 1260 1828 in
1285 1799 1423 1830 causa
1445 1792 1691 1846 anqustana
1714 1799 1790 1829 an.

323 1860 462 1904 1742.
491 1858 684 1921 coniugii
709 1858 833 1905 mixti
860 1858 1030 1904 Ulmiae
1054 1857 1261 1905 celebrati
1286 1875 1435 1905 coram
1459 1858 1663 1906 ministro
1686 1857 1796 1905 hae-

324 1935 481 1990 retico,
510 1935 714 1999 quamvis
738 1934 958 1982 eiusmodi
981 1935 1294 1982 contrahentes
1319 1944 1470 1982 essent
1495 1935 1598 1998 vagi
1632 1951 1684 1982 ac
1716 1951 1795 1999 pe·

323 2011 499 2073 regrini.
545 2011 661 2058 Talis
707 2012 871 2076 pariter
913 2011 996 2058 fuit
1038 2011 1248 2059 resolutio
1288 2028 1380 2059 sac.
1427 2010 1793 2075 poenitentiariae

324 2086 471 2149 quoad
505 2086 773 2133 validitatem
811 2087 1006 2150 coniugii
1041 2087 1166 2133 mixti
1200 2086 1319 2151 quod
1344 2086 1390 2132 in
1415 2086 1571 2134 Galliis
1595 2086 1683 2134 duo
1707 2086 1792 2134 iter

324 2161 532 2208 facientes
576 2179 722 2209 coram
763 2164 967 2211 ministro
1008 2162 1257 2210 acatholico
1297 2162 1650 2220 celebraverant;
1691 2179 1794 2210 nam

325 2237 399 2284 die
423 2238 498 2283 28.
528 2237 652 2283 Mart.
684 2239 824 2285 1815.
855 2239 1086 2304 respondit
1117 2239 1228 2286 illud
1263 2238 1457 2286 tribunal
1490 2240 1685 2304 neqative
1714 2255 1794 2287 seu

323 2312 542 2359 eiusmodi
576 2313 900 2361 matrimonium
934 2315 1105 2362 nullum
1129 2315 1285 2363 fuisse.
1314 2315 1404 2362 Nec
1427 2314 1516 2362 alio
1547 2314 1679 2363 modo
1721 2332 1795 2363 su-

323 2405 475 2453 prema
508 2405 570 2435 ss.
601 2388 904 2453 inquisitionis
944 2392 1225 2455 congregatio
1264 2391 1446 2439 resolvit
1478 2390 1664 2439 dubium
1705 2390 1793 2439 sibi

324 2465 599 2529 propositum
633 2465 706 2511 die
742 2468 785 2511 5.
826 2467 908 2513 lul.
949 2469 1090 2514 1847.
1126 2479 1219 2516 tum
1254 2468 1372 2516 circa
1404 2466 1600 2515 valorem
1641 2466 1796 2514 coniu-

322 2542 384 2604 gii
419 2541 543 2588 mixti
574 2540 672 2588 initi
696 2542 893 2589 Lutetiae
917 2543 1187 2591 Parisiorum
1221 2561 1370 2592 coram
1400 2532 1607 2590 ministro
1638 2542 1794 2590 haere-

325 2617 410 2664 tico
433 2627 475 2664 et
498 2616 621 2664 dedit
644 2617 897 2665 facultatem
923 2619 1036 2682 parti
1059 2620 1304 2668 catholicae
1332 2637 1411 2685 per
1443 2618 1681 2667 divortium
1715 2617 1795 2665 de-

325 2694 501 2742 relictae
535 2694 590 2740 ad
626 2711 738 2741 nova
771 2705 885 2748 vota*
908 2696 1189 2752 transeundi;
1230 2707 1273 2744 et
1306 2697 1367 2743 ita
1401 2695 1568 2760 passim
1604 2695 1649 2741 in
1690 2693 1795 2741 aliis

418 2826 511 2865 (172)
533 2827 594 2858 Ius
617 2834 739 2858 canon.
761 2824 816 2857 lib.
839 2827 893 2857 lV.
910 2825 959 2857 tit.
975 2827 1029 2857 111.
1046 2826 1075 2866 ξ.
1093 2827 1134 2857 11.
1153 2836 1185 2858 n.
1205 2831 1252 2859 ιο.

419 2878 508 2918 (173)
531 2879 773 2910 suscitationes
796 2879 980 2910 canonicae
1002 2878 1051 2910 tit.
1065 2879 1121 2910 111.
1138 2887 1171 2910 n.
1186 2882 1237 2911 14.
