1980 3260
264 255 353 287 cAr.
374 257 445 287 vn.
466 258 515 287 ni:
536 255 660 288 nnn.
678 257 805 288 mrm.
821 254 904 288 cum
924 255 1057 288 mma..
1075 256 1154 287 vm.
1172 256 1255 287 mr.
1272 257 1334 289 ss.
1359 256 1450 288 Amr.
1475 256 1503 289 1.
1577 239 1661 288 301

205 350 291 380 non
321 333 487 381 obtinet
514 333 651 382 solius
680 334 891 399 baptismi
915 334 958 381 vi
978 372 988 391 ,
1017 350 1116 381 cum
1146 344 1313 382 constet
1342 334 1667 383 matrimonium

204 419 346 456 ratum
381 409 601 466 fidelium,
630 411 668 457 si
695 427 780 458 non
815 410 944 457 fuerit
981 420 1332 457 consummatum
1352 447 1362 466 ‚
1400 409 1668 474 quandoque

203 484 335 531 etiam
371 502 504 549 posse
538 485 748 542 dissolvi,
790 495 926 533 restat
960 486 1093 548 igitur
1127 495 1176 531 ut
1208 502 1305 532 eam
1330 496 1597 550 assequatur
1616 501 1669 532 ex

203 561 370 608 ratione
404 563 667 608 sacramenti
701 579 836 626 quam
871 562 1125 625 coniugium
1151 562 1195 607 in
1219 561 1478 609 infidelitate
1511 562 1668 608 initum

202 648 245 684 et
272 647 626 683 consummatum
651 637 795 683 induit
819 649 918 702 post
942 648 1164 701 receptum
1191 637 1383 684 salutare
1417 638 1665 694 lavacrum;

202 710 325 757 nulla
359 711 474 758 enim
511 711 598 757 alia
631 713 742 758 ratio
772 712 896 759 reddi
929 723 1071 777 potest
1099 713 1371 759 discriminis
1397 713 1633 760 eiusmodi.

279 787 433 833 'Nemo
469 786 662 850 denique
696 788 783 833 iam
819 788 864 833 in
899 788 1084 834 dubium
1126 797 1301 835 revocat
1342 788 1671 836 matrimonium

201 879 281 926 per
315 873 642 926 procuratorem
676 863 942 910 celebratum
961 901 971 919 ‚
1012 874 1088 910 aut
1121 863 1206 910 sub
1241 864 1493 911 conditione
1526 864 1670 928 ponti-

201 937 329 985 ficiae
351 937 702 1002 dispensationis
727 938 884 985 initum
904 977 913 995 ‚
941 938 1136 986 validum
1161 956 1260 986 esse
1278 956 1330 986 ac
1348 949 1670 987 sacramentum

202 1013 320 1061 effici
355 1031 434 1078 per
467 1030 732 1061 consensum
766 1013 954 1078 physice
984 1014 1107 1078 prius
1134 1032 1161 1060 a
1192 1014 1371 1079 sponsis
1401 1014 1597 1061 elicitum
1621 1031 1673 1060 ac

201 1089 425 1138 moraliter
458 1100 808 1155 perseverantem
826 1128 835 1145 ‚
864 1089 1004 1137 donec
1028 1101 1337 1154 procuratores
1371 1091 1570 1154 ipsorum
1594 1107 1673 1138 no-

205 1166 324 1213 mine
352 1165 640 1223 contrahant,
679 1165 798 1230 quod
837 1176 939 1230 post
975 1165 1153 1213 brevius
1196 1166 1427 1229 longiusve
1460 1167 1672 1230 temporis

206 1242 397 1307 Spatium
433 1242 689 1305 contingere
724 1241 859 1298 solet,
890 1240 960 1289 vel
992 1241 1132 1289 donec
1161 1242 1413 1307 pontificiae
1440 1242 1674 1307 dispensa-

204 1317 339 1365 tionis
365 1317 559 1365 conditio
585 1317 896 1382 adimpleatur.
918 1317 1034 1380 Ergo
1057 1317 1169 1364 nihil
1193 1328 1310 1364 vetat
1333 1318 1570 1383 quominus
1594 1318 1674 1366 da-

204 1404 276 1441 tus
316 1393 422 1459 olim
468 1410 714 1440 consensus
749 1393 795 1439 in
829 1393 1089 1440 infidelitate
1124 1393 1349 1457 initusque
1387 1399 1669 1451 contractus,

205 1469 283 1534 qui
319 1469 479 1532 iugiter
513 1478 788 1534 perseverat,
828 1469 873 1515 in
907 1469 1187 1533 susceptione
1214 1469 1425 1533 baptismi
1457 1487 1546 1517 una
1573 1487 1672 1517 cum

203 1545 444 1593 intentione
481 1544 691 1608 iungendi
719 1562 768 1592 se
794 1561 915 1591 more
950 1544 1193 1592 christiano
1230 1544 1459 1592 sufficiens
1493 1562 1544 1592 ac
1578 1545 1674 1593 ido-

205 1638 316 1668 neus
335 1620 393 1668 sit
409 1620 464 1667 ad
485 1630 811 1668 sacramentum
839 1619 1163 1681 conficiendum
1180 1658 1190 1675 ,
1221 1619 1348 1667 cuius
1374 1619 1461 1667 iam
1487 1637 1673 1685 capaces

205 1707 337 1753 sunt;
374 1697 633 1761 praesertim
667 1697 706 1743 si
743 1696 896 1761 (quod-
931 1706 1076 1743 tamen
1113 1696 1413 1743 necessarium
1438 1714 1526 1744 non
1549 1699 1670 1759 est),

205 1772 377 1822 denuo
391 1772 464 1820 hic
498 1772 597 1837 ipse
638 1789 885 1819 consensus
932 1771 1131 1836 adeoque
1171 1780 1420 1819 contractus
1468 1789 1676 1871 expresse

203 1848 349 1901 verbis
383 1849 440 1896 de
475 1850 697 1912 praesenti
734 1857 982 1895 renovetur.

299 1925 366 1971 lta
402 1924 584 1989 quidem
625 1924 917 1972 affirmativae
957 1925 1202 1972 sententiae
1247 1926 1418 1989 patroni
1459 1942 1555 1973 eam
1596 1895 1674 1970 ad-

204 2009 393 2050 struunt.
423 2000 644 2048 Omnibus
670 2010 815 2048 autem
844 2000 925 2047 rite
950 2001 1208 2065 perpensis,
1236 2000 1378 2065 liquet
1408 2000 1524 2048 hanc
1545 2000 1675 2065 longe

205 2075 442 2127 firmiorem
473 2077 614 2126 videri
650 2076 1012 2141 solidioremque.
1042 2077 1136 2124 Non
1172 2076 1302 2124 modo
1325 2076 1449 2124 enim·
1468 2076 1676 2124 satisrso-

204 2142 309 2203 lidis
357 2152 655 2199 fundamentis
702 2153 949 2201 innituntur
982 2154 1060 2217 qui
1094 2170 1191 2199 eam
1236 2159 1557 2217 propugnant·‚‘
1596 2152 1674 2200 sed

203 2238 403 2276 evertunt
438 2227 569 2291 plane
604 2227 940 2274 fundamentum
977 2228 1263 2293 praecipuum
1298 2227 1669 2277 adversariorum.

205 2303 434 2367 Siquidem
454 2341 463 2359 ‚
505 2303 802 2367 principium,
841 2313 889 2350 ut
922 2303 1116 2351 vidimus
1139 2342 1149 2360 ,
1190 2303 1394 2352 omnibus
1429 2304 1520 2352 illis
1556 2321 1676 2351 com-

204 2396 339 2426 mune
367 2390 462 2435 est⁷
496 2379 615 2444 quod
645 2390 895 2427 contractus
930 2379 1123 2443 coniugii
1161 2378 1298 2431 semel
1330 2380 1480 2429 valide
1511 2380 1670 2434 initus,

206 2455 292 2502 nisi
320 2473 421 2503 cum
450 2455 634 2502 iniretur
666 2455 929 2503 sacramenti
962 2466 1163 2503 naturam
1190 2456 1407 2512 induerit,
1443 2473 1677 2519 numquam

205 2530 416 2594 deinceps
435 2531 588 2595 *possit
617 2541 941 2578 sacramentum
969 2530 1112 2588 effici,
1148 2549 1226 2579 seu
1264 2532 1410 2596 potius
1444 2532 1504 2577 in⁴
1526 2548 1676 2579 eorum

205 2605 387 2670 quidem
408 2607 647 2663 sententia,
677 2607 941 2654 sacramenti
961 2607 1144 2655 materia
1168 2625 1289 2664 esse;⁴
1307 2608 1369 2654 ad·
1389 2606 1507 2671 quod
1532 2617 1678 2654 osten-

206 2681 400 2728 dendum
442 2699 595 2730 omnes
637 2682 875 2732 collineant
914 2683 1141 2741 rationes,
1181 2701 1296 2749 quae
1329 2682 1383 2729 ab
1420 2682 1532 2746 ipsis
1569 2682 1677 2729 affe-

208 2767 364 2804 runtur
385 2768 434 2804 ut
457 2758 661 2806 evincant
696 2775 1007 2807 conversorum
1038 2759 1292 2822 coniugium
1313 2775 1392 2822 per
1406 2756 1677 2822 baptismum

209 2832 265 2878 ad
301 2835 563 2883 sacramenti
597 2834 857 2897 dignitatem
883 2835 1008 2884 evehi
1035 2853 1122 2883 non
1147 2852 1293 2899 posse.
1324 2833 1403 2880 Ast
1426 2832 1579 2880 merito
1604 2834 1679 2879 Be-
