1980 3260
290 238 382 271 cAr.
401 238 478 270 vn.
497 238 549 270 m:
566 237 693 271 MATR.
712 237 842 271 mm).
862 236 947 270 cun
967 236 1560 270 r1nuL.vi:L1Nr.sr.Anr.11.
1623 223 1713 269 315

240 316 461 365 eiusmodi
486 334 619 365 casus
647 317 793 382 viget,
831 316 943 364 haec
977 315 1157 364 statuit:
1183 316 1312 365 «Nos
1336 316 1476 364 statui·
1495 316 1715 365 dictorum

238 393 450 442 Indorum
480 404 665 460 paterno
702 394 864 442 affectu
898 392 1092 457 benigne
1124 392 1384 450 consulere,
1424 402 1557 459 atque
1591 392 1716 459 ipsos

236 470 473 536 episcopos
512 481 557 519 et
597 470 826 518 ministros
862 468 1120 518 huiusmodi
1156 468 1382 534 scrupulis
1420 469 1612 518 eximere
1643 486 1721 531 vos

234 546 401 604 lentes,
430 557 553 595 motu
584 547 790 612 proprio,
829 556 874 594 et
906 563 960 594 ex
992 555 1112 594 certa
1142 536 1332 594 scientia
1364 563 1416 594 ac
1448 546 1505 594 de
1537 556 1716 612 aposto-

234 622 350 671 licae
389 623 623 688 potestatis
659 622 941 687 plenitudine
962 660 973 679 ,
1010 632 1059 670 ut
1092 621 1191 669 Indi
1213 659 1224 680 ,
1268 621 1384 670 sicut
1427 621 1674 687 praefertur
1700 659 1711 679 ,

231 699 475 764 baptizati,
511 709 555 746 et
594 699 642 745 in
678 699 876 747 futurum
919 698 1211 764 baptizandi,
1257 715 1358 746 cum
1395 715 1531 746 uxore
1551 736 1563 756 ,
1601 715 1717 764 quae

231 792 334 823 cum
367 775 483 840 ipsis
517 774 650 822 fuerit
675 774 927 841 baptizata,
961 785 1006 822 et
1029 773 1356 840 baptizabitur,
1389 791 1616 822 remanere
1638 791 1717 823 va—

229 850 379 909 leant,
406 850 509 899 aliis
532 851 736 898 dimissis
754 889 764 908 ,
803 849 1342 922 ³P9fff1593„‚.{¹.¹9l9333999
1359 887 1369 907 ‚
1400 860 1552 899 tenore
1586 868 1713 916 prae-

230 927 424 977 sentium
451 965 463 986 ,
509 927 794 976 declaramus
828 926 1161 975 matrimonium
1194 925 1455 974 huiusmodi
1490 925 1606 974 inter
1639 943 1717 975 eos

230 1005 476 1054 consistere
494 1006 591 1068 (33)
606 1024 648 1051 .»

326 1081 471 1130 Huius
489 1081 652 1130 indulti
671 1080 904 1148 apostolici
928 1082 973 1130 vi
991 1081 1281 1148 consequitur
1305 1098 1395 1131 non
1418 1081 1553 1131 modo
1581 1099 1718 1148 posse

229 1175 494 1207 conversum
527 1158 649 1206 hunc
682 1157 964 1206 idololatram
997 1158 1187 1224 primam
1222 1175 1431 1216 uxorem,
1470 1176 1587 1225 quae
1616 1176 1719 1208 con-

229 1235 340 1284 verti
376 1252 466 1283 non
498 1234 615 1292 vult,
654 1233 902 1292 dimittere,
928 1252 1084 1283 verum
1119 1235 1252 1283 etiam
1276 1252 1330 1283 ex
1353 1234 1561 1301 pluribus
1585 1246 1718 1285 antea

228 1310 374 1359 ductis
391 1310 623 1368 uxoribus,
646 1327 763 1375 quae
786 1309 936 1358 animo
954 1321 1236 1376 comparatae
1260 1311 1350 1359 sint
1367 1310 1424 1359 ad
1441 1311 1716 1377 baptismum

227 1387 569 1452 suscipiendum
605 1386 793 1450 seligere
826 1404 961 1452 posse
994 1405 1325 1453 quamcumque
1363 1387 1591 1447 voluerit,
1634 1406 1717 1437 seu

227 1481 350 1522 eam,
393 1482 529 1530 quam
569 1474 745 1529 praeter
784 1473 954 1512 ceteras
992 1463 1165 1528 diligit,
1209 1464 1305 1513 sive
1345 1465 1570 1523 secunda,
1620 1465 1717 1515 sive

228 1541 381 1600 tertia,
419 1551 497 1590 aut
530 1551 691 1606 quarta
724 1540 872 1588 fuerit.
912 1541 1168 1606 Siquidem,
1196 1541 1343 1607 prima
1365 1541 1570 1607 dempta,
1598 1559 1715 1608 quae

228 1618 326 1667 sola
346 1635 452 1668 vera
473 1636 526 1667 ac
549 1618 749 1682 legitima
781 1635 892 1666 uxor
924 1618 1091 1676 extitit,
1119 1617 1319 1683 reliquae
1341 1635 1497 1666 omnes
1521 1619 1619 1684 pari
1644 1637 1716 1668 ra-

228 1694 349 1743 tione
382 1704 488 1742 sunt
520 1693 804 1758 illegitimae,
842 1693 1045 1759 adeoque
1079 1694 1125 1740 in
1160 1694 1365 1742 conversi
1399 1703 1469 1742 est
1508 1694 1716 1744 facultate

229 1788 284 1819 ex
323 1770 398 1819 his
441 1770 565 1818 illam
604 1770 770 1835 eligere
809 1770 855 1817 in
895 1788 1078 1819 uxorem
1122 1788 1259 1835 quam
1302 1770 1526 1819 maluerit.
1574 1772 1715 1821 Immo

231 1846 366 1895 etiam
382 1884 393 1905 ,
422 1847 462 1894 si
487 1846 655 1894 nullam
678 1864 732 1894 ex
755 1846 871 1911 ipsis
890 1846 1054 1895 ducere
1070 1846 1224 1903 vellet,
1249 1856 1401 1911 posset
1419 1846 1553 1894 aliam
1572 1858 1717 1896 extra-

228 1940 359 1971 neam
394 1923 626 1972 mulierem
662 1923 840 1971 fidelem
875 1923 922 1971 in
955 1923 1287 1972 matrimonium
1321 1923 1508 1982 ducere,
1545 1933 1595 1972 ut
1634 1940 1715 1990 per

228 2017 278 2048 se
311 2010 450 2065 patet.

324 2076 436 2124 Cum
469 2093 575 2125 vero
609 2076 912 2142 supplicatum
947 2077 1108 2126 fuisset
1131 2076 1252 2142 apud
1276 2093 1370 2125 sac.
1398 2093 1606 2141 congreg.
1641 2093 1715 2125 su-

226 2170 408 2218 premae
441 2152 747 2217 inquisitionis
781 2153 838 2200 ab
872 2153 1084 2219 episcopo
1118 2153 1388 2219 quebecensi
1429 2153 1477 2200 in
1509 2153 1713 2202 America

227 2228 562 2294 septentrionali
583 2228 639 2276 ad
657 2229 950 2277 barbarorum
968 2229 1146 2278 facilius
1166 2229 1510 2295 promovendam
1529 2246 1712 2279 conver-

228 2306 426 2363 sionem,
467 2323 605 2370 penes
641 2323 756 2371 quos
789 2306 912 2370 viget
951 2306 1225 2372 polygamia,
1268 2317 1318 2355 ut
1358 2307 1492 2355 venia
1531 2307 1711 2355 daretur

228 2382 503 2431 concedendi
538 2383 766 2431 conversis
801 2399 850 2431 se
884 2383 1068 2447 iungere
1101 2400 1202 2431 cum
1242 2382 1444 2448 qualibet
1482 2400 1620 2431 uxore
1656 2400 1710 2430 ex

227 2461 293 2509 eis
317 2478 431 2526 quas
456 2470 586 2508 antea
609 2460 848 2518 duxerant,
876 2460 1046 2508 omissa
1068 2460 1340 2525 obligatione
1356 2477 1358 2479 ’
1373 2459 1591 2509 retinendi
1615 2458 1708 2524 pri-

228 2555 371 2595 mam,
411 2555 547 2603 quam
583 2554 718 2603 saepe
751 2536 1024 2586 declaratum
1058 2547 1127 2586 est
1159 2554 1262 2586 esse
1294 2537 1437 2586 solam
1467 2536 1709 2600 legitimam

227 2631 436 2672 uxorem;
466 2632 537 2662 res
562 2614 726 2663 infecta
749 2614 912 2672 cessit;
951 2632 1033 2663 seu
1056 2614 1207 2680 potius
1232 2622 1579 2679 temperamento
1596 2629 1709 2677 quo-

228 2690 332 2738 dam
367 2708 460 2739 sac.
500 2691 785 2755 congregatio
818 2708 903 2739 usa
941 2700 1023 2739 est.
1070 2692 1182 2739 Nam
1227 2688 1564 2755 expendendum
1607 2704 1707 2737 esse

231 2767 406 2816 censuit
439 2786 544 2815 num
579 2778 738 2832 agatur
770 2768 826 2815 de
859 2767 1138 2825 hominibus,
1167 2767 1245 2833 qui
1271 2766 1317 2813 in
1341 2763 1602 2815 infidelitate
1633 2781 1709 2813 ve-

326 2867 392 2910 (33)
413 2868 507 2910 Apud
528 2868 746 2902 Bened.xlv.
770 2870 817 2902 De
826 2867 955 2911 synodo
971 2868 1027 2901 lib.
1043 2869 1131 2902 xm.
1147 2876 1177 2900 c.
1194 2871 1246 2901 21.
1263 2875 1295 2899 n.
1313 2870 1343 2899 ³.
