1980 3260
344 225 433 274 272
670 236 751 270 nn.
778 237 825 269 11.
853 235 967 269 sacr.
996 235 1028 267 1.
1048 234 1100 266 nr
1125 233 1291 267 rornsr.
1314 233 1481 267 nectes,

439 318 483 364 3.
513 315 563 361 In
595 330 677 361 ora
709 311 1073 361 Coromandeliea
1105 328 1179 358 an.
1209 311 1353 358 1831.
1386 310 1537 374 (160).

439 392 482 437 4.
511 390 562 436 In
597 389 780 455 Iaponia
812 385 1142 453 aequivalenter
1166 386 1256 433 iam
1287 385 1344 433 ab
1373 402 1447 433 an.
1478 387 1620 433 1625.
1653 390 1802 453 (161).

437 468 481 513 5.
511 465 562 512 In
596 482 673 513 ora
695 465 860 530 pariter
882 463 1151 511 malabarica
1173 460 1258 511 suh
1282 461 1450 511 ditione
1467 462 1693 528 quondam
1709 465 1812 516 Hol-

338 542 515 591 landiae
547 559 621 589 an.
652 542 793 588 1765.
827 542 978 603 (162).

437 621 481 665 6.
503 616 698 683 Bombay
715 634 769 664 ex
786 633 875 681 quo
899 616 1102 681 pervenit
1123 615 1208 664 sub
1231 615 1447 665 ditionem
1471 632 1563 665 soc.
1586 615 1644 665 ab
1668 617 1812 667 Indiis

340 704 622 760 nuncupatae
654 711 727 741 an.
757 694 898 741 1761.
931 694 1082 756 (163).

436 848 514 894 111.
544 848 595 894 ln
618 847 811 897 Animum
844 847 1011 912 pariter
1042 847 1139 895 sive
1172 846 1522 912 septemtrionali
1555 847 1650 896 sive
1679 848 1815 895 meri-

338 923 508 972 dionali
546 923 692 973 locum
725 924 883 972 habuit
914 923 1114 972 extensio
1145 923 1469 972 Declarationis
1502 923 1814 973 benedictinae

388 999 392 1002 ’
434 1001 481 1048 1.
509 1001 560 1047 ln
594 1000 836 1066 provinciis
867 999 1051 1048 Canada
1082 1017 1136 1048 ex
1167 1017 1257 1066 quo
1280 999 1365 1048 sub
1387 999 1602 1049 ditionem
1624 999 1813 1067 Angliae

340 1087 635 1143 pervenerunt
667 1095 740 1125 an.
771 1078 912 1125 1763.
945 1077 1096 1140 (164).

438 1154 483 1201 2.
511 1153 707 1213 Curacao
741 1170 814 1202 an.
843 1153 986 1200 1851.
1019 1153 1169 1216 (165).

340 1380 508 1420 tamquam
527 1378 663 1419 illicita,
681 1378 739 1412 sed
759 1378 924 1420 praeterea
942 1378 1111 1419 tamquam
1131 1377 1278 1411 invalida
1302 1377 1415 1411 haberi
1432 1377 1587 1412 deberent
1606 1377 1815 1411 matrimonia

337 1433 507 1465 contracta
524 1440 566 1465 ex
587 1439 654 1464 una
672 1432 766 1473 parte
783 1431 961 1473 catholica,
983 1440 1025 1464 ex
1045 1431 1148 1464 altera
1165 1431 1273 1464 autem
1295 1431 1420 1465 russica
1440 1440 1551 1465 coram
1571 1431 1720 1464 ministro
1737 1430 1812 1464 hae·

338 1486 459 1526 retice,
471 1484 529 1518 uhi
542 1485 769 1517 contrahentes
781 1485 816 1517 vi
830 1484 938 1525 legum
957 1484 1096 1518 educare
1116 1483 1236 1517 liberos
1255 1485 1408 1517 tenentur
1427 1484 1462 1517 in
1482 1484 1638 1527 religione
1657 1484 1812 1518 schisma·

336 1538 415 1571 tica.
435 1540 532 1580 Resp.
550 1550 567 1566 α
580 1536 788 1570 Matrimonia
799 1536 841 1570 de
853 1536 973 1579 quibus
990 1537 1113 1578 agitur,
1131 1536 1262 1570 tametsi
1276 1537 1344 1570 sint
1358 1537 1493 1579 illicita,
1513 1538 1626 1570 tamen
1645 1537 1684 1570 nt
1701 1534 1814 1569 valida

335 1590 485 1624 habenda
502 1599 607 1625 esse.-

434 1644 522 1686 (160)
542 1646 591 1677 Ex
609 1644 713 1677 literis
726 1652 754 1678 s.
767 1652 917 1686 congreg.
931 1643 973 1677 de
984 1652 1119 1686 propag.
1130 1643 1195 1676 fide
1207 1652 1247 1677 ex
1260 1643 1379 1685 quibus
1390 1643 1488 1676 etiam
1501 1642 1640 1676 habetur
1652 1650 1707 1675 an.
1720 1645 1812 1676 1881.

339 1698 505 1732 extensam
518 1697 617 1730 fuisse
627 1697 774 1731 eamdem
785 1697 1044 1730 Declarationem
1058 1697 1100 1729 ad
1114 1697 1260 1730 colonias
1273 1696 1418 1738 gallicas.

434 1751 522 1793 (161)
542 1753 590 1784 Ex
607 1752 679 1785 Act.
700 1760 850 1793 congreg.
874 1750 916 1784 de
939 1759 1072 1793 propag.
1092 1750 1158 1784 fide
1177 1755 1208 1784 2.
1227 1750 1291 1783 Iul.
1307 1755 1398 1783 1625.
1415 1763 1431 1779 α
1443 1749 1493 1783 Ad
1508 1749 1646 1782 dubium
1660 1747 1815 1790 Iaponiae

339 1804 396 1836 ubi
419 1804 611 1846 supponitur
626 1812 719 1837 conc.
727 1803 940 1837 tridentinum
957 1803 1057 1836 fuisse
1071 1803 1288 1845 publicatum,
1304 1803 1400 1845 plura
1410 1811 1486 1836 cnm
1507 1802 1629 1836 fuerint
1646 1801 1814 1834 matrimo-

339 1857 395 1890 nia
413 1857 574 1890 celebrata
599 1857 722 1899 absque
746 1856 879 1899 parochi
901 1856 1082 1898 praesentia
1093 1856 1137 1889 ob
1151 1856 1320 1898 penuriam
1343 1855 1568 1897 sacerdotum,
1586 1854 1729 1888 maxime
1741 1854 1817 1896 post

341 1911 595 1951 persecutionem
610 1911 756 1943 exortam
766 1918 819 1943 an.
829 1912 920 1943 1614.
929 1909 1104 1947 Quaeritur
1121 1910 1277 1942 1.Utrnm
1292 1910 1381 1951 Papa
1396 1908 1501 1951 possit
1512 1909 1547 1941 in
1560 1907 1736 1950 praedictis
1746 1915 1815 1940 ma·

340 1962 501 1995 trimoniis
516 1962 701 2004 dispensare
714 1961 895 2004 supplendo
907 1961 1069 1995 defectum
1081 1961 1304 1994 substantialis
1323 1961 1554 2002 solemnitatis,
1573 1961 1623 1993 ita
1634 1961 1672 1993 ut
1685 1960 1813 1993 contra·

342 2013 454 2046 hentes
465 2023 531 2047 non
546 2016 716 2048 teneantur
728 2015 846 2048 iterum
857 2015 1064 2055 contrahere,
1078 2013 1194 2047 saltem
1206 2014 1347 2055 secreto,
1363 2012 1554 2055 praesertim
1567 2021 1644 2046 cum
1658 2010 1813 2045 difficilli-

340 2074 432 2099 mum
446 2067 490 2099 sit
500 2067 557 2099 illa
571 2067 778 2101 matrimonia
789 2067 857 2100 fere
868 2066 1118 2100 innumerabilia
1128 2075 1168 2099 eo
1179 2066 1279 2099 modo
1292 2066 1456 2099 celebrare
1469 2065 1609 2098 durante
1622 2064 1813 2107 praesertim

341 2120 562 2160 persecutione
573 2123 588 2153 i·
603 2136 615 2145 ·
631 2121 782 2155 Urbanus
799 2122 888 2154 vm.
905 2120 1087 2163 approbans
1107 2121 1299 2153 sententiam
1319 2128 1386 2152 sac.
1408 2127 1558 2160 congreg.
1581 2127 1717 2161 propag.
1734 2117 1812 2152 fidei

338 2171 531 2205 declaravit:
548 2189 559 2198 ·
573 2174 742 2208 Praedicta
757 2174 966 2207 matrimonia
982 2174 1018 2206 in
1035 2174 1171 2215 Iaponia
1183 2174 1255 2206 sine
1268 2172 1437 2215 parochis,
1459 2173 1498 2205 ut
1516 2172 1717 2214 praefertur,
1735 2180 1812 2204 con·

340 2226 463 2265 tracta,
484 2225 583 2258 fuisse
602 2227 636 2258 et
655 2235 725 2260 esse
744 2227 854 2260 valida
872 2227 966 2260 iuxta
985 2226 1236 2260 declarationem
1261 2225 1479 2259 cardinalium
1493 2223 1625 2258 concilii
1643 2223 1815 2259 tridentini

342 2278 554 2320 interpretum
569 2287 628 2320 pro
643 2279 835 2322 Bollandia,
854 2280 1007 2313 zelandia
1024 2281 1058 2313 et
1070 2279 1175 2312 Frisia
1191 2279 1325 2312 editam.

435 2332 524 2373 (162)
545 2334 594 2364 Ex
606 2332 677 2364 Act.
693 2341 842 2374 congreg.
856 2333 897 2366 de
908 2342 1042 2376 propag.
1059 2333 1136 2376 fide,
1148 2334 1183 2367 et
1195 2341 1238 2367 ex
1251 2331 1340 2367 decr.
1349 2337 1380 2367 8.
1390 2331 1468 2366 Maii
1482 2340 1536 2367 an.
1550 2335 1641 2367 1669.
1655 2331 1813 2374 probante

341 2384 508 2418 Clemente
520 2386 578 2418 lx.
591 2393 739 2427 congreg.
751 2394 779 2418 s.
794 2386 852 2418 off.

438 2438 524 2480 (16³)
546 2439 639 2472 nem.

437 2490 524 2532 (164)
544 2493 593 2524 Ex
613 2491 729 2524 iisdem
749 2493 842 2526 actis.

434 2544 522 2586 (165)
542 2547 590 2577 Ex
614 2544 734 2578 decret.
760 2554 908 2587 congreg.
934 2556 963 2581 s.
989 2547 1046 2580 off.
1069 2557 1146 2582 cum
1170 2546 1474 2591 supervenientibus
1492 2545 1588 2578 novis
1604 2543 1730 2578 colonis
1749 2543 1812 2576 suh

342 2597 465 2630 ditione
492 2598 744 2631 acatholicorum
755 2623 765 2640 ,
781 2599 952 2632 obliterata
975 2601 1072 2634 fuerit
1095 2602 1254 2635 memoria
1271 2602 1304 2635 et
1321 2600 1433 2643 praxis
1452 2598 1576 2631 formae
1593 2595 1810 2637 tridentinae3

341 2663 358 2679 «ι
371 2651 578 2685 Eminentiss.
590 2651 802 2686 decreverunt
823 2654 1031 2687 matrimonia
1048 2655 1249 2689 clandestina
1265 2655 1421 2688 hactenus
1439 2652 1605 2698 contracta
1617 2659 1677 2693 pro
1690 2649 1810 2684 validis

335 2703 508 2745 habenda,
523 2704 551 2736 si
567 2705 695 2738 nullum
711 2704 801 2738 aliud
822 2705 1032 2739 intervenerit
1054 2707 1322 2749 impedimentum
1331 2731 1342 2748 ‚
1356 2706 1386 2739 si
1398 2705 1608 2739 sanctissimo
1622 2702 1808 2746 placuerit»

343 2758 378 2789 in
391 2758 555 2798 posterum
571 2766 650 2791 vero
663 2758 884 2792 contrahenda
899 2760 1020 2801 pariter
1036 2769 1096 2802 pro
1113 2762 1233 2795 validis
1246 2769 1316 2795 esse
1332 2758 1500 2800 habenda,
1509 2758 1613 2791 donec
1625 2756 1667 2790 ab
1679 2757 1808 2798 aposto·

343 2809 406 2842 lica
420 2809 497 2842 sede
510 2810 604 2843 aliter
617 2811 775 2846 statutum
788 2811 907 2853 ruerit,
925 2811 1018 2846 salva
1040 2822 1166 2856 semper
1187 2814 1257 2855 lege
1283 2811 1522 2853 ecclesiastica,
1545 2818 1630 2854 quae
1648 2807 1810 2844 eiusmodi

339 2863 503 2898 connubia
521 2865 611 2899 vetat
622 2865 706 2900 etc.»
