1980 3260
323 289 414 322 ιιιι».
432 289 494 323 ιιι.
515 290 565 322 ns
584 289 666 322 civ
683 265 1001 323 rorssr.1›nmc
1015 289 1100 323 mr.
1118 289 1210 322 nm.
1224 290 1275 323 An
1294 290 1418 323 nm.
1434 289 1526 323 Αιιι.
1545 290 1590 323 ιι.
1634 274 1714 321 481

262 368 379 416 ritati
403 369 474 416 ius
498 367 832 417 statuendorum
858 369 1271 434 impedimentorum
1292 369 1623 425 dirimentium,
1646 368 1724 416 sed

261 442 319 494 ob
340 430 623 492 accedentem
649 444 865 493 ecclesiae
897 446 1215 494 auctoritatem.
1245 445 1454 511 Alioquin
1491 432 1726 510 prohibitio

260 520 383 584 regia
417 537 505 569 non
539 520 758 585 attigisset
796 522 883 570 nisi
924 522 1109 571 effectus
1143 522 1319 579 civiles,
1359 522 1486 570 firmo
1520 530 1727 568 manente

259 596 484 660 coniugali
509 597 686 646 foedere
707 615 760 646 ac
781 598 960 648 vinculo
975 638 985 656 ,
1008 610 1138 664 prout
1157 599 1303 665 reipsa
1325 599 1519 647 cernitur
1535 597 1581 643 in
1600 612 1727 661 prae-

259 671 375 738 senti
409 688 547 720 causa
578 672 823 732 accidisse,
854 675 899 721 in
924 692 1013 740 quo
1044 675 1161 739 regis
1201 685 1355 740 postea
1389 671 1728 739 superveniente

260 763 482 796 consensu
500 786 510 805 ,
549 760 692 798 ratum
733 749 935 798 habitum
969 761 1038 799 est
1070 750 1275 799 Gastonis
1318 767 1417 798 cum
1452 746 1730 812 Margaretha

261 823 535 871 connubium
558 824 731 892 absque
759 825 851 893 ulla
877 844 1123 876 consensus
1150 827 1431 875 renovatione
1462 835 1539 873 aut
1571 822 1731 871 ratiha-

258 898 426 947 bitione
457 901 576 962 (62).
598 901 676 948 Sin
697 917 804 950 vero
826 901 1087 951 alterutrum
1110 902 1322 959 defuerit,
1351 901 1522 950 scilicet
1543 914 1731 947 consue-

259 973 366 1023 tudo
396 974 468 1022 vel
501 975 718 1025 ecclesiae
750 978 797 1024 in
831 995 967 1025 sensu
999 978 1203 1043 exposito
1232 977 1517 1046 approbatio,
1547 973 1731 1022 evidens

261 1053 330 1098 est
363 1050 410 1097 in
443 1050 540 1099 foro
572 1052 870 1100 conscientiae
894 1052 1004 1100 illud
1029 1054 1285 1117 coniugium
1309 1053 1524 1116 viguisse.
1546 1051 1601 1097 Et
1625 1049 1734 1097 haec

263 1126 477 1175 hactenus
510 1127 568 1175 de
600 1127 686 1175 hoc
719 1127 836 1176 facto
852 1166 863 1184 ,
890 1128 1010 1194 quod
1033 1129 1239 1194 quamvis
1267 1144 1385 1175 nunc
1418 1126 1631 1191 temporis
1656 1141 1734 1190 pa-

263 1218 361 1250 rum
393 1213 472 1251 aut
504 1203 620 1250 nihil
653 1213 806 1252 nostra
846 1204 1045 1262 intersit,
1083 1204 1423 1271 expendendum
1462 1213 1609 1251 tamen
1642 1211 1735 1248 erat

262 1289 314 1326 ut
346 1278 472 1326 fieret
505 1279 616 1327 satis
647 1279 918 1328 adversariis
945 1281 1024 1345 qui
1050 1297 1104 1328 eo
1130 1281 1260 1328 abusi
1289 1290 1517 1345 tantopere
1544 1287 1647 1326 sunt
1679 1276 1735 1324 ad

263 1371 519 1419 germanam
553 1348 818 1404 catholicam
850 1356 1096 1427 doctrinam
1130 1356 1476 1428 oppugnandam

359 1431 548 1479 Demum
582 1449 636 1503 ex
667 1431 824 1480 eodem
859 1425 1079 1498 principio
1112 1433 1232 1505 quod
1266 1433 1488 1498 principes
1533 1427 1737 1478 infideles

264 1508 361 1555 iure
392 1500 573 1555 careant
606 1508 652 1554 ἰιι
686 1508 959 1556 matrimonii
982 1502 1211 1557 vinculum
1235 1509 1396 1581 deduci
1414 1518 1457 1556 et
1474 1506 1582 1554 illud
1607 1505 1739 1552 debet

265 1599 355 1631 non
379 1576 511 1631 modo
535 1583 817 1649 principibus
841 1585 1120 1643 infidelibus,
1147 1578 1298 1635 verum
1322 1586 1456 1634 etiam
1480 1581 1738 1633 christianis

265 1658 342 1707 ius
366 1673 455 1706 non
484 1675 586 1706 esse
612 1654 906 1725 dispensandi
940 1661 997 1709 ab
1030 1662 1362 1733 impedimentis
1396 1658 1734 1713 dirimentibus,

266 1729 644 1800 quemadmodum
677 1753 760 1784 nec
791 1736 868 1785 illa
901 1749 1091 1803 possunt
1132 1749 1352 1797 statuere3
1399 1757 1544 1805 neque
1577 1737 1634 1784 iis
1669 1737 1740 1784 ius

249 1825 369 1858 esse
403 1809 681 1859 diiudicandi
715 1812 866 1886 quoad
898 1813 1126 1862 vinculum
1159 1831 1321 1863 causas
1332 1812 1737 1870 matrimoniales,

267 1895 328 1935 et
334 1902 392 1934 ne
413 1885 592 1950 singula
613 1882 962 1973 persequamur,
990 1890 1211 1939 catholica
1233 1891 1437 1939 doctrina
1453 1890 1510 1938 de
1527 1899 1743 1956 potestate

268 1960 497 2009 exclusiva
526 1959 790 2011 ecclesiae
778 1981 824 2011 in
858 1965 1189 2014 matrimonium
1229 1966 1522 2014 christianum
1556 1965 1744 2014 mirifice

269 2035 572 2085 confirmatur.
595 2038 734 2087 Secus
751 2056 856 2088 vero
872 2057 924 2088 ex
943 2042 1164 2090 contrario
1193 2042 1413 2107 principio
1439 2041 1713 2089 consectaria
1729 2079 1739 2098 ,

269 2111 400 2178 quae?
419 2113 521 2178 plus
556 2114 707 2164 minus
739 2132 766 2164 a
799 2117 1018 2166 catholica
1051 2118 1252 2166 doctrina
1284 2117 1526 2174 abludunt,
1554 2117 1745 2166 deducta

270 2199 376 2238 sunt
407 2185 460 2236 ac
492 2189 773 2240 deducuntur
806 2209 895 2242 non
928 2194 1061 2243 modo
1084 2194 1141 2242 ab
1164 2194 1377 2243 ecclesiae
1409 2194 1631 2251 hostibus,
1666 2194 1744 2241 sed

271 2265 403 2314 etiam
441 2281 468 2312 a
500 2265 734 2315 catholicis
768 2268 1063 2334 scriptoribus
1097 2269 1241 2318 doctis
1273 2279 1316 2318 et
1348 2261 1454 2336 piis.
1584 2261 1586 2263 ¹

367 2341 511 2407 Atque
543 2353 594 2392 ut
628 2359 742 2408 pene
775 2344 1002 2394 obsoletas
1048 2346 1183 2412 paulo
1226 2356 1328 2395 ante
1366 2346 1606 2394 recensitas
1641 2345 1746 2391 San-

274 2414 419 2465 chezii
435 2455 446 2475 ,
475 2418 591 2466 Petri
614 2419 720 2468 Soto
737 2458 748 2477 ,
776 2419 1028 2478 Gerbaesii,
1055 2421 1259 2470 Drouinii
1285 2421 1561 2486 aliorumque
1585 2435 1745 2484 magno

274 2511 457 2543 numero
489 2495 567 2560 qui
601 2494 691 2544 illis
724 2496 1028 2547 adhaeserunt
1059 2498 1315 2547 omittamus
1349 2497 1588 2546 sententias
1607 2534 1617 2553 ‚
1646 2495 1747 2544 illas

273 2587 504 2620 recensere
537 2572 730 2620 contenti
766 2573 958 2632 erimus,
987 2591 1102 2640 quas
1129 2591 1217 2623 non
1240 2575 1301 2623 ita
1327 2572 1500 2638 pridem
1523 2589 1625 2620 cum
1650 2571 1746 2619 suis

272 2645 328 2694 D.
351 2646 553 2696 Carriere
585 2649 809 2698 recensuit
841 2659 885 2698 et
916 2650 1173 2716 complexus
1207 2660 1291 2698 est.
1322 2647 1442 2696 Talis
1474 2665 1526 2696 ea
1558 2658 1629 2696 est
1659 2664 1750 2713 qua

275 2723 430 2772 statuit
449 2743 471 2769 α
494 2723 812 2792 impedimenta
845 2726 1098 2776 dirimentia
1132 2727 1179 2774 in
1211 2724 1362 2774 codice
1393 2722 1512 2772 civili
1549 2733 1712 2772 statuta
1734 2761 1745 2781 ,

371 2845 439 2886 (62)
456 2846 507 2879 cf.
526 2848 666 2881 Lcullicr
688 2848 867 2881 Observat.
886 2850 941 2881 lx.
957 2849 987 2890 §.
1003 2851 1044 2882 Π.
1058 2850 1112 2882 ubi
1132 2848 1253 2881 excutit
1277 2847 1380 2880 totum
1401 2846 1463 2879 hoc
1485 2846 1666 2888 negotium,
1683 2854 1749 2887 quo

274 2897 395 2930 abusus
424 2898 529 2931 tuerat
556 2901 597 2933 ad
630 2909 696 2934 rem
727 2910 819 2935 suam
849 2902 1023 2942 Launojus.

364 2969 398 3003 n
1622 2972 1660 3005 31
