1980 3260
241 257 332 292 cn.
351 259 396 292 n.
416 259 467 292 nn
480 253 626 293 'roras
644 256 781 293 rmus.
797 258 879 292 rm.
897 259 980 293 cm.
998 259 1125 292 nnn.
1142 259 1304 292 cumsr.
1321 258 1415 293 aar.
1434 258 1464 293 1.
1538 235 1628 292 3⁷13

259 338 316 386 Et
338 338 517 386 sanein
540 337 975 403 capitulari‘concilii
1000 338 1505 403 aquisgranensis,cum
1529 355 1633 402 age-

166 422 286 460 retur
306 413 363 461 de
387 414 563 461 statutis
585 414 925 462 connubialibus
938 452 948 471 ‚
970 414 1015 460 in
1036 414 1247 478 peculiari
1264 415 1328 461 De
1344 432 1478 462 uxore
1494 432 1522 462 a
1538 415 1633 463 viro

164 494 366 550 dimi-ssa,
406 495 610 542 innititur
643 505 853 543 statutum
888 495 1053 543 canoni·
1085 497 1160 542 69.
1190 495 1367 543 concilii
1403 496 1587 544 africani
1618 515 1628 543 :

164 572 312 618 «Item
337 571 383 616 in
407 571 562 618 eodem
580 609 591 628 ,
619 581 668 618 ut
691 588 774 618 nec
797 587 907 618 uxor
923 589 949 618 a
965 572 1059 619 viro
1078 572 1266 619 dimissa
1283 572 1419 619 alium
1444 572 1635 638 accipiat

158 645 302 694 'virum
321 683 331 703 ,
363 646 538 693 vivente
567 646 662 695 viro
695 663 803 703 suo,
833 664 913 694 nec
945 648 1014 694 vir
1046 648 1178 695 aliam
1213 649 1431 712 accipiat,
1457 648 1632 706 vivente

159 738 298 768 uxore
321 720 468 785 priore
490 722 641 783 (46).»
655 722 710 768 Et
734 721 914 769 iterum:
932 723 995 768 De
1017 738 1175 786 sponsa
1198 724 1394 779 alterius,
1417 733 1630 771 statutum

158 795 365 843 innititur
397 795 607 843 decretali
642 814 786 861 papae
819 797 1007 862 Syricii:
1033 817 1055 843 α
1073 798 1122 844 In
1146 798 1442 846 decretalibus
1470 799 1630 862 Syricii

157 889 303 938 papae
335 882 386 920 ut
416 871 601 919 alterius
647 889 859 936 sponsam
894 890 1039 921 nemo
1061 872 1249 938 accipiat
1287 875 1404 936 (47).
1424 894 1448 919 »
1474 875 1530 921 Et
1569 874 1631 922 ita

157 957 319 1013 porro.-
347 948 427 995 Ex'
447 947 519 996 his
553 947 705 1013 itaque
744 947 936 1013 aliisque
969 965 1057 996 non
1098 949 1256 1013 paucis
1276 969 1304 1007 ,’
1325 966 1441 1015 quae
1480 949 1630 997 afferri

155 1031 341 1090 'possent
367 1026 463 1088 (48)
495 1024 777 1089 apertissime
797 1033 971 1072 constat
995 1024 1285 1089 imperatores
1308 1042 1362 1073 ac
1384 1041 1511 1088 reges
1535 1025 1631 1073 sive

153 1101 391 1167 'orientales
409 1098 506 1150 sive
522 1100 816 1150 occidentales
837 1111 1091 1148 constanter
1112 1112 1341 1166 spectasse
1364 1118 1559 1150 canones
1577 1119 1630 1149 ae

153 1177 330 1226 decreta
358 1190 468 1225 rom.
492 1176 750 1242 pontificum
771 1186 833 1224 :ut
849 1176 984 1240 <leges
1006 1176 1051 1224 vi
1075 1194 1159 1225 sua
1191 1176 1480 1240 obligatorias
1498 1215 1509 1234 ,
1547 1193 1629 1225 nec

153 1263 261 1302 ’suas
291 1253 512 1302 adiecisse
534 1253 654 1317 leges
671 1291 682 1310 ,
710 1252 795 1301 nisi
818 1263 868 1301 ut
890 1252 1062 1300 illarum
1091 1253 1394 1302 executionem
1419 1263 1630 1318 urgerent

152 1330 370 1379 adversus
415 1339 716 1378 contumaces.
757 1329 873 1377 Hinc
909 1328 979 1376 vel
1019 1328 1123 1394 ipse*
1151 1329 1208 1377 de
1239 1330 1399 1378 Marcu
1430 1329 1628 1378 scribere

151 1405 274 1454 hau‘d
307 1406 553 1455 dubitavit:
586 1406 750 1454 «Hanc
772 1405 859 1453 sibi
883 1415 1075 1453 mentem
1109 1404 1251 1453 fuisse
1272 1404 1416 1453 :docet
1445 1421 1626 1471 quoque

152 1482 449 1540 lastinianus,
487 1492 537 1530 ut
567 1482 801 1530 vetustatis
834 1492 879 1529 et
911 1498 1130 1530 canonum
1160 1497 1210 1529 se
1240 1480 1461 1529 vindicem
1495 1498 1625 1546 prae·

152 1568 323 1615 staret,
362 1576 452 1607 non
485 1575 623 1607 novas
656 1558 834 1622 regulas
868 1558 915 1605 in
948 1556 1183 1605 ecclesiam
1224 1556 1499 1615 invehendo,
1543 1557 1624 1606 sed

152 1645 324 1684 veteres
357 1635 560 1699 augendo
593 1635 640 1682 in
674 1634 835 1683 melius
865 1635 1014 1697 (49).»
1348 1635 1350 1638 ’

181 1740 184 1742 >
252 1710 381 1768 Quod
416 1711 456 1759 si
492 1712 538 1758 in
573 1711 799 1777 aliquibus
823 1710 997 1774 legibus
1021 1710 1078 1758 ab
1103 1710 1194 1759 illis
1211 1709 1495 1776 principibus
1518 1708 1623 1757 latis

150 1793 270 1853 'quae
301 1805 382 1853 pro
410 1787 586 1836 'obiecto
620 1787 892 1835 hahent-res
926 1787 1242 1853 disciplinatos*
1259 1825 1269 1844 ‚
1307 1804 1360 1834 ac
1384 1786 1624 1852 praecipue

150 1863 458 1928 coniugiorum
483 1863 737 1911 sanctiones
761 1874 805 1911 et
827 1863 1144 1929 impedimenta
1161 1902 1171 1921 ‚
1200 1863 1367 1910 nullam
1391 1862 1479 1928 ipsi
1508 1862 1621 1910 inie-

147 1949 307 1988 cerunt
339 1956 558 1988 canonum
582 1949 626 1987 et
648 1939 864 1988 ecclesiae
888 1939 1176 1997 mentionem,
1205 1939 1285 1987 sed
1307 1939 1516 1987 videntur
1530 1940 1621 1986 *eas

149 2033 203 2064 ex
235 2015 417 2082 propria
450 2015 711 2064 auctoritate
745 2025 938 2063 statuere
955 2053 965 2072 ‚
994 2025 1071 2063 aut
1098 2014 1315 2063 ecclesiae
1347 2013 1620 2063 sanctionem

244 2187 311 2229 (46)
331 2188 369 2220 Ιιι
388 2187 568 2229 capitulari
590 2187 839 2230 aquisgranum.
860 2190 948 2221 1789.
969 2196 1040 2229 cap.
1055 2187 1152 2221 xm.
1169 2188 1203 2219 in
1223 2185 1310 2220 coll.
1326 2185 1468 2219 Baluzii
1487 2185 1617 2219 loc.cit.

245 2292 310 2334 (⁴7)
331 2293 645 2335 Cap.L.1hid.col.
662 2297 734 2327 2³0.
778 2335 781 2338 Ι
967 2337 969 2340 ι

244 2346 310 2387 (43)
332 2347 396 2384 Qui
421 2347 515 2388 plura
535 2347 644 2389 cupit,
670 2344 766 2380 adeat
786 2346 875 2380 card.
892 2347 1090 2389 Gerdilium,
1105 2345 1198 2381 cuius
1216 2346 1418 2389 potissimum
1440 2344 1550 2379 labore
1565 2343 1618 2378 hi'e

148 2398 200 2431 usi
223 2407 354 2440 sumus,
378 2399 412 2431 in
435 2400 530 2432 tract.
546 2400 601 2432 cit.
617 2402 664 2433 De
683 2400 891 2433 matrimonio
905 2409 974 2442 par.
985 2402 1011 2433 1.
1029 2400 1059 2442 §.
1076 2402 1190 2434 x-xss.
1206 2400 1257 2433 ΟΥ.
1272 2399 1370 2432 etiam
1390 2398 1521 2431 Bianchi
1538 2397 1616 2430 Del·

148 2450 328 2483 l'esterior
344 2451 478 2492 polizia
497 2451 594 2484 della
614 2452 745 2492 chiesa,
763 2453 820 2485 lib.
838 2454 896 2486 111.
910 2461 982 2494 cap.
998 2455 1054 2485 Vl.
1071 2451 1102 2494 §.
1115 2455 1131 2485 Ι
1145 2461 1238 2493 seqq.

241 2504 307 2545 (49)
328 2504 399 2537 Lib.
416 2505 459 2537 11.
476 2507 526 2537 De
541 2505 726 2538 concordia
745 2514 817 2547 cap.
833 2507 890 2539 XI.
907 2515 940 2538 n.
958 2511 988 2539 2.
1003 2522 1014 2531 -
1030 2508 1072 2538 Et
1084 2514 1162 2539 sane
1176 2505 1374 2538 lastinianus
1391 2505 1426 2536 iu
1443 2503 1618 2544 neser-{pto

145 2555 188 2589 ad
209 2557 388 2590 Decianum
411 2557 445 2590 id
469 2559 630 2598 professus
657 2559 707 2591 est
727 2558 853 2592 dicens:
872 2561 1029 2600 «Semper
1050 2560 1178 2592 nostrae
1196 2557 1359 2592 serenitati
1375 2565 1452 2589 cura
1467 2556 1529 2588 fuit
1548 2563 1614 2588 set·

146 2610 272 2643 vandae
297 2611 485 2651 vetustatis,
516 2612 656 2644 maxime
683 2612 889 2654 disciplinae,
918 2621 1016 2653 quam
1047 2620 1226 2653 numquam
1251 2610 1525 2651 contempsimus,
1554 2608 1616 2641 nisi

146 2665 184 2696 ut
205 2664 239 2695 in
261 2664 377 2697 melius
402 2673 609 2706 augeremus,
632 2665 819 2706 praesertim
842 2666 969 2706 quoties
990 2666 1031 2698 de
1050 2665 1274 2699 ecelesiasticis
1299 2662 1433 2704 negotiis
1460 2661 1617 2702 contingit

144 2716 310 2757 quaestio,
324 2725 415 2759 quae
433 2719 579 2759 patrum
598 2719 735 2750 constat
757 2717 889 2759 requlis
907 2717 1074 2758 definita,
1090 2719 1156 2750 imo
1171 2717 1310 2749 adventu
1325 2714 1453 2755 superni
1466 2713 1616 2746 Numinis

148 2768 335 2810 inspirata.»
344 2771 391 2802 Ex
404 2770 543 2803 collect.
560 2770 675 2803 Auiani
694 2779 793 2812 prope
806 2770 922 2812 finem,
938 2773 972 2804 et
986 2772 1071 2812 apud
1087 2770 1260 2803 Batonium
1277 2767 1319 2800 ad
1344 2776 1397 2800 an.
1414 2769 1485 2799 541.
1500 2775 1534 2799 n.
1551 2771 1613 2806 10.‚

147 2823 181 2854 et
202 2829 293 2864 seqq.
310 2831 414 2865 usque
428 2823 468 2856 ad
487 2833 520 2856 n.
542 2827 589 2857 17.
606 2824 661 2856 ubi
684 2824 754 2858 fuse
775 2825 835 2857 hac
853 2824 895 2858 de
916 2834 950 2857 re
970 2825 1047 2866 agit.
1064 2826 1128 2857 Nec
1149 2831 1213 2855 non
1234 2820 1320 2862 apud
1338 2820 1444 2862 ipsum
1455 2819 1496 2854 de
1507 2821 1615 2854 Murra

146 2875 208 2907 loc.
228 2875 284 2907 cit.
1506 2894 1507 2897 =
