1980 3260
317 255 407 300 330
650 266 732 299 ιιΒ.
756 266 802 297 ιι.
827 264 939 297 secr.
964 265 994 296 1.
1013 265 1070 303 ‚DE
1096 264 1262 296 rorsssr.
1286 264 1452 296 nectus.

411 344 467 392 Et
490 343 602 391 haec
624 342 682 390 de
708 341 929 391 solutione
953 342 1151 405 coniugii
1175 342 1222 388 in
1247 341 1511 389 infidelitate
1536 344 1634 392 initi
1664 363 1791 411 prae-

315 421 446 486 cipue
485 419 675 468 dicenda
707 430 831 467 erant
864 419 922 467 ad
957 436 1122 467 sacrar.
1152 419 1545 482 congregationum
1575 437 1786 471 normam.

318 498 412 546 Iam
446 496 504 546 ad
538 495 722 545 alteram
756 496 1063 561 quaestionem
1088 495 1415 544 deveniendum
1449 506 1533 543 est.

412 572 543 622 Haud
577 590 677 621 raro
710 572 916 620 infideles
950 572 1158 636 coniugia
1181 572 1360 630 ineunt,
1388 590 1506 637 quae
1535 571 1656 638 apud
1685 572 1796 622 fide·

314 650 381 699 les
415 650 473 699 ob
506 650 687 698 irritans
720 649 1086 714 impedimentum
1110 649 1333 697 habentur
1354 649 1582 707 invalida;
1617 667 1686 698 ex.
1724 660 1792 715 gr.

315 726 364 774 in
381 726 526 792 primo
542 726 614 775 vel
633 726 770 774 altero
793 725 1195 790 consanguinitatis
1213 737 1256 774 et
1273 726 1503 774 affinitatis
1521 726 1680 790 gradu.
1703 727 1797 774 Iam

316 802 358 851 si
385 802 590 851 infideles
614 803 677 850 ita
699 802 982 851 matrimonio
1015 801 1241 850 coniuncti
1276 803 1335 850 ad
1369 803 1505 851 fidem
1538 813 1799 851 convertan—

318 888 390 927 tur
404 916 417 937 ‚
444 879 674 944 quaeritur
697 878 805 944 quid
829 878 885 926 de
908 895 1062 926 eorum
1097 879 1379 927 matrimonio
1411 879 1686 927 censendum
1709 879 1792 936 sit,

319 971 378 1004 an
401 954 516 1004 solvi
539 954 699 1003 debeat
722 955 845 1003 iuxta
866 954 987 1019 leges
1012 955 1284 1003 matrimonii
1307 955 1567 1014 christiani,
1589 973 1647 1004 an
1665 972 1794 1013 vero,

317 1048 408 1081 non
442 1031 647 1080 obstante
680 1032 1001 1097 impedimento
1019 1070 1029 1090 ,
1070 1043 1215 1080 ratum
1256 1032 1413 1080 haberi
1448 1033 1620 1097 possit,
1662 1033 1797 1082 etiam

319 1117 424 1173 post
464 1106 737 1174 baptismum
756 1146 766 1166 ,
818 1119 971 1173 utpote
1013 1107 1134 1174 quod
1168 1126 1256 1156 non
1295 1126 1322 1156 a
1363 1108 1572 1157 fidelibus
1615 1108 1697 1158 sed
1739 1109 1798 1158 ab

318 1183 578 1234 infidelibus
603 1186 762 1233 initum
796 1185 959 1243 fuerat3
998 1203 1055 1233 an
1089 1185 1283 1250 denique
1318 1186 1574 1234 necessaria
1607 1186 1668 1234 sit
1703 1186 1799 1234 dis-

318 1262 526 1327 pensatio
559 1262 775 1311 ecclesiae
790 1301 800 1320 ‚
829 1272 878 1310 ut
906 1261 1127 1310 eiusmodi
1152 1261 1408 1310 ratihabitio
1432 1261 1578 1310 locum
1602 1262 1798 1311 habeat?

315 1337 402 1386 Res
435 1338 565 1386 valde
600 1338 815 1402 impedita
846 1348 914 1385 est
949 1355 1001 1386 ac
1033 1337 1377 1387 difficultatibus
1411 1339 1604 1388 obnoxia
1637 1339 1695 1388 ob
1728 1339 1799 1387 di-

315 1430 493 1462 versam
525 1414 687 1477 agendi
723 1415 941 1463 rationem
975 1432 1092 1481 quae
1131 1415 1376 1464 identidem
1411 1416 1799 1482 obtinuit‚.atque

316 1489 363 1536 in
397 1489 550 1554 specie
590 1490 812 1538 contraria
853 1490 1119 1539 documenta
1153 1491 1248 1540 sive
1293 1510 1410 1558 quae
1445 1510 1500 1540 ex
1532 1492 1799 1557 antiquitate

319 1577 563 1632 suppetunt
608 1566 704 1615 sive
750 1584 866 1632 quae
907 1585 961 1616 ex
1002 1568 1235 1617 recentiori
1281 1586 1406 1618 aevo.
1453 1569 1578 1626 Quae
1617 1569 1800 1635 quidem

316 1643 483 1692 omnia.
500 1642 760 1691 harmonice
793 1654 983 1708 possunt
1018 1644 1133 1693 inter
1155 1662 1205 1693 se
1228 1645 1433 1711 componi
1459 1646 1500 1694 si
1524 1655 1801 1711 opportunae

319 1730 525 1787 aptentur
559 1720 887 1769 distinctiones.

415 1798 461 1844 Si
495 1798 827 1846 matrimonium
862 1799 910 1845 in
943 1798 1206 1847 infidelitate
1239 1799 1399 1847 initum
1433 1798 1675 1848 obnoxium
1706 1807 1802 1847 erat

319 1874 637 1940 impedimento
654 1884 748 1924 orto
765 1893 819 1923 ex
837 1876 933 1924 iure
949 1875 1103 1924 divino
1119 1875 1190 1925 vel
1206 1876 1398 1925 naturali
1416 1893 1571 1942 presse
1594 1886 1774 1941 sumpto
1788 1913 1799 1932 ,

320 1959 415 1998 tum
454 1969 698 2017 numquam
745 1952 829 2001 suit
868 1952 1101 2011 validum,
1146 1970 1229 2002 nec
1261 1952 1448 2019 proinde
1480 1952 1628 2001 locum
1661 1951 1804 2000 habet

322 2025 420 2074 eius
445 2028 699 2077 ratihabitio
717 2067 727 2083 ,
756 2029 835 2078 sed
860 2029 973 2078 solvi
997 2047 1182 2095 prorsus
1218 2029 1376 2088 debet,
1414 2046 1553 2095 quum
1586 2028 1800 2093 coniuges

322 2101 436 2150 fiunt
468 2103 717 2152 christiani.
755 2105 802 2153 Si
834 2123 939 2155 vero
983 2106 1348 2172 impedimentum
1382 2115 1478 2154 erat
1508 2122 1629 2153 mere
1662 2104 1804 2154 eccle·-

321 2178 578 2237 siasticum,
614 2191 706 2229 tum
741 2200 821 2248 per
854 2201 906 2231 se
937 2182 1315 2249 quemadmodum
1338 2181 1423 2230 fuit
1442 2181 1644 2230 validum
1669 2182 1716 2229 in
1740 2182 1804 2229 in-

322 2253 557 2313 fidelitate,
594 2257 656 2305 ita
688 2259 822 2307 etiam
857 2270 959 2326 post
991 2260 1266 2325 baptismum
1298 2258 1499 2307 validum
1532 2258 1690 2308 haberi
1728 2276 1802 2307 so—

322 2330 408 2380 let:
436 2341 485 2380 at
504 2332 607 2381 licet
639 2334 840 2384 infideles
874 2337 1090 2402 quamdiu
1122 2337 1233 2385 tales
1258 2346 1364 2385 sunt
1386 2335 1563 2400 legibus
1587 2335 1803 2384 ecclesiae

323 2425 414 2457 non
430 2408 709 2467 subiaceant,
733 2423 884 2476 posset
902 2423 1052 2461 tamen
1068 2413 1259 2462 ecclesia
1277 2412 1335 2461 ab
1352 2412 1611 2462 infidelibus
1628 2413 1804 2476 exigere

323 2495 374 2532 ut
406 2484 735 2534 ecclesiasticae
767 2489 1035 2537 matrimonii
1069 2490 1303 2539 christiani
1334 2488 1607 2552 legislationi
1632 2506 1682 2537 se
1703 2505 1805 2536 con-

324 2561 514 2611 forment
552 2573 654 2628 post
694 2563 905 2628 adeptum
938 2565 1187 2631 baptisma,
1226 2567 1427 2631 adeoque
1471 2565 1801 2613 matrimonium

324 2735 414 2767 creta
435 2734 479 2768 ad
499 2743 613 2768 omnes
633 2735 838 2776 episcopatus
859 2736 891 2768 et
911 2735 1088 2770 vicariatus
1111 2738 1308 2779 apostolicos
1329 2738 1363 2770 in
1381 2736 1467 2770 Sinis
1480 2736 1514 2769 et
1528 2735 1634 2777 regnis
1654 2735 1802 2769 adiacen-

324 2787 413 2821 tibus
436 2789 609 2822 existentes
637 2788 851 2822 extendantur
875 2790 964 2822 etc.»
979 2790 1132 2832 Adeoque
1150 2792 1184 2823 et
1203 2790 1246 2823 ad
1266 2799 1400 2832 regnum
1415 2790 1523 2830 siam,
1545 2789 1708 2822 Tunchini
1728 2797 1804 2823 cum

325 2840 492 2874 nonnullis
517 2841 812 2874 modificationibus
829 2866 838 2881 ‚
866 2850 950 2883 quac
983 2842 1133 2884 deinceps
1163 2844 1266 2876 factae
1287 2843 1364 2875 sunt
1384 2850 1443 2884 pro
1465 2843 1589 2875 ratione
1608 2842 1712 2875 status
1733 2842 1803 2875 uni-

326 2894 484 2937 cuiusque
506 2895 679 2928 missionis.
