1980 3260
231 262 320 292 cn».
340 261 384 292 ιι.
404 261 454 292 ni:
475 260 588 292 scm..
610 261 902 292 rorasscosr.
922 260 1008 291 mr.
1028 261 1411 293 nnn.n1n1u.Anr.
1437 263 1465 293 1.
1539 249 1595 292 39

135 339 208 402 gio
227 339 469 387 taurinensi
487 339 701 386 athenaeo
724 338 988 402 adoptarunt
1009 355 1061 384 ac
1079 350 1412 402 propugnarunt
1431 357 1599 404 passim

139 415 246 463 iuris
271 415 470 463 canonici
494 415 765 479 professores
781 452 792 470 ‚
819 414 1057 478 praecipue
1083 430 1186 460 vero
1212 415 1302 461 Bon
1336 417 1452 477 (19),
1481 426 1524 463 et
1548 433 1600 462 ex

137 509 188 539 eo
206 493 268 539 lo.
292 493 628 556 Nepomucenus
648 492 787 555 Nuytz
810 492 926 552 (20),
948 490 1025 554 qui
1044 507 1201 552 agmen
1220 490 1401 538 claudit.
1425 492 1604 556 Easque

137 567 360 615 doctrinas
390 584 442 613 eo
475 567 519 612 in
551 583 684 629 regno
716 565 960 613 invaluisse
993 582 1130 629 penes
1164 565 1343 613 iuristas
1379 566 1529 630 plures
1561 577 1604 613 et

138 642 390 690 canonistas
415 652 534 705 patet
555 658 607 688 ex
632 641 688 688 iis
707 678 716 695 ‚
745 657 860 704 quae
894 640 939 685 in
975 641 1117 704 primo
1141 640 1253 688 libro
1286 659 1338 688 ex.
1372 642 1603 690 sententiis

139 719 194 765 de
226 716 505 764 matrimonio
538 716 656 763 civili
693 726 783 762 tum
814 716 859 761 in
894 726 1109 763 conventu
1133 716 1316 764 electivo
1339 717 1599 782 subalpino‚

141 804 229 840 tum
255 793 302 838 in
326 791 447 854 regio
473 800 628 838 senatu
653 791 836 855 prolatis
867 791 1111 838 attulimus.

234 868 298 913 Ex
325 866 560 932 synoptica
577 866 661 913 hac
685 866 897 913 historica
921 866 1196 929 expositione
1219 884 1407 931 pronum
1431 879 1499 915 est
1521 869 1607 916 col-

139 943 274 1006 ligere
307 942 494 1006 genesin
518 953 561 988 et
585 959 869 1006 progressum
904 959 1044 989 novae
1080 941 1213 989 huius
1238 942 1465 990 doctrinae
1488 944 1607 990 circa

140 1019 470 1083 impedimenta.
509 1019 572 1064 Ex
595 1035 648 1065 ea
671 1018 789 1065 enim
825 1029 1028 1074 constat,
1067 1018 1184 1066 hanc
1218 1036 1301 1066 nos
1332 1019 1376 1065 in
1412 1020 1606 1083 acceptis

142 1095 301 1142 referre
334 1094 492 1142 debere
516 1094 561 1139 in
586 1093 742 1157 primis
779 1093 968 1141 Luthero
992 1104 1035 1141 et
1057 1093 1239 1142 Calvino
1269 1112 1511 1159 eorumque
1538 1111 1610 1141 se-

140 1171 290 1219 ctariis
308 1169 652 1235 protestantibus
671 1207 680 1225 ,
709 1169 871 1216 deinde
892 1187 995 1217 vero
1019 1180 1249 1234 apostatae
1273 1170 1437 1234 insigni
1462 1171 1608 1218 Marco

142 1246 328 1293 Antonio
360 1246 416 1292 de
438 1244 637 1293 Dominis
656 1281 666 1300 ‚
701 1254 854 1308 postea
888 1245 984 1292 eius
1018 1245 1288 1310 pedissequo
1321 1247 1474 1294 loanni
1504 1247 1612 1292 Lau-

143 1321 267 1378 noio‚
304 1322 481 1369 demum
514 1320 666 1369 turbae
700 1320 982 1378 iuristarum‚
1022 1322 1372 1378 canonistarum,
1402 1339 1453 1369 ac
1488 1321 1627 1369 theo-.

143 1397 339 1460 logorum
373 1397 715 1446 iansenistarum
755 1408 830 1445 aut
858 1397 1200 1461 regalistarum,
1239 1398 1354 1444 inter
1387 1415 1501 1463 quos
1543 1415 1611 1445 re-

141 1473 394 1521 censuimus
430 1473 746 1537 pistorienses,
784 1474 860 1538 qui
895 1490 1050 1521 omnes
1075 1472 1187 1519 nihil
1226 1472 1347 1520 aliud
1373 1474 1613 1520 effecerunt

143 1566 276 1614 quam
293 1550 469 1597 diversa
493 1550 661 1598 ratione
690 1567 907 1615 exponere
929 1588 938 1606 ,
962 1549 1206 1604 illustrare,
1235 1559 1368 1614 atque
1392 1549 1613 1613 explicare

146 1625 339 1689 priorum
362 1636 645 1689 argumenta:
679 1625 857 1673 demum
882 1643 910 1672 a
933 1624 1220 1672 rationalistis
1235 1662 1244 1680 ,
1273 1634 1316 1672 et
1341 1624 1485 1672 atheis
1511 1642 1613 1689 pra-

146 1701 272 1749 cticis
305 1712 439 1766 atque
470 1702 836 1766 pseudopoliticis
869 1702 925 1749 ad
951 1701 1263 1766 perfectionem
1298 1718 1367 1748 res
1402 1701 1613 1766 perducta

147 1787 216 1824 est
235 1815 246 1833 ‚
287 1787 490 1842 separato
522 1778 700 1825 omnino
743 1788 1019 1825 sacramento
1052 1795 1078 1824 a
1111 1787 1337 1825 contractu
1373 1776 1524 1833 civili,
1561 1793 1614 1824 ac

149 1852 267 1900 omni
300 1852 476 1901 sublata
509 1870 536 1900 a
567 1853 771 1916 coniugio
811 1854 939 1901 etiam
975 1853 1250 1910 christiano,
1288 1853 1523 1901 sanctitate
1562 1870 1614 1900 ac

151 1928 368 1976 firmitate,

243 2004 299 2052 At
321 2005 578 2053 misericors
597 2007 717 2053 Deus
744 2006 905 2069 iugiter
929 2016 1106 2069 praesto
1130 2005 1214 2052 suit
1238 2004 1456 2052 ecclesiae
1477 2022 1615 2061 suae‚.

150 2081 429 2128 exsuscitatis
463 2082 663 2146 undique
696 2099 776 2146 pro
811 2081 1143 2146 opportunitate
1162 2080 1353 2128 strenuis
1381 2079 1514 2137 viris,
1536 2081 1613 2145 qui

150 2173 249 2204 sese
272 2167 575 2220 opposuerunt
598 2157 862 2222 perniciosis
887 2157 959 2205 his
982 2156 1188 2204 omnibus
1213 2155 1442 2204 erroribus
1456 2166 1500 2203 et
1522 2174 1616 2203 ma-

149 2232 480 2280 chinationibus
504 2233 674 2280 fortiter
696 2243 1052 2298 constanterque.
1083 2232 1211 2288 Quod
1235 2232 1354 2280 enim
1378 2242 1534 2280 attinet
1558 2233 1615 2279 ad

151 2309 417 2356 austriacam
445 2308 625 2372 Iosephi
650 2310 690 2354 11
738 2308 1061 2372 legislationem
1084 2308 1229 2356 eidem
1255 2308 1416 2356 restitit
1443 2307 1617 2372 episco-

156 2394 282 2448 patus
314 2395 358 2432 et
399 2383 544 2431 clerus
581 2401 717 2449 prope
755 2384 990 2432 universus
1026 2384 1119 2432 sive
1154 2384 1198 2430 in
1233 2383 1410 2431 Austria
1444 2384 1538 2431 sive
1571 2384 1616 2430 in

155 2459 303 2524 Belgio
337 2460 432 2508 sive
466 2460 510 2506 in
546 2460 687 2508 ltalia.
727 2461 859 2508 Lucta
882 2460 1104 2526 siquidem
1135 2460 1249 2508 inter
1271 2470 1505 2524 utramque
1539 2477 1617 2524 po-

154 2546 354 2584 testatem
372 2554 424 2584 ex
448 2536 525 2584 illa
556 2547 698 2585 aetate
722 2538 1041 2602 perseveravit,
1069 2537 1176 2584 dum
1194 2555 1247 2585 ex
1268 2554 1359 2584 una
1377 2547 1501 2601 parte
1524 2553 1618 2583 ma—

244 2708 310 2748 (19)
331 2710 368 2741 ln
389 2709 533 2741 thesibus
553 2709 649 2741 editis
670 2709 715 2741 ab
730 2718 786 2742 an.
809 2712 897 2742 1768.
910 2710 951 2742 ad
973 2719 1025 2742 an.
1053 2713 1142 2743 1797.
1158 2710 1201 2743 cf.
1218 2710 1387 2750 Avogadro
1404 2711 1544 2743 Teora'ca
1562 2708 1620 2740 del

156 2762 376 2794 matrimonio
392 2763 475 2803 part.
499 2763 526 2794 1.
543 2762 663 2795 Torino
691 2766 779 2795 1853.

246 2814 312 2855 (20)
334 2816 378 2848 In
397 2816 452 2848 tus
467 2815 737 2849 ecclesiasticum
752 2816 956 2849 universum
975 2817 1213 2849 tractationes.
1227 2815 1370 2854 Taurini*
1381 2817 1469 2848 1849.
1487 2816 1537 2848 De
1548 2822 1619 2847 ma-

156 2868 328 2899 trimonio.
