1980 3260
649 357 887 402 SEc'rlo
923 356 1198 401 ALTERA

439 506 542 565 DE
581 506 1071 565 POTESTATE
1114 504 1379 563 CIVILI

586 654 628 685 ΙΝ
648 654 947 686 ΜΑΤΒΙΜΟΝΙΠΜ
968 654 1254 686 CHRISTIANUM

790 836 1007 874 CAPUT
1028 837 1074 872 Ι.

189 954 414 988 (immulas
432 953 527 987 IDEA
546 952 694 987 ctvms
713 954 953 987 POTESTATIS
970 954 1014 987 IN
1031 953 1323 987 MATRIMONIUM
1350 953 1643 986 cunlsrlANuu.

742 1062 1019 1099 ARTICULUS
1044 1063 1073 1098 l.

312 1171 403 1209 Iura
424 1171 658 1210 definiuntur
682 1171 806 1210 civilis
835 1173 1035 1220 potestatis
1061 1170 1188 1220 quoad
1218 1170 1349 1209 civilae
1374 1168 1536 1209 effectus

685 1234 923 1273 Matrimonii
945 1234 1161 1274 christiani.

190 1369 211 1394 «
250 1299 660 1398 Considerandum
694 1361 783 1407 est,
822 1351 966 1415 inquit
999 1350 1150 1398 doctor
1172 1350 1410 1414 Angelicus
1433 1351 1518 1412 (1),
1540 1350 1659 1415 quod

184 1426 364 1490 quando
397 1425 579 1492 aliquod
614 1427 671 1475 ad
704 1427 904 1475 diversos
939 1427 1051 1474 fines
1086 1426 1317 1475 ordinatur
1339 1464 1349 1483 ,
1388 1425 1558 1489 indiget
1587 1425 1663 1473 ha-

183 1501 288 1550 bere
321 1503 499 1551 diversa
534 1503 772 1567 dirigentia
791 1503 836 1550 in
856 1503 1012 1560 finem,
1042 1503 1148 1568 quia
1177 1502 1281 1550 finis
1315 1513 1384 1550 est
1416 1492 1664 1567 proportio-

186 1592 316 1628 natus
352 1581 517 1644 agenti.
558 1581 790 1629 Generatio
824 1591 970 1628 autem
998 1580 1196 1628 humana
1227 1579 1284 1627 ad
1313 1579 1451 1627 multa
1483 1579 1663 1627 ordina-

183 1665 254 1702 tur
270 1692 280 1712 ‚
318 1656 489 1704 scilicet
512 1656 567 1703 ad
593 1657 930 1721 perpetuitatem
965 1656 1154 1721 speciei,
1177 1666 1220 1704 et
1242 1655 1300 1703 ad
1325 1655 1659 1720 perpetuitatem

184 1729 374 1778 alicuius
408 1731 513 1779 boni
553 1733 771 1796 positivi,
823 1742 930 1797 puta
973 1732 1127 1797 populi
1163 1733 1208 1778 in
1249 1731 1402 1796 aliqua
1440 1731 1658 1779 civitate:

184 1805 416 1854 ordinatur
455 1808 588 1855 etiam
624 1808 680 1854 ad
714 1809 1050 1873 perpetuitatem
1086 1807 1320 1864 ecclesiae,
1352 1807 1532 1872 quaein
1552 1806 1662 1854 fide-

183 1881 293 1929 lium
327 1883 586 1932 collectione
622 1885 841 1932 consistit.
877 1884 1004 1932 Unde
1031 1895 1229 1949 oportet,
1258 1884 1379 1950 quod
1404 1883 1661 1932 huiusmodi

186 1959 413 2021 generatio
431 1977 458 2007 a
474 1960 664 2007 diversis
701 1960 933 2024 dirigatur.
959 1961 1009 2006 In
1034 1970 1248 2024 quantum
1274 1960 1408 2024 igitur
1434 1959 1665 2007 ordinatur

186 2034 245 2082 ad
278 2034 443 2084 bonum
481 2047 692 2095 naturae,
721 2036 841 2102 quod
866 2047 934 2084 est
963 2036 1234 2101 perpetuitas
1259 2036 1426 2101 speciei
1456 2035 1661 2098 dirigitur

186 2111 233 2158 in
267 2111 402 2159 finem
438 2130 465 2160 a
498 2123 655 2162 natura
690 2113 931 2161 inclinante
966 2113 1023 2160 ad
1059 2112 1181 2160 hunc
1215 2113 1376 2170 finem,
1414 2123 1458 2161 et
1491 2111 1559 2160 sic
1593 2111 1662 2158 di-

187 2187 301 2236 citur
332 2205 434 2236 esse
466 2199 647 2236 naturae
682 2190 885 2254 officium.
921 2191 970 2236 ln
1005 2199 1220 2254 quantum
1255 2199 1401 2237 autem
1434 2189 1664 2237 ordinatur

188 2262 247 2311 ad
279 2263 445 2312 bonum
475 2265 703 2328 politicum
736 2265 936 2313 subiacet
967 2266 1231 2314 ordinationi
1267 2266 1411 2314 civilis
1456 2267 1578 2331 leqis.
1612 2266 1661 2312 In

190 2349 404 2405 quantum
423 2352 567 2389 autem
588 2342 815 2390 ordinatur
831 2343 887 2390 ad
905 2342 1069 2391 bonum
1087 2343 1323 2400 ecclesiae,
1348 2353 1519 2408 oportet
1542 2342 1661 2407 quod

189 2416 419 2466 subiaceat
452 2418 655 2482 regimini
690 2420 1023 2467 ecclesiastico.»
1041 2419 1225 2468 Brevius
1256 2419 1374 2468 idem
1404 2420 1531 2466 docet
1555 2418 1661 2464 dum

189 2493 252 2541 ait
289 2494 406 2557 (2):«
429 2495 755 2543 Matrimonium
789 2496 835 2542 in
869 2506 1085 2561 quantum
1121 2507 1189 2544 est
1222 2496 1269 2543 in
1303 2495 1499 2543 officium
1534 2504 1663 2541 natu-

189 2585 289 2629 rae,
329 2572 537 2620 statuitur
574 2573 661 2638 leqe
695 2583 875 2620 naturae
895 2593 908 2629 ,·
950 2574 995 2620 in
1030 2583 1247 2639 quantum
1283 2583 1352 2620 est
1385 2573 1429 2618 in
1464 2570 1661 2618 officium

189 2648 549 2706 communitatis,
589 2649 795 2697 statuitur
829 2650 917 2714 leqe
947 2649 1070 2697 civili
1077 2669 1090 2705 ,·
1117 2650 1163 2696 in
1188 2659 1402 2715 quantum
1427 2657 1495 2695 est
1518 2663 1661 2694 sacra-

188 2733 384 2772 mentum
404 2725 611 2773 statuitur
628 2727 721 2773 iure
740 2726 935 2773 divino.»
951 2726 1070 2775 Haec
1080 2727 1277 2791 Angelici
1298 2724 1489 2773 doctoris
1507 2723 1657 2781 verba,

283 2836 328 2877 (1)
349 2837 420 2870 Lib.
442 2839 497 2871 lv.
519 2840 635 2872 contr.
650 2841 742 2880 qent.
758 2841 1011 2881 cap.LXXV111.

285 2888 329 2930 (2)
352 2891 389 2923 In
410 2892 465 2924 lv.
482 2894 573 2925 sent.
591 2892 666 2925 dist.
687 2896 737 2926 34.
756 2894 816 2926 art.
832 2895 872 2925 ΙΙ.
892 2902 924 2935 q.
946 2893 1026 2926 1.ad
1042 2897 1071 2925 4.
