1980 3260
255 256 347 288 CAP.
366 257 427 289 111.
446 255 497 287 DE
517 255 601 288 clv
614 255 1032 289 POTEST.PR1NC.1N1·*.
1052 257 1351 295 RELADMATR
1366 257 1459 290 ΛΒΤ.
1478 258 1509 288 1.
1569 241 1659 304 455

193 333 418 396 infidelem
452 333 574 381 nulla
608 333 777 382 ratione
811 351 943 417 posse
977 334 1073 382 suis
1109 333 1281 398 legibus
1315 334 1508 389 nativam
1528 332 1666 404 liber

194 419 326 461 tatem
361 409 423 456 ita
457 418 678 475 coercere,
716 419 764 456 ut
797 409 913 456 eius
929 420 1053 457 actus
1089 410 1201 458 irriti
1237 410 1493 461 reddantur.
1531 459 1560 477 ,.

261 482 374 532 Sed
408 502 497 532 non
526 485 679 532 minus
716 485 953 550 perspicue
978 485 1103 541 idem
1138 496 1340 552 apparet,
1380 485 1427 542 si
1444 485 1554 533 ratio
1574 484 1667 548 ha-

189 540 389 624 beatur
377 561 541 608 iurium
582 570 625 609 et
664 561 912 616 officiorum
956 579 1070 626 quae
1105 579 1131 609 a
1159 562 1370 633 coniugio
1414 552 1660 629 dimanant.

188 636 456 699 Huiusmodi
492 647 597 684 sunt
630 648 832 703 mutuum
853 637 1133 707 dominium
1123 656 1168 708 ιιι
1193 638 1395 702 coniugis
1419 655 1581 702 corpus
1586 626 1662 707 ad

188 710 455 760 liberorum
452 712 812 777 procreationem
847 723 979 778 atque
1014 713 1060 761 in
1094 713 1505 782 concupiscientiae
1524 704 1666 765 reme-

186 768 521 848 dium3„mutua
555 788 748 836 fidelitas
775 789 829 839 ,in
864 789 948 837 hoc
982 789 1179 855 dominio
1224 801 1375 837 sancte
1417 789 1662 856 servandofi

186 875 346 926 mutua
375 864 591 922 dilectio;
587 865 840 930 utriusque
874 866 1175 920 contiahentis
1210 856 1487 931 conspiratio
1521 866 1585 922 ad
1602 865 1668 925 sa-

187 941 339 989 miliae
374 941 600 1005 regimen,
639 940 773 990 huius
799 942 1101 1008 conventionis
1127 942 1405 1012 perpetuitas
1421 926 1598 1013 aliaque
1622 938 1668 987 id

186 1035 329 1082 genus
364 1035 453 1079 non
488 1035 647 1083 pauca.
676 1018 771 1064 Iam
804 1034 909 1064 vero
934 1017 1036 1066 nisi
1045 1018 1247 1065 dicamus
1272 1017 1448 1071 civilem
1472 1020 1668 1089 potesta-

189 1104 276 1142 tem
300 1093 447 1142 nullos
466 1111 648 1179 prorsus
669 1093 833 1141 limites
859 1093 1024 1142 habeie
1048 1094 1212 1159 quibus
1234 1087 1524 1162 coerceaturs
1521 1110 1669 1159 -quae-

187 1188 300 1219 nam
308 1170 580 1233 hominum
591 1170 688 1219 iura
721 1188 777 1219 a
773 1169 907 1218 civili
953 1170 1210 1218 auctoritate
1243 1181 1378 1224 erunt
1418 1169 1664 1226 immunia,

188 1248 228 1295 si
266 1231 490 1295 intimiora
526 1248 661 1295 etiam
705 1247 942 1310 coniugum
988 1247 1085 1293 iura
1129 1247 1327 1317 servituti
1372 1240 1669 1307 humanarum

187 1323 336 1408 legum
371 1323 647 1387 subdantur?
672 1323 946 1388 Quaenam
935 1341 1059 1380 lura,
1097 1340 1328 1388 quaenam
1343 1314 1493 1389 officia
1517 1322 1667 1369 exclu-

190 1400 286 1451 sive
320 1400 377 1447 ad
402 1417 576 1447 sacram
600 1409 862 1466 potestatem
887 1398 1191 1463 pertinebunt,
1221 1398 1260 1445 si
1285 1398 1502 1447 recensita
1535 1386 1667 1446 etiam

189 1476 289 1539 iura
321 1494 373 1531 ac
398 1476 562 1537 officia
589 1494 630 1524 a
650 1476 769 1529 civili
806 1487 1023 1541 potestate
1056 1474 1406 1541 dependeant?
1540 1526 1544 1530 .

250 1538 472 1599 Demum
508 1540 622 1600 finis·
652 1534 899 1614 coniugalis
941 1561 1192 1611 contiactus
1233 1550 1435 1602 eamdem
1476 1530 1670 1614 emanci-

189 1628 446 1694 pationem,
483 1638 532 1675 ut
565 1628 626 1676 ita
668 1627 853 1695 loquar,
893 1646 918 1675 a
952 1627 1071 1676 civili
1120 1627 1400 1691 legislatione
1444 1627 1671 1696 evidenter

187 1705 405 1770 exposcit.
422 1704 596 1751 Etenim
613 1704 726 1751 *finis
751 1705 1017 1771 praecipuus
1044 1704 1238 1768 coniugii
1263 1714 1332 1752 est
1352 1704 1548 1763 'filiorum
1574 1721 1671 1769 pro-

187 1771 368 1846 pagatio
388 1770 545 1846 ¹*atque
570 1780 798 1839 educatio;
828 1792 898 1829 ast
931 1793 1118 1847 utraque
1154 1798 1240 1829 non
1277 1799 1401 1830 more
1424 1776 1663 1848 Pecudam,

186 1857 267 1905 sed
301 1867 351 1904 ut
383 1856 608 1904 hominem
643 1857 796 1914 decet,
837 1857 1007 1905 scilicet
1034 1868 1171 1943 prout
1195 1857 1407 1905 honestas
1433 1874 1492 1917 ac>
1516 1854 1670 1920 religio

189 1933 438 2002 requirunt.
468 1933 664 1980 Humani
699 1934 910 1981 nimirum
946 1934 1141 1998 coniugii
1179 1934 1283 1982 finis
1314 1944 1473 1981 natura
1498 1950 1579 1995 sua
1602 1929 1672 1979 rass-

189 2009 371 2078 tionalis
405 2019 496 2067 est,
536 2009 717 2057 moralis
753 2027 805 2058 ac
840 2010 1105 2075 religiosus.
1122 2010 1207 2056 Ιιι
1186 2027 1294 2075 ipso
1318 2009 1450 2058 etiam
1480 1991 1670 2056 naturali

189 2074 338 2144 statu,
363 2085 576 2150 seposita
615 2086 879 2133 sacramenti
922 2086 1118 2143 ratione,
1163 2083 1492 2144 matrimonium
1525 2095 1573 2131 ut
1606 2078 1672 2130 of-

187 2161 339 2214 ficium
366 2161 594 2216 rationalis
620 2171 802 2209 naturae
827 2180 914 2210 non
940 2180 993 2211 eo
1017 2172 1211 2227 spectat,
1240 2172 1288 2209 ut
1311 2159 1553 2238 pecudum
1549 2178 1671 2218 more

187 2255 329 2303 genus
363 2237 595 2285 hominum
630 2237 1046 2307 quomodocumque
1080 2247 1281 2295 crescat;-
1299 2254 1444 2303 neque
1478 2253 1530 2294 eo
1554 2246 1669 2295 tan-

187 2324 305 2372 tum,
333 2324 383 2362 ut
406 2313 525 2362 cives
545 2313 716 2381 patriae
740 2325 1032 2380 procurentur
1059 2316 1183 2378 (23);
1213 2313 1291 2362 sed
1310 2331 1362 2362 eo
1386 2300 1667 2379 potissimum

281 2492 348 2533 (23)
370 2491 433 2524 Hic
446 2493 495 2524 est
507 2496 597 2524 'error
613 2492 867 2527 fundamentalis
880 2493 1141 2527 adversariorum
1151 2517 1160 2534 ,
1179 2493 1236 2535 qui
1251 2491 1486 2525 consueverunt
1501 2491 1667 2539 tamquam

185 2544 382 2587 principium
411 2545 639 2579 inconcussum
653 2570 667 2587 ,
684 2547 782 2587 atque
805 2547 939 2580 evidens
962 2546 1090 2581 axioma
1115 2555 1295 2585 assumere,
1321 2543 1562 2579 matrimonium
1578 2552 1596 2575 a
1611 2552 1666 2575 na·

187 2591 791 2640 tuira‚ut1·'psi'loquuntur,ruisse
815 2600 1000 2632 institutum
1029 2599 1068 2632 ad
1096 2597 1361 2641 propaqandam
1378 2592 1667 2635 societatem‘511ic

184 2650 318 2693 quidem
337 2651 458 2693 poterit
470 2660 540 2684 esse
553 2660 637 2685 unus
651 2660 690 2684 ex
708 2652 827 2686 finibus
840 2652 1070 2694 institutionis,
1085 2653 1114 2686 si
1130 2652 1238 2692 lubet,
1255 2649 1468 2689 matrimonii,
1482 2649 1538 2683 sed
1563 2657 1668 2690 neque

186 2705 314 2738 unicus·
329 2713 439 2746 neque
460 2703 636 2749 primarius
656 2707 713 2738 aut
732 2706 926 2750 praecipuus
942 2708 1001 2739 est.
1017 2706 1107 2738 Finis
1123 2705 1295 2748 primarius
1308 2704 1357 2735 est
1373 2703 1501 2743 gignere
1513 2704 1580 2734 Deo
1595 2702 1667 2734 ado-

188 2741 310 2790 ratores
337 2758 370 2790 et
395 2757 498 2799 tilios,
529 2758 650 2790 bonum
676 2759 838 2792 societatis
857 2750 907 2792 'est
924 2758 1170 2792 subordinatum
1186 2757 1242 2788 tini
1260 2755 1306 2787 im
1323 2755 1489 2796 primario.
1506 2754 1664 2792 Quocirca

187 2811 322 2852 peccant
350 2811 384 2843 in
411 2820 472 2843 sna
498 2812 777 2852 argumentatione
798 2812 927 2853 quoties
948 2812 1136 2854 supponunt
1160 2810 1279 2843 bonum
1305 2807 1470 2841 societatis
1486 2807 1581 2841 finem
1598 2815 1667 2842 esse

187 2863 395 2906 praecipuum
421 2873 460 2898 ac
483 2865 614 2899 unicum
641 2865 853 2898 institutionis
884 2864 1072 2906 coniugalis.
