1980 3260
265 238 354 270 CAP.
376 240 490 271 11.DE
509 238 622 270 Eccl..
640 237 804 269 Porsssr.
820 237 961 268 CONST.
978 237 1064 268 mr.
1082 238 1203 269 MATR.
1221 238 1304 269 nm.
1321 238 1413 270 Aur.
1431 238 1475 269 11.
1557 224 1614 268 53

161 318 279 364 modi
298 318 499 381 nuptiae,
521 317 725 380 quamvis
746 333 833 363 non
861 332 1036 379 semper
1054 315 1200 362 irritae
1217 354 1227 371 ,
1258 315 1436 363 illicitae
1460 316 1617 364 saltem

158 394 277 457 apud
302 393 567 440 christianos
592 391 771 439 habitae
795 391 976 447 fuerint,
1006 401 1055 438 ut
1077 400 1197 454 patet
1218 408 1268 438 ex
1295 391 1350 439 iis
1375 409 1489 456 quae
1512 392 1621 440 scri-

159 468 224 516 bit
248 469 542 516 Tertullianus
568 469 612 514 in
642 468 720 514 lib.
748 468 811 514 De
836 485 988 514 corona
1013 467 1191 513 militis:
1230 467 1515 524 «Coronant,
1553 469 1622 515 in-

159 545 287 609 quit,
326 555 370 591 et
408 543 590 606 nuptiae
623 560 840 606 sponsos;
881 543 980 590 ideo
1019 559 1106 589 non
1142 541 1361 589 nubamus
1399 543 1614 600 ethnicis,

159 637 216 667 ne
239 636 318 666 nos
341 618 399 664 ad
432 618 724 664 idololatriam
756 634 898 680 usque
931 617 1177 672 deducant,
1206 635 1232 663 a
1261 635 1349 682 qua
1377 619 1495 683 apud
1520 618 1620 666 illos

162 695 341 759 nuptiae
375 693 594 756 incipiunt
625 694 740 753 (49).
762 712 784 735 »
822 692 1112 738 verisimilius
1141 693 1431 741 nihilominus
1461 711 1621 742 censeo

160 787 302 834 neque
319 768 375 816 ab
392 767 603 831 Apostolo
623 805 632 823 ,
658 784 800 830 neque
817 766 873 813 ab
898 767 1086 813 ecclesia
1109 785 1185 814 sex
1211 768 1312 831 plus
1337 770 1483 816 minus
1509 770 1622 834 prio-

160 845 281 892 ribus
316 843 479 891 seculis
504 842 810 906 disparitatem
834 842 979 889 cultus
1003 842 1144 889 fuisse
1167 843 1528 906 impedimentum
1553 845 1621 893 di-

160 920 322 966 rimens
356 919 639 966 constitutum
663 956 673 973 ,
712 917 790 964 sed
825 916 966 964 solum
1001 917 1246 980 prohibitas
1279 918 1418 966 fuisse
1444 922 1622 986 nuptias

161 995 357 1042 fidelium
382 1012 482 1042 cum
512 993 767 1040 infidelibus
786 1030 795 1048 ,
825 993 920 1055 lege
942 992 1097 1039 saltem
1127 993 1339 1056 generali.
1369 995 1478 1041 Nam
1502 996 1622 1060 quod

160 1078 328 1135 spectat
349 1071 411 1117 'ad
436 1069 680 1134 peculiares
710 1068 931 1133 synodos,
960 1078 1081 1115 extra
1104 1069 1422 1117 dubitationem
1446 1081 1514 1118 est
1543 1071 1624 1118 ali-

159 1146 260 1193 cubi
297 1145 516 1194 eiusmodi
548 1144 913 1208 impedimentum
947 1145 1231 1191 constitutum
1256 1145 1412 1203 fuisse;
1447 1147 1492 1193 in
1519 1163 1624 1194 con-

159 1221 260 1268 cilio
296 1221 562 1267 illiberitano
596 1237 693 1267 can.
721 1220 829 1266 XVI.
859 1219 943 1266 hoc
972 1220 1249 1267 decernitur:
1283 1221 1560 1269 «Haereticis
1584 1223 1623 1270 si

160 1314 208 1345 se
232 1296 470 1343 transferre
495 1295 712 1342 noluerint
735 1295 792 1341 ad
822 1295 1053 1342 ecclesiam
1086 1295 1370 1353 catholicam,
1395 1314 1475 1344 nec
1500 1297 1624 1362 ipsas

161 1372 403 1419 catholicas
429 1371 600 1418 dandas
624 1388 724 1418 esse
753 1370 949 1434 puellas;
980 1370 1058 1417 sed
1083 1388 1227 1434 neque
1254 1371 1426 1420 iudaeis
1444 1409 1454 1429 ,
1484 1390 1625 1437 neque

158 1447 457 1495 schismaticis
491 1447 585 1493 dari
622 1446 810 1511 placuit,
848 1464 900 1494 eo
935 1446 1054 1511 quod
1090 1446 1211 1494 nulla
1245 1448 1388 1511 possit
1419 1465 1520 1496 esse
1552 1465 1626 1497 so-

160 1523 295 1571 cietas
327 1522 471 1570 fidelis
503 1540 602 1569 cum
638 1522 806 1569 infideli
843 1524 968 1584 (50);
995 1542 1017 1567 »
1057 1532 1100 1569 et
1136 1540 1234 1569 can.
1272 1523 1382 1569 XVI.
1428 1523 1511 1570 «Si
1548 1524 1625 1589 qui

160 1599 270 1647 sorte
306 1598 608 1647 sacerdotibus
643 1598 861 1646 idolorum
896 1598 1011 1645 filias
1047 1616 1151 1645 suas
1186 1598 1431 1655 iunxerint,
1461 1599 1627 1664 placuit

161 1692 241 1723 nec
263 1674 309 1720 in
334 1674 422 1721 fine
443 1674 634 1721 dandam
663 1691 763 1721 esse
787 1673 1140 1721 communionem
1168 1675 1284 1735 (51).
1303 1693 1325 1718 »
1358 1673 1480 1723 Alios
1505 1674 1624 1723 eius-

162 1749 282 1797 modi
309 1767 499 1797 canones
532 1749 716 1797 inferius
751 1749 973 1796 dabimus.

259 1826 436 1872 Interim
471 1842 523 1871 ex
556 1824 628 1872 his
662 1824 1036 1889 deprehendimus
1070 1826 1138 1873 vel
1171 1826 1227 1873 ab
1266 1826 1377 1891 ipsis
1412 1826 1625 1875 ecclesiae

163 1901 416 1965 primordiis
446 1901 565 1963 leges
593 1900 705 1948 latas
736 1900 791 1947 ab
819 1918 871 1947 ea
898 1901 1060 1957 fuisse,
1092 1901 1254 1965 quibus
1285 1901 1498 1948 nonnulla
1521 1918 1626 1949 con-

147 1975 281 2038 ‘iugia
296 1975 366 2023 'vel
386 1992 569 2039 prorsus
588 1975 899 2023 dirimerentur
920 1975 990 2023 vel
1009 1976 1347 2040 prohiberentur
1369 1994 1424 2024 ne
1442 1976 1598 2024 fierent
1612 2015 1622 2035 ,

160 2051 295 2116 idque
318 2052 495 2099 statutis
520 2053 692 2116 poenis.
729 2052 843 2114 Ergo
867 2051 1053 2099 ecclesia
1081 2052 1168 2100 sibi
1197 2053 1371 2118 plenam
1395 2069 1422 2100 a
1451 2051 1628 2102 Christo

161 2128 418 2175 moderandi
448 2128 655 2191 coniugia
688 2128 877 2175 filiorum
905 2123 1083 2176 suorum
1112 2130 1369 2193 potestatem
1397 2128 1629 2193 legislatri-

161 2221 255 2252 cem
291 2203 499 2251 tributam
535 2204 674 2252 fuisse
706 2222 784 2269 pro
828 2215 945 2252 certo
985 2204 1174 2262 habuit,
1215 2215 1348 2270 atque
1381 2205 1627 2253 executioni

164 2280 392 2327 mandavit
431 2298 510 2344 pro
543 2279 710 2327 ratione
735 2280 971 2344 temporis,
1009 2280 1201 2327 locorum
1236 2297 1289 2328 ac
1318 2297 1621 2345 personarum.

163 2354 292 2402 Haud
321 2354 458 2402 dubia
485 2355 691 2418 legiferae
725 2355 858 2402 huius
895 2372 1125 2420 supremae
1157 2356 1388 2420 potestatis
1415 2357 1625 2421 vestigia,

164 2421 298 2478 immo
322 2447 426 2479 vero
461 2441 504 2477 et
531 2430 810 2495 probationes
844 2442 1080 2478 occurrunt
1109 2430 1154 2476 in
1181 2431 1459 2479 documentis
1496 2432 1627 2480 trium

164 2506 357 2570 priorum
384 2506 646 2554 seculorum.
685 2506 856 2553 Etenim
889 2506 935 2552 in
965 2506 1212 2554 canonibus
1254 2507 1509 2572 apostolicis
1540 2517 1628 2555 tres

162 2593 386 2646 prostant,
415 2583 492 2647 qui
515 2593 747 2631 versantur
770 2582 886 2630 circa
910 2582 1115 2645 coniugia
1134 2621 1143 2639 ,
1172 2600 1330 2648 nempe
1351 2583 1481 2630 XVII.
1509 2584 1626 2646 (52),

252 2672 319 2711 (⁴9)
339 2673 418 2712 Cap.
442 2673 513 2704 xn.
537 2672 588 2704 ed.
606 2672 724 2712 Rigalt.

250 2724 316 2764 (50)
338 2723 429 2764 Apud
442 2723 531 2755 card.
550 2723 591 2756 de
606 2724 739 2764 AguIrre
757 2723 895 2757 Collect.
916 2726 1060 2757 maxim.
1078 2723 1201 2756 concil.
1214 2723 1301 2765 hisp.
1317 2726 1395 2756 tom.
1411 2725 1435 2755 1.
1450 2731 1522 2765 pag.
1539 2726 1608 2756 433.

251 2776 317 2815 (51)
341 2775 422 2807 lbid.
446 2785 520 2817 pag.
544 2779 613 2809 436.

252 2827 317 2867 (52)
339 2829 431 2859 quta
454 2827 593 2860 version.
619 2829 761 2868 Dionysii
786 2829 917 2869 Exiguh
940 2838 1014 2861 nam
1038 2829 1117 2861 alias
1138 2829 1186 2859 est
1208 2829 1293 2860 xm.
