1980 3260
196 1989 201 2014 t...
190 1944 197 1974 ν-

275 264 366 311 318
601 273 682 305 Lm.
711 273 757 305 11.
787 271 901 304 secr.
929 272 960 303 1.
989 272 1042 302 me
1067 270 1234 302 rornsr.
1265 269 1433 303 nectas.

273 366 471 418 tempore
511 349 664 398 missis
687 387 697 406 ,
747 348 817 396 vel
862 349 907 395 in
947 347 1037 396 illis
1072 346 1285 394 admissis
1309 384 1319 404 ,
1373 347 1657 397 concedimus
1691 350 1753 399 fa-

273 429 481 479 cultatem
509 424 804 491 dispensandi
833 442 935 472 cum
962 423 1323 488 quibuscumque
1356 423 1591 488 utriusque
1619 441 1752 475 sexus

272 502 638 554 christifidelibus
681 500 840 549 incolis
880 500 1100 547 dictarum
1134 499 1365 563 regionum
1389 538 1399 556 ,
1439 509 1483 546 et
1517 499 1662 547 serius
1697 502 1755 548 ad

273 580 406 627 fidem
452 577 680 627 conversis
703 615 713 634 ,
757 575 835 642 qui
877 585 979 623 ante
1016 575 1290 641 baptismum
1333 575 1617 623 matrimonia
1651 592 1758 624 con-

248 664 520 712 traxerant,
557 653 627 703 vel
663 670 817 701 eorum
852 652 1067 718 quilibet,
1113 653 1246 700 etiam
1283 653 1524 718 superstite
1567 652 1775 717 coniuge.

274 730 474 788 infideli,
503 739 546 778 et
569 729 667 777 eius
692 746 916 777 consensu
941 728 1128 776 minime
1151 728 1369 794 requisito
1387 768 1396 786 ,
1426 746 1643 794 responso
1667 746 1757 777 non

271 817 526 874 expectato,
566 806 900 854 matrimonium
934 823 1036 853 cum
1072 805 1231 871 quovis
1266 805 1421 864 fideli,
1460 806 1575 854 alias
1608 815 1758 854 tamen

271 884 354 932 rite
388 882 678 940 contrahere,
706 882 747 930 ei
776 882 823 929 in
857 883 923 930 eis
958 892 1114 947 postea
1149 882 1319 930 carnali
1354 882 1514 948 copula
1547 900 1757 931 consum-

268 960 427 1018 matis,
465 959 614 1025 quoad
647 958 836 1007 vixerint
869 975 1097 1006 remanere
1129 958 1251 1006 licite
1278 958 1479 1016 valeant,
1507 958 1754 1007 dummodo

270 1045 443 1085 constet
459 1035 594 1083 etiam
613 1034 855 1083 summarie
873 1044 916 1082 et
932 1033 1328 1082 extraiudicialiter
1345 1034 1579 1097 coniugem
1599 1033 1759 1082 absen-

270 1122 359 1177 tem
382 1111 554 1161 moneri
577 1111 775 1176 legitime
797 1128 887 1159 non
909 1127 1044 1177 posse
1061 1149 1071 1169 ‚
1101 1121 1179 1158 aut
1200 1110 1408 1158 maritum
1436 1110 1554 1158 intra
1577 1120 1756 1176 tempus

270 1189 416 1238 eidem
439 1188 674 1238 monitioni
710 1188 958 1253 praefixum
990 1205 1118 1235 suam
1150 1187 1425 1236 voluntatem
1455 1205 1548 1245 non
1582 1187 1761 1252 signifi-

269 1283 414 1315 casse.
444 1265 569 1323 Quae
592 1265 773 1331 quidem
800 1264 1098 1322 matrimonia,
1134 1263 1312 1313 etiamsi
1338 1274 1495 1330 postea
1517 1263 1760 1312 innotuerit

271 1343 486 1407 coniuges
512 1341 683 1407 priores
708 1341 914 1389 infideles
939 1358 1068 1388 suam
1089 1340 1363 1389 voluntatem
1382 1341 1498 1389 iuste
1516 1341 1758 1406 impeditos

269 1418 498 1467 declarare
515 1435 605 1466 non
624 1418 827 1483 potuisse
842 1456 852 1475 ,
875 1427 919 1465 et
936 1416 994 1465 ad
1013 1417 1148 1465 fidem
1166 1417 1301 1465 etiam
1321 1428 1520 1484 tempore
1543 1417 1756 1466 transacti

270 1493 458 1543 secundi
481 1494 753 1543 matrimonii
778 1511 1018 1543 conversos
1044 1493 1206 1552 fuisse,
1236 1494 1531 1543 nihilominus
1559 1493 1755 1543 rescindi

269 1589 514 1637 numquam
545 1570 733 1628 debere,
773 1570 854 1618 sed
885 1569 1038 1619 valida
1071 1581 1116 1618 et
1149 1571 1278 1619 firma
1313 1589 1416 1620 esse
1438 1573 1589 1635 (36).»

366 1649 431 1696 Ex
470 1647 635 1715 quibus
669 1648 829 1696 litteris
863 1647 1005 1713 aliqui
1042 1647 1287 1696 intulerunt
1320 1648 1542 1696 eiusmodi
1576 1647 1756 1712 dispen-

271 1724 488 1773 sationem
522 1742 603 1772 seu
636 1723 858 1772 indultum
894 1724 992 1771 fieri
1027 1742 1139 1772 rom.
1163 1724 1423 1790 pontificum
1458 1723 1720 1772 auctoritate
1739 1762 1751 1783 ,

271 1818 413 1866 eoque
450 1800 705 1865 coniugium
734 1801 781 1847 in
815 1801 1082 1850 infidelitate
1115 1811 1390 1850 contractum
1424 1800 1646 1858 dissolvi,
1686 1810 1758 1849 ast

271 1894 529 1942 perperam:
550 1888 600 1925 ut
633 1877 752 1925 enim
776 1877 1091 1926 animadvertit
1113 1878 1381 1926 Benedictus
1407 1878 1518 1924 XIV.
1553 1877 1680 1925 hisce
1710 1876 1757 1924 in

272 1970 418 2000 rerum
452 1953 674 2002 adiunctis
710 1971 913 2002 summus
948 1954 1146 2020 pontifex
1181 1972 1269 2003 non
1305 1972 1355 2002 se
1388 1954 1526 2018 gerit,
1566 1954 1656 2002 nisi
1690 1953 1756 2001 uti

272 2028 411 2077 divini
452 2030 562 2077 iuris
605 2031 915 2096 interpretem,
962 2031 1039 2096 qui
1081 2031 1280 2079 decernit
1319 2031 1366 2077 in
1407 2031 1513 2078 fidei
1560 2030 1756 2079 favorem

270 2105 412 2153 Deum
447 2106 666 2155 eiusmodi
702 2107 960 2171 coniugium
993 2107 1241 2156 dissolvere
1269 2110 1387 2172 (37).

366 2182 481 2230 Huic
500 2183 766 2247 Gregoriano
779 2185 907 2234 Brevi
927 2185 1082 2233 innixa
1095 2185 1298 2251 synodus
1310 2185 1555 2234 vicariatus
1575 2184 1755 2233 sutchu-

272 2258 394 2306 ensis
429 2258 584 2307 habita
618 2261 664 2307 in
698 2262 906 2310 districtu
941 2262 1133 2311 civitatis
1157 2263 1306 2326 Tcong
1329 2262 1448 2326 King
1471 2262 1650 2310 Tcheou
1673 2261 1758 2309 im-

274 2334 386 2399 perii
428 2335 624 2383 sinensis
665 2354 738 2383 an.
781 2340 900 2386 1803
925 2378 935 2396 ,
982 2340 1201 2406 cuiusque
1235 2349 1338 2387 actu
1370 2338 1557 2405 probata
1591 2350 1696 2386 sunt
1729 2355 1758 2386 a

273 2427 365 2459 sac.
389 2428 597 2476 congreg.
620 2412 677 2460 de
699 2416 987 2479 propaganda
1010 2416 1127 2474 fide,
1155 2416 1268 2464 haec
1291 2416 1347 2464 ad
1371 2416 1545 2481 praxim
1570 2415 1756 2463 adnota-

272 2487 357 2535 vit.
390 2507 414 2533 (t
434 2488 645 2537 Noverint
677 2490 973 2548 missionarii,
1014 2493 1181 2558 quibus
1216 2509 1431 2541 concessa
1463 2502 1532 2539 est
1564 2490 1754 2538 facultas

272 2563 567 2630 dispensandi
609 2564 666 2612 ab
705 2565 1089 2631 interpellatione,
1129 2587 1183 2617 ea
1217 2587 1306 2617 non
1337 2568 1402 2615 uti
1431 2567 1522 2614 nisi
1555 2566 1612 2613 ad
1651 2583 1754 2613 nor·

272 2657 402 2699 mam>
424 2641 576 2690 Brevis
610 2641 808 2706 Gregorii
829 2643 970 2701 XIII.;
994 2645 1189 2704 scilicet,
1226 2657 1276 2694 ut
1309 2662 1398 2693 non
1431 2644 1718 2709 dispensetur
1738 2680 1748 2699 ‚

273 2717 361 2767 nisi
384 2717 567 2784 quando
590 2717 736 2767 fidelis
761 2719 994 2784 coniugem
1025 2722 1252 2771 infidelem
1289 2721 1544 2779 absentem,
1574 2737 1631 2768 an
1656 2719 1754 2768 sine

366 2842 433 2883 (36)
454 2842 550 2884 Apud
563 2843 717 2876 Pontium
729 2843 782 2876 loc
808 2843 865 2876 cit.
883 2852 917 2876 n.
933 2848 986 2877 23.

368 2894 434 2937 (37)
451 2896 503 2929 cr.
519 2897 569 2930 De
583 2895 712 2939 synodo
728 2896 792 2930 loc.
803 2897 859 2930 cit.
875 2905 909 2930 ιι.
926 2902 946 2930 6
960 2905 1052 2939 seqq.
