1980 3260
287 224 378 270 214
579 233 659 265 Lm.
689 231 735 264 u.
764 215 876 264 secr.
906 232 935 262 1.
965 231 1017 262 ni:
1052 230 1217 262 rorsssr.
1247 230 1411 263 nectes.

284 328 459 379 premae
487 309 790 374 inquisitionis
827 307 1178 364 exercuerimuS‚
1216 317 1555 354 memoratorum
1588 311 1741 358 coniu-

285 390 454 452 giorum
482 385 752 433 discussioni
778 384 1081 440 interfuimus,
1108 381 1183 429 sed
1205 399 1439 446 numquam
1461 385 1654 446 opinioni
1670 386 1746 434 illi

284 465 545 528 acquiescere
566 462 785 526 potuimus
809 478 888 526 per
911 477 1043 525 quam
1067 458 1295 523 praedicta
1317 458 1597 506 matrimonia
1623 460 1745 510 nulla

284 539 549 586 iudicantur.
581 537 727 593 Quare
750 536 879 584 nobis
903 536 1176 584 continenter
1193 536 1239 582 in
1257 534 1371 582 votis
1389 534 1504 591 erat,
1525 545 1576 582 ut
1591 534 1744 600 aliqua

286 631 334 662 se
366 612 672 679 opportunitas
715 611 890 659 offerret
910 650 920 667 ,
958 611 1004 657 in
1039 627 1128 676 qua
1158 610 1380 674 generalis
1415 609 1570 673 regula
1596 620 1645 658 *et
1675 610 1746 659 lex

283 708 364 754 pro
396 689 648 737 eorumdem
674 688 1055 735 matrimoniorum
1089 698 1165 734 aut
1198 687 1398 735 nullitate
1421 696 1497 734 aut
1518 686 1746 735 validitate

284 775 568 821 statueretur;
600 764 810 829 quoniam
844 772 1043 810 anteacto
1075 772 1272 827 tempore
1305 762 1484 810 nonnisi
1511 761 1747 827 particula-

284 841 349 887 ria
372 840 548 888 decreta
571 841 617 886 in
640 840 725 888 hac
747 839 814 888 vel
849 838 925 886 illa
956 855 1115 895 causa,
1153 838 1330 886 condita
1361 848 1488 886 erant
1506 876 1517 897 ,
1549 855 1668 904 quae
1689 856 1746 887 ne

283 916 397 963 inter
420 933 469 963 se
491 915 670 981 quidem
698 914 941 963 conformia
966 930 1141 979 semper
1167 913 1364 970 fuerant,
1399 923 1578 979 propter
1607 914 1747 964 varie-

282 1001 413 1039 tatem
446 991 871 1040 circumstantiarum
895 1028 904 1047 ,
942 1007 1058 1055 quae
1089 988 1221 1036 modo
1253 989 1299 1035 in
1333 1005 1425 1036 una
1455 989 1558 1037 facti
1592 991 1744 1056 specie

282 1067 467 1114 aderant
487 1062 665 1125 (modo
699 1067 745 1113 in
778 1065 915 1114 altera
947 1064 1314 1113 desiderabantur
1336 1065 1487 1127 (23).›‚
1508 1066 1565 1113 Et
1595 1066 1744 1132 reipsa

282 1143 339 1190 ad
370 1143 672 1207 pontificatum
701 1153 877 1191 evectus
902 1158 1026 1189 suam
1051 1141 1192 1188 edidit
1202 1140 1552 1189 Declarationem
1576 1141 1633 1190 de
1652 1159 1746 1208 qua

283 1228 411 1266 antea
437 1220 716 1283 scripsimus.

376 1295 532 1341 Verum
567 1295 746 1360 quidem
789 1305 856 1342 est
876 1333 886 1352 ,
930 1302 1087 1356 urgent
1119 1292 1165 1339 hi
1202 1293 1319 1358 ipsi,
1358 1293 1435 1358 qui
1468 1293 1746 1342 validitatem

282 1370 535 1417 huiusmodi
571 1370 873 1432 coniugiorum
907 1379 1189 1434 propugnant
1209 1406 1220 1426 ‚
1266 1386 1364 1416 eam
1396 1368 1745 1418 Declarationcm

282 1458 365 1509 pro·
394 1445 489 1492 sola
521 1445 758 1492 Hollandia
790 1447 938 1493 datam
967 1463 1095 1502 esse;
1134 1456 1328 1493 attamen
1361 1455 1620 1509 argumenta
1652 1446 1747 1494 sive

282 1522 443 1569 motiva
471 1522 636 1586 quibus
659 1522 735 1568 hic
758 1539 959 1570 summus
993 1521 1189 1586 pontifex
1218 1522 1264 1568 in
1287 1539 1342 1569 ea
1361 1521 1534 1569 edenda
1566 1522 1746 1570 innixus

280 1608 347 1645 est
362 1635 373 1654 ,
401 1615 542 1662 aeque
574 1597 765 1645 militare
795 1597 1003 1645 videntur
1034 1614 1116 1662 pro
1149 1597 1308 1645 ceteris
1341 1597 1577 1646 haereticis
1599 1614 1748 1646 extra*-

283 1672 416 1720 tionis
451 1673 653 1737 paritate.

376 1749 509 1796 Porro
543 1766 660 1814 quae
693 1749 749 1796 de
782 1749 1003 1813 coniugiis
1036 1749 1358 1797 haereticorum
1382 1749 1537 1797 dicunt
1552 1786 1562 1805 ‚
1589 1747 1746 1797 eadem

279 1824 507 1888 applicant
537 1824 594 1871 ad
628 1824 765 1871 mixta
808 1824 1046 1888 coniugia;
1094 1824 1304 1871 nimirum
1342 1824 1382 1872 si
1425 1823 1747 1872 haereticorum

281 1899 485 1962 coniugia
526 1899 675 1947 valida
714 1909 817 1947 sunt
838 1938 850 1957 ,
887 1899 992 1947 licet
1023 1898 1081 1947 ad
1115 1899 1304 1947 formam
1337 1898 1623 1947 tridentinam
1658 1915 1747 1948 non

282 1973 556 2021 celebrentur
570 2013 580 2031 ,
601 1975 717 2021 idem
735 1974 974 2022 dicendum
990 1974 1075 2022 erit
1089 1974 1146 2022 de
1161 1974 1382 2038 coniugiis
1405 1973 1555 2021 mixtis
1569 2011 1580 2031 ‚
1607 1987 1744 2038 quum

283 2066 387 2113 pars
415 2050 632 2098 catholica
658 2069 711 2100 eo
737 2052 838 2116 ipso
871 2051 1094 2116 particeps
1120 2051 1291 2099 censeri
1319 2050 1480 2099 debeat
1511 2049 1748 2116 dispensa·

284 2125 418 2173 tionis
452 2143 478 2172 a
511 2143 664 2175 norma
698 2128 962 2186 tridentina,
993 2145 1110 2194 quae
1138 2145 1219 2194 pro
1252 2138 1376 2194 parte
1410 2125 1658 2176 acatholica
1688 2126 1747 2174 ab

283 2202 417 2249 huius
460 2204 701 2251 sententiae
744 2205 992 2253 fautoribus
1027 2205 1309 2271 supponitur.
1355 2204 1563 2252 Fatentur
1592 2203 1748 2269 utique

282 2277 340 2324 ad
375 2278 655 2326 tridentinam
684 2280 867 2328 formam
897 2282 1030 2329 etiam
1065 2282 1311 2332 haereticos
1345 2280 1482 2328 teneri
1499 2317 1512 2338 ,
1542 2280 1624 2347 qui
1650 2280 1750 2328 sine

284 2364 402 2401 statu
433 2353 554 2402 civili
587 2371 639 2401 ac
672 2355 878 2419 religioso
912 2357 1020 2405 forte
1054 2358 1170 2406 inter
1201 2356 1444 2406 catholicos
1476 2363 1741 2412 vel-sentum

283 2440 328 2476 at
360 2429 628 2478 contendunt
659 2430 807 2478 valida
840 2449 940 2480 esse
963 2433 1060 2481 sine
1089 2433 1272 2500 parochi
1307 2432 1563 2498 praesentia
1593 2431 1747 2482 coniu-

284 2506 357 2570 gia
390 2507 710 2555 haereticorum
750 2508 845 2555 sive
878 2509 1011 2556 etiam
1044 2511 1184 2559 mixta
1215 2510 1262 2557 in
1295 2507 1588 2572 regionibus,
1631 2523 1747 2572 quae

283 2594 577 2647 protestantes
599 2584 689 2631 dici
713 2584 857 2632 solent
878 2584 947 2632 vel
970 2586 1132 2635 mixtae
1147 2625 1159 2645 ,
1186 2587 1232 2634 in
1256 2584 1420 2651 quibus
1443 2582 1654 2631 haeretici
1675 2582 1747 2631 v'el

283 2659 567 2707 dominantur
596 2659 666 2709 vel
700 2659 857 2708 saltem
900 2662 1154 2711 societatem
1197 2663 1431 2711 efformant
1465 2677 1493 2708 a
1528 2658 1746 2708 catholica

285 2736 492 2784 societate
523 2735 774 2784 distinctam
790 2775 800 2793 ,
828 2737 942 2783 utin
961 2738 1160 2797 Austria‚
1188 2739 1234 2786 in
1258 2736 1433 2794 Galliis,
1460 2736 1506 2783 in
1530 2734 1735 2785 Bavaria.

380 2835 445 2876 (23)
468 2838 517 2869 De
533 2836 660 2878 synodo
675 2836 732 2869 lib.
743 2838 798 2870 vl.
813 2846 884 2878 cap.
897 2839 953 2870 Vl.
967 2846 999 2870 n.
1015 2841 1045 2871 4.
