1980 3260
369 239 458 288 394
621 254 702 287 us.
730 254 777 287 11.
806 252 920 286 sacr.
949 253 1120 286 ALTERA.
1150 251 1202 285 ns
1227 251 1392 286 rorssr.
1422 252 1564 287 cian.

364 335 464 381 dem
483 318 728 380 indebitum
745 369 756 389 ‚
786 331 866 393 sed
893 331 1013 397 quod
1031 341 1194 396 posset
1208 331 1419 389 ecclesia,
1441 349 1493 379 ex
1513 332 1712 380 omnium
1734 350 1839 383 con-

368 410 487 457 fesso
505 446 515 465 ‚
548 407 635 455 illis
664 407 853 456 donare:
887 407 927 455 si
955 419 1108 456 contra
1132 407 1247 456 falsa
1275 407 1334 456 sit
1362 407 1716 457 adversariorum
1745 412 1840 458 sen-

368 484 504 532 tentia
521 494 565 531 et
584 494 782 532 teneatur
799 483 846 531 in
862 484 1006 550 praxi,
1024 483 1305 550 principibus
1322 483 1508 550 eripitur
1525 485 1597 532 ius
1621 485 1836 544 nativum,

367 560 440 608 ius
469 560 706 624 essentiale
723 599 733 618 ,
755 560 826 608 ius
851 559 964 625 ipsis
989 578 1015 608 a
1037 560 1130 609 Deo
1153 577 1416 609 concessum
1434 560 1490 608 ad
1509 560 1741 609 tuitionem
1767 559 1841 626 so·

368 636 569 685 cietatis„
593 637 639 684 2.
669 636 827 693 Quoad
856 635 1119 685 ecclesiam:
1149 638 1197 684 in
1220 647 1371 685 nostra
1395 638 1635 695 sententia,
1664 637 1704 685 si
1729 636 1842 686 falsa

367 712 448 770 sit,
489 712 586 760 iure
612 712 817 760 fruuntur
842 711 1069 778 principes
1105 710 1245 761 solius
1279 712 1496 761 ecclesiae
1530 713 1735 780 proprio,
1778 712 1841 761 ita

365 794 535 846 tamen,
567 799 617 837 ut
644 788 806 856 exinde
835 805 923 837 non
953 788 1131 837 tollatur
1162 799 1241 850 aut
1270 789 1541 854 impediatur
1578 788 1838 838 exercitium

366 865 640 913 auctoritatis
674 865 1027 923 ecclesiasticae;
1058 865 1103 912 in
1138 863 1494 932 alia'hypothesi
1511 905 1522 924 ,
1559 864 1843 932 principibus

365 940 557 989 totaliter
599 941 878 1011 interdicitur
909 941 1020 990 iuris
1053 940 1311 990 exercitium
1333 980 1344 1000 ,
1388 942 1504 1007 ipsis
1544 953 1588 991 et
1624 940 1841 991 ecclesiae

365 1017 631 1067 communis.
667 1019 711 1065 3.
741 1017 898 1075 Quoad
926 1018 1179 1066 societatem
1198 1056 1208 1075 ,
1249 1029 1445 1067 nostram
1479 1017 1708 1085 sequendo
1740 1024 1844 1080 sens-

369 1094 552 1142 tentiam
580 1133 589 1152 ‚
628 1095 746 1143 cives
773 1112 800 1142 a
828 1093 1124 1143 matrimoniis
1164 1095 1450 1144 abstinebunt
1477 1133 1488 1153 ‚
1539 1107 1655 1161 quae
1689 1093 1841 1144 valida

371 1170 588 1228 fuissent,
612 1171 691 1219 sed
717 1171 897 1219 aliunde
922 1171 1078 1219 illicita
1100 1181 1143 1219 et
1165 1166 1399 1219 effectibus
1426 1170 1633 1220 civilibus
1655 1170 1839 1220 orbata:

367 1246 499 1295 aliam
531 1264 636 1296 vero
671 1247 927 1312 sequendo,
966 1247 1087 1294 cives
1122 1247 1403 1295 matrimonia
1435 1247 1744 1296 contraherent
1762 1238 1842 1294 ‘in'-

366 1323 516 1390 valida
532 1362 542 1381 ‚
570 1338 685 1389 quae
699 1323 847 1390 valere
863 1323 1198 1390 reputabantur.
1224 1324 1267 1371 4.
1290 1324 1477 1372 Demum
1503 1323 1651 1390 quoad
1674 1323 1843 1393 nuben-

370 1408 436 1446 tes
459 1398 620 1465 ipsos,
649 1399 695 1445 in
720 1398 858 1464 priori
891 1398 1160 1465 hypothesi,
1200 1399 1612 1461 matrimonium'iis
1636 1409 1837 1464 negatur,

368 1475 445 1540 qui
479 1491 583 1523 vere
613 1475 926 1539 iungerentur,
966 1475 1045 1523 sed
1083 1473 1320 1524 infeliciter
1341 1513 1351 1533 ,
1389 1486 1543 1541 utpote
1577 1476 1656 1543 qui
1691 1475 1842 1524 civilia

366 1551 636 1599 matrimonii
670 1551 788 1599 bona
821 1550 1034 1617 consequi
1061 1568 1151 1599 non
1185 1562 1396 1617 possent:
1423 1550 1727 1618 in'posteri'ori
1761 1569 1844 1600 nu-

367 1627 575 1676 bentibus
611 1628 878 1694 permittitur
904 1628 1236 1677 matrimonium
1266 1624 1510 1676 invalidum
1526 1667 1536 1686 ,
1563 1624 1767 1690 illicitum
1791 1644 1845 1677 ac

367 1703 536 1752 infelix.
560 1705 651 1752 Iam
670 1721 775 1754 vero
793 1705 878 1753 sub
895 1704 1174 1771 quadruplici
1191 1704 1277 1753 hoc
1295 1716 1500 1770 aspectu,
1524 1705 1655 1754 facile
1666 1704 1842 1771 perspi-

369 1779 486 1828 citur
512 1781 681 1829 maiora
703 1798 804 1830 esse
827 1781 1025 1847 pericula
1048 1791 1091 1829 et
1113 1781 1419 1839 incommoda,
1449 1798 1566 1847 quae
1595 1781 1845 1847 sequuntur

369 1875 421 1904 ex
450 1869 753 1906 extraneorum
785 1858 1021 1916 sententia,
1044 1858 1082 1906 si
1111 1856 1226 1905 falsa
1250 1858 1309 1905 sit
1331 1867 1373 1906 et
1396 1858 1442 1904 in
1466 1858 1594 1923 praxi
1627 1866 1841 1915 teneatur,

370 1950 503 1997 quam
528 1951 644 2000 quae
671 1951 723 1981 ex
751 1935 971 1982 sententia
1000 1934 1234 1999 gallorum.
1259 1934 1502 1999 Hucusque
1522 1932 1739 1982 Baston.»
1802 1955 1804 1958 v

467 2010 547 2058 Ast
574 2011 795 2076 quomodo
824 2011 967 2076 potuit
989 2011 1044 2058 D.
1069 2010 1290 2062 Camere,
1315 2009 1385 2058 vir
1409 2009 1664 2074 ceteroquin
1687 2009 1844 2058 doctus

371 2096 415 2133 et
442 2086 632 2150 diligens
651 2087 724 2136 his
743 2088 875 2152 nugis
902 2086 1068 2135 illudi?
1087 2087 1234 2143 Quare
1252 2103 1340 2134 non
1359 2085 1546 2134 advertit
1563 2086 1676 2134 haec
1697 2086 1847 2134 omnia

371 2162 571 2227 potuisse
588 2163 830 2230 intorqueri
850 2163 896 2211 in
913 2163 1156 2212 catholicos
1183 2171 1402 2210 sectantes
1425 2161 1673 2210 doctrinam
1691 2179 1732 2210 s.
1749 2162 1845 2210 Ste-

371 2237 510 2303 phani
539 2238 595 2286 ab
621 2239 679 2287 iis
698 2278 708 2297 ‚
741 2241 818 2306 qui
849 2256 950 2288 cum
974 2257 1013 2288 s.
1036 2239 1261 2305 Cypriano
1294 2237 1619 2287 contendebant
1648 2237 1846 2304 rebapti-

373 2314 540 2362 zandos
567 2332 667 2363 esse
700 2316 861 2365 tinctos
892 2317 949 2364 ab
975 2315 1251 2364 haereticis?
1275 2315 1364 2363 Cur
1386 2333 1475 2364 non
1499 2315 1688 2364 advertit
1710 2325 1845 2364 totam

372 2391 491 2439 hanc
515 2403 872 2456 argumentorum
891 2393 1139 2457 congeriem
1158 2393 1270 2442 falso
1288 2390 1491 2440 laborare
1508 2392 1744 2458 supposito
1767 2409 1846 2440 seu

373 2468 523 2533 potius
566 2468 700 2515 inniti
745 2469 916 2517 veritati
959 2470 1203 2518 sententiae
1241 2487 1374 2527 suae,
1411 2469 1530 2534 quod
1566 2468 1847 2533 principibus

373 2543 608 2592 convenire
629 2543 773 2609 possit
792 2543 863 2590 ius
890 2544 935 2590 in
958 2545 1185 2593 vinculum
1214 2543 1445 2609 coniugale
1467 2543 1599 2591 etiam
1622 2543 1849 2608 fidelium?

374 2619 430 2668 At
451 2637 554 2668 vero
581 2618 800 2685 quidquid
825 2630 1086 2682 congeratur
1106 2638 1184 2685 pro
1202 2621 1287 2668 hac
1304 2618 1546 2676 sententia,
1570 2618 1692 2666 illam
1717 2636 1845 2665 num-

374 2715 509 2762 quam
526 2697 763 2745 theoretice
779 2695 1053 2761 probabilem
1071 2697 1266 2746 efficient
1283 2696 1475 2760 theologi
1494 2695 1600 2760 galli
1624 2695 1841 2752 universi,

375 2774 452 2838 qui
476 2791 555 2838 pro
579 2791 631 2822 ea
659 2783 871 2839 pugnant.
900 2772 1129 2838 Siquidem
1155 2773 1292 2822 habet
1314 2773 1426 2820 haec
1451 2771 1671 2820 sententia
1693 2781 1845 2819 contra

375 2866 424 2896 se
460 2851 569 2899 satis
599 2860 750 2915 aperte
784 2849 1084 2899 auctoritatem
1120 2849 1295 2898 concilii
1332 2848 1634 2905 oecumenici,
1673 2847 1846 2896 scilicet
