1980 3260
314 218 400 267 116
628 234 705 264 Lm.
735 233 779 262 u.
809 232 921 262 secr.
952 233 979 261 ι.
1011 231 1060 260 οε
1087 230 1248 260 rorasr.
1281 227 1443 261 seems.

312 314 541 376 pontifices
565 329 615 357 ea
646 310 851 356 facultate
887 310 929 354 in
962 308 1089 354 cuius
1120 306 1305 370 pacifica
1336 308 1623 369 possessione
1657 309 1768 354 iam-

311 389 476 435 dudum
503 397 605 433 sunt
631 386 864 450 episcopos
890 384 1062 448 privare
1087 392 1311 446 nequeunt
1344 383 1459 443 (64).
1499 383 1633 429 Multo
1665 401 1770 431 vero

312 463 453 524 magis
489 462 532 507 id
566 461 798 507 adstruunt
831 459 974 523 quoad
1010 458 1138 504 sedes
1176 456 1395 504 recentius
1428 467 1626 525 erectas,
1664 451 1770 525 quia

313 554 509 582 summus
556 535 749 599 pontifex
791 551 877 580 non
924 533 1064 596 potuit
1106 542 1255 578 contra
1301 531 1400 578 illas
1441 533 1767 596 praescribere,

311 610 558 657 cuiusmodi
592 610 674 655 fuit
697 609 825 655 sedes
855 607 1131 662 nanciensis,
1161 624 1275 670 quae
1301 619 1444 654 erecta
1468 625 1555 654 non
1586 619 1653 656 est
1682 607 1771 654 nisi

312 703 426 732 anno
452 687 590 731 1777.
625 687 739 746 (65).
1711 694 1714 697 “

404 760 560 806 Verum
593 770 636 806 et
674 760 757 806 hoc
794 759 1060 823 principium
1105 759 1275 806 admitti
1318 759 1500 822 nequit,
1544 758 1767 823 siquidem

312 835 528 882 eiusmodi
548 836 841 899 'praescriptio
875 835 1021 898 quoad
1053 841 1285 898 episcopos
1310 834 1548 880 universim
1574 846 1772 898 sumptos

313 928 552 973 numquam
583 911 755 973 viguit,
784 927 884 956 nam
917 927 969 956 ex
998 909 1258 956 certissimis
1293 909 1571 955 documentis
1600 920 1773 956 constat

312 986 546 1049 episcopos
579 1004 631 1032 ex
661 986 868 1032 universo
904 985 1008 1032 orbe
1043 984 1259 1031 catholico
1294 984 1351 1030 ad
1383 983 1670 1047 apostolicam
1705 1002 1776 1031 se—

313 1062 413 1108 dem
436 1062 688 1124 confugisse
705 1100 714 1118 ,
747 1073 795 1108 ut
813 1061 1061 1108 facultatem
1088 1060 1333 1107 obtinerent
1365 1060 1501 1105 dandi
1521 1060 1692 1107 veniam
1717 1061 1774 1107 ad

313 1137 574 1183 celebranda
608 1137 811 1199 coniugia
845 1137 993 1200 aliquo
1029 1135 1205 1199 praevio
1240 1135 1554 1199 impedimento
1587 1135 1768 1182 irretita.

313 1213 441 1267 Quod
478 1213 515 1259 si
550 1212 687 1276 aliqui
722 1212 920 1276 episcopi
954 1211 1129 1266 furtim,
1168 1219 1217 1257 ut
1240 1211 1302 1257 ita
1334 1210 1477 1256 dicam
1501 1248 1510 1265 ,
1540 1210 1654 1257 hanc
1689 1210 1774 1257 sibi

314 1299 573 1350 potestatem
605 1287 884 1335 vindicarunt
907 1326 915 1342 ‚
940 1287 1091 1334 statim
1116 1304 1167 1333 ac
1191 1287 1247 1333 ad
1272 1286 1470 1333 notitiam
1496 1303 1776 1334 romanorum

317 1364 569 1426 pontificum
594 1363 670 1409 illa
693 1364 850 1426 agendi
886 1363 996 1409 ratio
1030 1362 1246 1427 pervenit,
1277 1362 1359 1408 fuit
1391 1362 1654 1426 improbata.
1694 1363 1779 1410 Ac-

312 1438 460 1493 cedit,
510 1439 628 1502 quod
668 1439 890 1485 substrata
912 1477 921 1493 ,
960 1456 1093 1503 quam
1132 1450 1292 1486 vocant
1315 1477 1324 1494 ,
1368 1438 1551 1485 materia
1595 1438 1777 1486 minime

313 1514 703 1578 praescriptionem
740 1515 933 1578 patiatur
954 1553 964 1570 ,
1002 1525 1051 1561 ut
1090 1515 1209 1562 enim
1250 1514 1560 1561 animadvertit
1598 1514 1778 1561 Benedi-

308 1599 412 1635 -ctus
429 1590 536 1634 XIV.
560 1627 568 1645 ,
598 1590 636 1635 si
665 1606 743 1652 per
774 1607 870 1636 eam
895 1590 1261 1637 consuetudinem
1286 1627 1295 1644 ,
1331 1589 1368 1635 si
1405 1607 1493 1653 qua
1523 1589 1772 1646 inoleverit,

314 1664 608 1726 ‹list-umpatur
635 1664 770 1710 nodus
793 1666 1098 1711 ecclesiasticae
1125 1664 1406 1727 disciplinae,
1437 1681 1676 1728 numquam
1699 1664 1780 1710 ad-

315 1756 468 1786 versus
487 1740 625 1802 legem
647 1741 976 1804 praescribitur,
992 1751 1121 1805 prout
1138 1740 1382 1787 declaravit
1400 1740 1679 1787 Innocentius
1692 1740 1770 1785 Ill.

318 1816 361 1860 in
394 1832 491 1879 cap..
525 1816 636 1861 Cum
663 1818 799 1870 inter,
838 1816 888 1862 de
918 1834 1102 1863 consecr.
1140 1817 1270 1863 Porro
1294 1815 1370 1862 tali
1395 1815 1515 1862 infici
1544 1815 1651 1863 vitio
1679 1832 1777 1862 eam

310 1891 677 1937 consuetudinem
713 1892 784 1938 his
811 1892 956 1939 verbis
980 1892 1188 1956 patefecit
1221 1891 1510 1938 Cabassutius
1540 1891 1596 1937 de
1629 1903 1779 1939 aucto-

315 1965 444 2010 ritate
474 1965 657 2029 loquens
681 1967 970 2031 dispensandi
995 2005 1005 2023 ,
1033 1984 1167 2030 quam
1193 1966 1279 2013 sibi
1304 1966 1504 2013 nonnulli
1535 1966 1778 2028 gallicanae

319 2039 530 2086 ecclesiae
568 2042 792 2105 praesules
830 2043 1144 2090 vindicabant:
1191 2043 1304 2098 «Si,
1344 2041 1388 2088 in
1424 2042 1676 2106 oppositum
1702 2053 1779 2089 're-

319 2115 612 2163 clamantibus
644 2118 841 2166 conciliis
862 2119 1161 2166 oecumenicis
1184 2157 1193 2175 ,
1236 2136 1352 2183 quae
1377 2118 1492 2165 hanc
1520 2128 1777 2183 potestatem

306 2192 395 2237 »uni
419 2210 589 2240 summo
618 2195 830 2258 pontifici,
855 2195 1085 2260 legatoque
1111 2206 1364 2251 reservant,
1395 2194 1480 2241 sibi
1511 2194 1784 2242 ausint'vin-'

316 2268 467 2315 dicare
501 2269 705 2332 gallicani
741 2271 914 2317 ducenti
950 2272 1123 2318 circiter
1157 2282 1199 2318 et
1231 2271 1528 2336 quadraginta
1570 2271 1778 2317 nimirum

409 2405 472 2445 (64)
496 2407 542 2437 lta
566 2405 697 2452 quidem
720 2406 958 2447 pseudonymus
983 2408 1126 2440 Auienus
1147 2408 1292 2449 Eliphius
1316 2408 1346 2440 in
1369 2407 1478 2440 libello
1502 2407 1676 2447 inscripto:
1697 2408 1780 2439 Cou-

317 2456 437 2488 cordia
459 2459 545 2490 iuris
573 2460 727 2490 canonici
747 2466 825 2490 cum
838 2458 957 2490 edictis
980 2461 1254 2500 caesareo-reyiis
1269 2461 1440 2492 recentius
1461 2460 1630 2491 emanans
1649 2461 1685 2490 in
1706 2467 1777 2491 ma·

320 2511 409 2541 teria
421 2509 714 2551 dispensationum
727 2519 831 2551 super
848 2511 1097 2551 impedimentis
1117 2514 1330 2544 matrimonii
1345 2511 1393 2544 ad
1405 2520 1480 2543 ven.
1496 2512 1701 2551 Jlunqart'em
1712 2510 1779 2542 cle-

322 2562 630 2595 -a-am.Vin‹lob0nae
649 2565 735 2595 1781.
751 2564 828 2595 Item
843 2563 959 2595 conat.
979 2563 1425 2606 andegaven.0p.cit.p.522.
1443 2563 1581 2596 Ritmclc
1592 2563 1780 2605 Belethnse

324 2617 400 2645 tom.
419 2616 443 2647 t.
463 2624 493 2655 p.
512 2618 583 2647 460.
604 2615 747 2647 Chatizel
769 2615 809 2647 de
837 2616 869 2647 la
896 2616 1067 2648 Neroniere
1087 2619 1127 2649 tr.
1150 2620 1205 2650 Du
1221 2619 1375 2649 Pouvoir
1398 2616 1457 2649 des
1475 2617 1626 2658 Eveques
1645 2624 1709 2647 sur
1729 2615 1779 2647 les

319 2666 586 2706 empeckements
605 2666 656 2699 ‘du
674 2669 828 2708 mariaqe
848 2676 940 2708 pour
954 2670 1066 2699 servi-r
1086 2669 1128 2700 de
1146 2669 1364 2710 supplement
1378 2668 1401 2700 ὰ
1418 2668 1454 2700 la
1473 2667 1635 2700 nouvelle
1651 2666 1703 2699 cd.
1721 2664 1790 2699 ἀπ’

316 2717 410 2757 conf.
427 2718 589 2759 d’Anqers
614 2723 704 2752 1782.
733 2719 790 2760 qui
808 2722 972 2752 coarctant
997 2729 1067 2752 cam
1095 2722 1136 2753 ad
1159 2722 1233 2754 illos
1251 2722 1419 2762 episcopos
1444 2729 1541 2761 penes
1566 2729 1649 2761 quos
1674 2729 1778 2761 perse·

274 2775 279 2778 '
318 2771 444 2802 veram-it
474 2772 605 2812 antiqua
626 2772 836 2804 consuetudo.

410 2825 473 2863 (65)
495 2827 539 2856 lta
566 2825 706 2865 Theoloq
739 2826 933 2857 nam-tensis
955 2834 1025 2867 pag.
1051 2831 1119 2857 290.
