1980 3260
327 248 416 294 298
655 256 735 287 un.
763 256 810 287 11.
838 255 951 287 scer.
979 256 1018 286 1.·
1039 256 1090 286 m:
1118 254 1281 286 rorrsr·
1312 255 1477 289 noctus.

330 336 476 403 (quod
494 329 638 381 ratu'm
656 341 823 382 tantum
841 371 851 390 ,
873 332 985 380 solvi
1005 332 1275 397 quandoque
1299 336 1467 397 potest)
1482 334 1789 386 indissolubile

319 412 505 461 omnino
525 409 730 467 efficitur,
742 409 862 474 quod
877 426 1005 456 nemo
1023 409 1216 472 profecto
1235 408 1366 456 dicet.
1384 410 1564 459 Accedit
1580 412 1698 476 quod
1716 432 1794 479 per

324 487 593 552 baptismum
628 485 807 550 proprie
831 484 1159 532 nonhabeatur
1182 485 1269 532 nisi
1295 487 1483 533 anteacti
1507 487 1795 551 coniugii-ra—

324 563 531 612 tihabitio
552 601 562 620 ,
596 580 711 627 quae
739 573 867 609 certe.
889 579 990 608 non·
1011 562 1177 609 sufficit
1209 563 1267 609 ad
1302 574 1625 611 sacramentum
1660 567 1814 616 confi&

325 640 547 687 ciendum.
571 639 701 695 Sane,
721 639 760 686 si
780 638 932 703 aliquo
951 639 1266 704 impedimento
1286 640 1473 687 naturali
1493 641 1729 689 dirimente
1745 642 1799 688 ir‘-

324 715 440 762 retiti
459 713 662 762 infideles
681 714 893 778 coniuges
908 715 1022 761 inter
1037 732 1086 762 se
1097 715 1420 774 contraherent,
1438 734 1518 781 per
1527 716 1798 781 baptismum

286 852 289 855 Ι
325 790 654 839 matrimonium
672 808 725 837 ex
743 790 940 839 invalido
963 790 1159 839 validum
1184 791 1305 838 haud
1327 792 1572 840 efficeretur
1595 791 1678 840 nec
1699 809 1800 841 con-

324 866 582 915 valesceret.
610 868 797 914 Demum
813 906 823 924 ,
851 867 1147 925 concludunt,
1182 868 1221 915 si
1252 868 1362 915 forte
1383 868 1472 916 duo
1495 869 1708 933 coniuges
1731 870 1800 916 in-

325 941 482 991 fideles
525 943 602 1008 qui
637 944 683 990 in
716 943 889 991 dissitis
924 943 1180 1007 regionibus
1215 944 1411 1008 degunt⁷
1450 945 1560 1009 quin
1600 945 1712 992 alter
1743 944 1801 994 de

326 1019 464 1067 altero
487 1020 625 1077 sciat,
657 1020 947 1068 christianam
982 1020 1114 1067 fidem
1150 1020 1541 1085 amplecterentur,
1574 1022 1804 1087 sacrisque

329 1095 611 1144 abluerentur
633 1097 767 1145 undis
786 1136 796 1153 ,
829 1114 972 1162 neque
1001 1097 1058 1143 de
1091 1097 1374 1144 matrimonio
1402 1097 1668 1160 cogitarent,
1696 1099 1800 1163 quis

327 1172 494 1220 diceret
526 1173 711 1221 istorum
746 1174 1000 1237 coniugium
1033 1173 1151 1220 effici
1191 1173 1558 1220 sacramentum?
1597 1173 1799 1222 Attamen

329 1249 643 1297 indissolubile
661 1250 784 1298 fieret
802 1268 890 1298 non
909 1250 1089 1315 quidem
1107 1267 1161 1296 ex
1181 1251 1447 1297 sacramenti
1465 1250 1660 1308 ratione,
1683 1266 1800 1316 quae

331 1342 419 1372 non
463 1324 676 1382 habetur,
717 1326 796 1372 sed
830 1325 898 1373 vel
936 1342 989 1371 ex
1021 1325 1268 1391 baptismo,
1307 1324 1400 1374 vel
1419 1343 1473 1374 ex
1506 1326 1671 1374 Christi
1705 1327 1802 1401 lege

332 1401 519 1463 (Matth.
541 1402 655 1448 XIX.
681 1403 724 1448 6
747 1404 784 1464 );
815 1402 1015 1487 adeoque
1042 1419 1094 1449 ex
1129 1398 1524 1450 indissolubilitate
1557 1420 1691 1469 quam
1722 1420 1802 1469 per

327 1476 552 1541 baptisma
585 1478 854 1525 nanciscitur
876 1478 1131 1542 coniugium
1160 1479 1206 1525 in
1234 1479 1497 1527 infidelitate
1529 1479 1800 1527 celebratum

331 1552 455 1616 argui
480 1554 645 1618 nequit
673 1555 936 1601 sacramenti
961 1555 1090 1602 ratio.
1114 1554 1209 1602 Hoc
1232 1572 1335 1602 vero
1363 1555 1651 1602 confirmatur
1671 1573 1725 1602 ex
1749 1572 1801 1603 eo

330 1628 447 1694 quod
473 1629 751 1676 inferendum
777 1641 896 1677 esset
920 1630 1081 1678 subiici
1111 1631 1245 1677 etiam
1272 1631 1518 1678 infidelium
1546 1631 1801 1695 coniugium

329 1703 643 1754 ecclesiasticis
671 1707 1028 1772 impedimentis,
1057 1707 1095 1754 si
1121 1707 1244 1754 fieret
1271 1717 1597 1754 sacramentum
1626 1707 1672 1753 in
1703 1708 1802 1773 ipso

328 1781 537 1846 baptismi
562 1793 691 1840 actu,
721 1800 852 1831 secus
878 1800 931 1831 ac
954 1783 1185 1830 definitum
1209 1784 1342 1831 fuerit
1360 1784 1416 1830 ab
1435 1784 1693 1832 Innocentio
1718 1786 1796 1832 1112

331 1858 376 1904 in
403 1875 501 1924 cap.
522 1858 765 1906 Gaudemus
790 1862 834 1906 8.
859 1861 923 1907 De
947 1860 1162 1907 divortiis.
1187 1861 1341 1925 Itaque
1363 1860 1571 1908 omnibus
1596 1854 1802 1927 exPensis

331 1933 412 1981 rite
445 1934 591 1999 colligi
627 1947 770 2001 potest
808 1936 931 1984 nullo
965 1937 1097 1985 modo
1138 1937 1386 1984 infidelium
1427 1938 1683 2001 coniugium
1724 1956 1804 2003 per

330 2008 537 2075 baptismi
567 2013 896 2077 susceptionem
916 2014 1107 2061 transire
1124 2013 1180 2060 ad
1199 2014 1463 2061 sacramenti
1481 2013 1796 2062 conditionem.

333 2084 552 2134 Hactenus
582 2089 761 2153 quidem
786 2090 1015 2153 negativae
1040 2089 1286 2138 sententiae
1309 2090 1655 2154 adstipulatores
1680 2092 1796 2153 (12).

426 2162 583 2210 Verum
614 2165 819 2233 plerique
854 2166 1048 2230 theologi
1079 2177 1122 2214 et
1148 2183 1365 2214 canonum
1401 2167 1662 2231 interpretes
1687 2166 1804 2214 affir

331 2238 537 2286 mativam
572 2251 795 2289 sectantur
829 2243 1119 2300 sententiam,
1148 2244 1262 2290 inter
1286 2260 1398 2309 quos
1422 2243 1616 2290 eminent
1639 2233 1804 2291 Bellar—

332 2315 479 2362 minus
501 2317 617 2378 (13),
641 2318 716 2381 qui
751 2336 848 2365 eam
883 2314 1141 2367 communem
1175 2319 1285 2367 dicit
1319 2320 1433 2367 inter
1467 2310 1696 2384 theologos
1725 2321 1802 2385 q'ui

333 2392 647 2439 commentaria
682 2410 763 2440 sua
796 2395 1075 2443 ediderunt
1063 2414 1110 2442 in
1148 2398 1189 2442 4.
1219 2397 1414 2444 Sentent.
1446 2395 1550 2443 dist.
1587 2398 1662 2443 39.
1692 2397 1803 2461 Lay-

331 2482 466 2513 mann
488 2468 605 2530 (14),
628 2468 825 2516 Sanchez
848 2473 942 2533 (15)
967 2472 1133 2556 aliique
1162 2473 1320 2538 plures
1337 2471 1394 2519 ab
1419 2471 1525 2519 his
1514 2474 1626 2542 ipsis
1652 2481 1802 2540 aucto·

333 2539 457 2590 ribus
491 2546 829 2591 commemorati
861 2584 869 2601 ‚
916 2548 1154 2612 praecipue
1199 2565 1302 2618 vero
1346 2546 1550 2611 Kugler,
1595 2547 1686 2612 qui
1713 2564 1800 2595 non

427 2707 494 2748 (12)
514 2708 613 2749 Apud·
627 2708 747 2749 Kugler
768 2717 821 2751 op.
840 2710 894 2742 cit.
913 2719 943 2750 p.
958 2712 985 2742 1.
1000 2713 1131 2751 q.V111.

428 2761 494 2801 (13)
515 2760 588 2793 Lib.
606 2763 656 2794 De
675 2763 828 2794 matrim.
849 2771 920 2804 cap.
935 2765 976 2795 V.
991 2764 1024 2795 in
1044 2764 1124 2805 tine,
1148 2774 1204 2797 seu
1227 2774 1259 2798 n.
1279 2768 1328 2797 71.

428 2813 493 2853 (14)
511 2813 582 2846 Lib.
596 2815 637 2846 V.
653 2815 747 2847 tract.
760 2816 800 2847 X.
817 2816 900 2856 part.
914 2817 955 2847 11.
970 2824 1041 2857 cap.
1059 2822 1087 2848 3.
1103 2827 1134 2848 n.
1148 2823 1177 2849 6.

428 2865 494 2907 (15)
516 2866 587 2900 Lib.
605 2868 648 2900 Π.
664 2867 748 2908 disp.
765 2869 820 2900 lx.
837 2877 868 2899 n.
886 2872 915 2900 5.
