1980 3260
319 288 410 320 cir.
429 287 491 319 111.
507 286 558 318 m:
577 284 691 318 rect.
710 282 979 317 ror.n1sr.m
1002 283 1089 316 nn».
1108 283 1231 316 nnn.
1250 284 1333 317 nm.
1350 284 1443 316 Aur.
1459 284 1516 317 iv.
1588 268 1677 316 133

224 365 355 430 cipue
382 364 464 411 erit
494 362 710 428 quaestio.
739 361 794 410 At
817 361 940 426 prius
968 370 1160 426 praestat
1190 362 1429 425 generatim
1463 360 1680 427 quaedam

228 450 524 504 praemittere.

327 515 666 580 Impedimenta,
700 530 814 578 quae
846 513 1047 560 oriuntur
1066 528 1120 559 ex
1146 511 1241 576 lege
1265 512 1451 560 naturali
1474 510 1682 560 distribui

225 590 457 639 commode
484 599 670 654 possunt
698 589 743 635 in
774 598 862 636 tres
887 587 1054 636 classes
1071 626 1081 644 ,
1109 606 1296 653 quarum
1320 589 1464 653 prima
1489 606 1543 636 ea
1565 605 1684 636 com-

230 666 435 732 plectitur
469 681 585 728 quae
620 663 899 711 matrimonia
933 663 1053 711 nulla
1087 664 1300 722 reddunt,
1337 682 1388 712 eo
1421 664 1539 729 quod
1575 664 1684 711 haec

229 742 381 790 stricte
409 738 494 786 iuri
528 737 718 785 naturali
743 738 1052 795 adversentur3
1081 740 1275 787 secunda
1298 740 1374 787 illa
1397 740 1685 805 comprehen-

229 817 327 872 dit,
362 831 481 879 quae
514 812 617 859 licet
650 830 737 861 non
771 814 950 860 omnino
984 830 1035 860 ac
1070 832 1222 877 presse
1264 816 1544 862 matrimonia
1589 816 1687 862 affi-

230 891 348 938 ciant
363 907 480 955 quae
497 888 582 936 iuri
601 887 891 935 adversentur
915 888 1129 944 naturali,
1158 888 1447 936 nihilominus
1473 908 1561 937 non
1585 900 1688 938 sunt

230 966 374 1014 eidem
409 964 541 1029 plane
574 963 840 1020 conformia,
879 980 959 1010 seu
993 963 1211 1011 contraria
1245 974 1348 1011 sunt
1381 964 1464 1010 iuri
1500 965 1687 1012 naturali

230 1041 376 1088 minus
412 1056 566 1104 presse
600 1048 809 1103 sumpt03
853 1038 980 1086 tertia
1012 1038 1069 1085 iis
1103 1039 1410 1096 constituitur,
1449 1057 1564 1104 quae
1597 1057 1691 1087 ma-

230 1116 436 1165 trimonia
468 1115 545 1162 illa
571 1114 814 1178 attingunt,
845 1131 959 1179 quae
993 1113 1167 1161 etiamsi
1202 1114 1392 1161 naturali
1416 1114 1503 1178 legi
1528 1116 1691 1180 pariter

234 1184 388 1258 presse
416 1201 617 1256 sumptae
642 1207 728 1238 non
759 1200 1030 1255 repugnent,
1061 1190 1301 1255 quamdam
1336 1200 1481 1238 tamen
1516 1209 1692 1257 praese-

233 1269 379 1318 ferunt
410 1267 633 1316 communi
666 1267 898 1314 hominum
927 1283 1062 1314 sensu
1096 1266 1426 1315 difformitatem
1452 1305 1461 1324 ,
1505 1285 1584 1315 seu
1625 1268 1692 1313 in-

235 1345 482 1393 decentiam
525 1343 763 1409 quamdam
782 1380 792 1400 ,
827 1352 877 1390 ut
908 1352 1087 1400 vocant,
1125 1360 1152 1390 a
1185 1360 1275 1407 qua
1308 1354 1464 1391 natura
1497 1343 1692 1392 humana

237 1420 460 1469 abhorret.

329 1496 468 1560 Igitur
484 1496 670 1544 ecclesia
694 1495 816 1544 nullo
839 1494 970 1544 modo
995 1495 1189 1544 relaxare
1211 1506 1357 1561 potest
1379 1495 1694 1562 impedimenta

235 1573 406 1638 primae
432 1572 614 1629 classis,
642 1581 691 1620 ut
712 1589 866 1620 omnes
890 1572 1151 1629 admittunt,
1179 1572 1325 1637 quoad
1360 1572 1555 1637 reliquas
1580 1572 1695 1620 duas

236 1649 402 1697 classes
420 1686 430 1706 ,
476 1648 677 1696 absolute
719 1647 906 1696 ecclesia
947 1658 1098 1713 posset
1135 1648 1396 1714 dispensare
1440 1649 1696 1696 auctoritate

237 1724 302 1771 illi
337 1724 550 1772 divinitus
585 1724 704 1771 data.
733 1724 842 1771 Cum
870 1734 1015 1772 autem
1050 1742 1137 1772 non
1171 1725 1344 1781 omnia,
1381 1742 1495 1789 quae
1529 1725 1692 1781 licent,

239 1818 415 1866 semper
450 1800 705 1865 expediant,
744 1800 849 1847 hinc
882 1800 953 1857 fit,
980 1811 1030 1847 ut
1052 1818 1104 1847 ea
1127 1800 1362 1858 interdum,
1389 1811 1518 1864 prout
1552 1817 1696 1848 rerum

238 1867 443 1924 adiuncta
467 1876 716 1941 postulant,
745 1876 790 1922 in
827 1876 1154 1941 impedimentis
1189 1877 1411 1924 secundae
1444 1875 1601 1924 classis
1632 1894 1698 1924 re-

239 1947 375 2009 laxet,
422 1970 665 2017 numquam
700 1970 803 2000 vero
837 1953 1113 2000 consueverit
1148 1952 1409 2016 dispensare
1431 1952 1487 1999 ab
1511 1952 1699 2016 impedi-

240 2028 402 2076 mentis
448 2028 601 2076 tertiae
642 2028 802 2076 classis
835 2028 893 2076 ob
927 2028 1279 2092 turpitudinem,
1322 2045 1436 2093 quae
1476 2028 1698 2076 communi

241 2104 469 2153 hominum
503 2122 639 2152 sensu
673 2104 763 2152 illis
798 2104 1013 2151 inhaeret.

338 2180 462 2236 Quae
483 2190 532 2226 ut
557 2180 858 2243 intelligantur
883 2180 1038 2228 sedulo
1061 2197 1315 2229 enumerare
1338 2180 1549 2229 debemus
1582 2181 1699 2229 eius-

244 2256 365 2304 modi
391 2254 733 2320 impedimenta,
763 2266 895 2320 atque
918 2246 1185 2320 expendere,
1221 2265 1272 2303 ut
1303 2256 1391 2304 alia
1423 2256 1480 2304 ab
1513 2256 1614 2304 aliis
1638 2273 1701 2305 se-

244 2349 509 2387 cernamus;
548 2331 667 2395 quod
701 2332 891 2396 profecto
936 2331 1207 2380 salebrosum
1244 2342 1312 2380 est
1344 2332 1400 2380 ob
1433 2342 1659 2380 auctorum
1686 2370 1696 2388 ,

244 2407 322 2472 qui
346 2407 402 2455 de
425 2406 482 2455 iis
504 2406 729 2454 disserunt
751 2406 956 2455 dissonas
980 2424 1112 2472 saepe
1130 2407 1387 2456 sententias.
1411 2408 1564 2472 Itaque
1586 2407 1702 2454 circa

246 2482 423 2546 singula
445 2482 644 2531 diversas
678 2482 911 2530 afferemus
942 2483 1190 2547 opiniones,
1218 2493 1260 2531 et
1283 2483 1392 2548 quid
1415 2482 1702 2531 verisimilius

246 2559 518 2608 censendum
535 2558 663 2606 nobis
683 2558 900 2616 videatur,
917 2576 1199 2624 exponemus.

343 2635 712 2700 Quandoquidem
742 2646 886 2683 autem
915 2653 1043 2684 nemo
1077 2637 1313 2701 perspicue
1340 2636 1482 2699 magis
1518 2635 1703 2682 istorum

248 2711 662 2776 impedimentorum
682 2710 895 2758 theoriam
915 2729 966 2758 ac
981 2712 1257 2777 partitionem
1277 2710 1481 2776 exposuit
1503 2727 1555 2757 ac
1567 2709 1706 2773 Ange·

247 2785 360 2834 licus
393 2787 576 2845 Doctor,
613 2787 757 2851 ipsius
789 2786 935 2835 verbis
975 2805 1071 2834 eam
1095 2787 1169 2834 hic
1201 2786 1450 2834 innuimus:
1488 2786 1701 2841 «Potest,

252 2862 418 2928 inquit,
446 2864 771 2913 matrimonium
801 2863 1003 2930 impediri
1027 2874 1104 2912 aut
1121 2882 1172 2912 ex
1197 2873 1320 2929 parte
1340 2872 1589 2911 contractus
1613 2877 1706 2908 ma-
