1980 3260
255 269 345 301 cst.
358 266 415 300 v1.
432 267 483 300 m:
502 269 627 301 uun.
644 266 823 301 mnam.
837 267 920 301 mr.
939 267 986 300 sn
1005 267 1084 300 vm.
1101 267 1184 302 cnm
1204 267 1325 301 cun.
1342 267 1434 301 Aur.
1451 267 1512 301 m.
1554 253 1643 300 249

178 364 294 412 quac
323 346 379 394 dc
408 347 698 396 sacramentis
723 346 1087 395 administrandis
1111 346 1180 395 vel
1205 346 1494 396 conficiendis
1517 359 1560 396 et
1582 365 1645 396 re-

177 424 373 488 spective
396 423 452 470 de
475 423 755 471 matrimonio
789 422 1090 471 contrahendo
1107 460 1117 480 ‚
1152 439 1239 470 non
1261 440 1364 471 vero
1388 423 1444 471 de
1468 424 1556 471 iam
1579 440 1646 472 ce-

176 497 370 556 lebrato,
404 499 679 564 loquitur....
697 498 783 546 Alii
807 516 911 547 vero
935 510 1138 556 censent,
1177 509 1403 563 praestare
1419 537 1429 556 ‚
1457 509 1506 547 ut
1527 516 1645 548 sum-

175 592 276 623 mus
301 575 498 640 pontifex
522 592 731 639 suprema
754 592 838 622 sua
861 575 1118 623 auctoritate
1141 574 1404 638 coniugibus
1421 576 1647 624 conversis

175 651 404 715 indulgeat
422 651 467 697 in
487 651 768 698 matrimonio
786 650 1004 699 celebrato
1021 668 1169 699 coram
1186 651 1388 699 ministro
1405 650 1643 708 haeretico,

173 728 308 775 etiam
344 726 464 773 dicto
496 742 719 773 consensu
754 743 842 773 non
878 726 1032 775 iterato
1051 765 1061 784 ‚
1100 744 1417 792 permanere...
1436 738 1480 775 et
1501 745 1610 776 sane
1630 765 1641 785 ,

174 804 292 851 sicut
320 819 523 849 summus
559 802 781 867 pontifex,
819 813 1106 851 concurrente
1138 803 1336 866 legitima
1368 820 1528 861 causa,
1567 821 1647 869 po-

174 889 259 927 test
280 878 607 925 matrimonium
626 878 799 925 irritum
818 889 999 943 propter
1014 879 1233 926 defectum
1252 879 1528 944 praesentiae
1545 897 1648 944 pro-

172 955 260 1020 prii
284 953 467 1019 parochi
487 991 497 1010 ,
524 953 594 1001 vel
618 953 675 1001 ob
698 953 821 1001 aliud
857 955 1047 1019 quodvis
1083 953 1450 1019 impedimentum
1473 955 1529 1003 de
1552 955 1648 1003 iure

171 1042 342 1080 tantum
366 1030 685 1088 ecclesiastico,
714 1031 1043 1079 matrimonium
1067 1031 1281 1079 dirimens
1306 1033 1352 1077 in
1374 1031 1520 1079 radice
1544 1048 1649 1086 con-

171 1107 370 1156 validare
377 1145 471 1155 .....
486 1109 552 1154 Ita
571 1107 903 1173 ponderandam
923 1117 1010 1165 est,
1034 1125 1141 1156 num
1159 1106 1206 1154 id
1223 1106 1418 1170 generali
1436 1107 1647 1173 quopiam

171 1183 349 1232 decreto
374 1184 470 1231 fieri
495 1183 702 1248 expediat
725 1201 805 1248 pro
828 1184 1010 1232 casibus
1025 1222 1036 1241 ‚
1065 1200 1179 1249 quos
1204 1183 1265 1231 ita
1288 1183 1530 1247 generatim
1554 1184 1649 1249 epi-

172 1277 337 1325 scopus
362 1260 600 1308 consilium
621 1277 674 1308 ac
692 1260 935 1308 remedium
961 1259 1192 1325 postulans
1217 1260 1396 1326 exponit
1419 1259 1464 1307 in
1489 1260 1545 1308 iis
1569 1277 1649 1326 po-

174 1335 398 1383 tissimum
428 1335 799 1393 circumstantiis,
828 1337 872 1382 in
897 1335 1062 1401 quibus
1087 1335 1217 1383 facile
1240 1346 1385 1401 patet,
1413 1336 1647 1400 coniugem

172 1412 468 1461 acatholicum
509 1412 632 1460 nulla
665 1413 833 1460 ratione
869 1413 925 1460 ab
962 1412 1185 1461 haeretica
1225 1413 1439 1478 pravitate
1475 1413 1648 1462 resilire

171 1489 306 1546 velle,
335 1506 437 1537 cum
470 1489 527 1536 de
561 1500 705 1537 cetero
729 1489 774 1535 in
799 1489 1040 1554 praecitata
1065 1489 1341 1546 traiectensi,
1368 1488 1445 1536 ubi
1472 1501 1645 1554 praeter

171 1565 358 1613 dubium
394 1582 665 1613 concernens
698 1565 973 1614 validitatem
1008 1565 1277 1613 matrimonii
1311 1565 1424 1613 inter
1457 1565 1648 1614 haereti-

171 1658 273 1690 cum
298 1652 341 1689 et
364 1641 625 1690 catholicam
645 1642 764 1699 initi,
787 1642 1042 1690 discussum
1071 1658 1249 1707 quoque
1273 1640 1374 1699 fuit,
1405 1658 1511 1688 num
1535 1659 1648 1707 qua-

173 1729 300 1766 tenus
324 1718 570 1766 invalidum
595 1718 705 1766 illud
731 1719 1027 1775 iudicaretur,
1061 1717 1345 1766 concedenda
1367 1727 1487 1765 esset
1510 1717 1646 1765 facul-

172 1804 240 1843 tas
263 1804 391 1842 caute
414 1794 654 1842 renovandi
688 1811 955 1842 consensum
985 1811 1134 1842 coram
1171 1792 1364 1858 parocho
1396 1792 1615 1841 catholico
1634 1831 1645 1851 ‚

172 1886 267 1918 sac.
283 1887 491 1934 congreg.
510 1869 699 1918 noluerit
715 1871 947 1935 quidpiam
966 1870 1084 1918 circa
1102 1869 1147 1916 id
1167 1868 1452 1934 respondere,
1474 1870 1648 1918 tametsi

177 1946 509 1994 matrimonium
534 1946 705 1993 irritum
730 1963 831 1993 esse
855 1946 1127 1993 censuerit.»

268 2020 466 2068 Alterum
501 2021 620 2086 quod
656 2021 1008 2068 animadvertere
1049 2020 1179 2069 nobis
1222 2020 1536 2086 proposuimus
1570 2019 1648 2068 illa

172 2107 343 2162 spectat
375 2097 581 2161 coniugia
602 2135 612 2154 ,
650 2115 766 2162 quae
799 2097 901 2145 licet
933 2097 990 2144 ab
1024 2097 1151 2144 initio
1186 2096 1308 2144 nulla
1347 2096 1537 2153 fuerint,
1579 2106 1646 2144 ut-

172 2183 276 2237 pote
309 2172 530 2220 celebrata
563 2190 712 2221 coram
742 2173 965 2221 haeretico
999 2173 1202 2220 ministro
1236 2173 1282 2218 in
1317 2171 1574 2235 regionibus
1602 2172 1647 2219 in

173 2249 338 2313 quibus
364 2248 638 2314 publicatum
662 2260 731 2297 est
754 2249 1043 2296 tridentinum
1076 2249 1301 2297 decretum
1335 2250 1542 2304 Tametsi,
1571 2248 1650 2296 de-

174 2324 279 2371 inde
299 2324 450 2372 valida
473 2325 588 2371 facta
611 2336 740 2382 sunt,
765 2325 803 2372 si
822 2336 1057 2374 renovatus
1076 2335 1231 2390 postea
1247 2324 1380 2372 fuerit
1402 2342 1649 2373 consensus

173 2417 322 2448 coram
357 2401 451 2449 solo
486 2401 690 2449 ministro
723 2411 1015 2466 protestante,
1056 2412 1132 2450 aut
1168 2400 1347 2466 publico
1387 2401 1648 2464 magistratu

175 2478 297 2525 iuxta
329 2477 482 2525 civiles
517 2477 660 2541 leges,
690 2478 766 2525 ubi
798 2478 907 2525 illud
938 2478 1161 2525 decretum
1198 2477 1524 2542 promulgatum
1560 2494 1648 2524 non

174 2563 257 2600 est.
286 2553 381 2601 Hoc
416 2554 652 2618 perspicue
685 2554 986 2617 significatum
1023 2553 1239 2602 habemus
1276 2554 1322 2599 in
1355 2553 1493 2600 variis
1528 2569 1650 2600 reso-

174 2629 418 2678 lutionibus
443 2648 472 2678 a
495 2641 649 2678 sancta
672 2630 779 2678 sede
802 2631 998 2679 emissis.
1022 2631 1110 2679 Nos
1141 2629 1329 2695 exempli
1354 2646 1490 2677 causa
1513 2646 1648 2676 unam

176 2715 251 2752 aut
285 2706 466 2753 alteram
492 2706 566 2754 hic
592 2707 679 2754 iam
706 2706 987 2754 subiicimus.

275 2783 428 2847 Itaque
463 2783 738 2848 propositum
764 2783 847 2831 fuit
871 2800 1107 2848 supremae
1131 2801 1194 2831 ss.
1215 2780 1520 2847 inquisitionis
1545 2798 1650 2828 con-

177 2858 422 2922 gregationi
466 2859 653 2908 dubium
694 2859 749 2908 ab
790 2859 970 2908 officiali
1013 2860 1278 2909 dioecesano
1319 2856 1557 2922 parisiensi
1595 2857 1651 2905 de
