1980 3260
218 288 311 321 mr.
329 287 402 321 vn.
422 288 473 320 nn
492 288 617 320 marn.
635 288 764 321 mm).
783 287 867 321 cun
885 288 1018 320 rium..
1036 287 1115 320 vm.
1132 288 1215 320 mr.
1234 287 1297 320 sn.
1321 288 1414 320 Aur.
1433 287 1479 320 11.
1539 273 1623 319 341

158 365 306 414 vimus
330 376 583 414 consertum
613 376 704 423 est;
729 365 836 431 quid
856 366 1064 412 nimirum
1093 365 1371 413 sentiendum
1390 366 1447 413 sit
1463 365 1519 412 de
1536 382 1635 413 con—

160 440 321 505 iugiis,
354 458 471 506 quae
506 441 602 488 sive
635 441 749 488 inter
781 458 830 488 se
866 441 960 488 sive
988 457 1088 488 cum
1116 440 1347 488 catholicis
1374 440 1637 488 contrahunt

160 518 344 583 quidam
370 518 579 565 haeretici
594 556 604 575 ‚
621 517 699 583 qui
723 517 827 565 licet
848 517 1092 565 christiano
1117 517 1294 564 nomine
1318 517 1632 580 insigniuntur,

160 605 306 642 tamen
345 593 605 641 infidelibus
649 611 832 658 prorsus
875 593 1045 641 similes
1083 604 1160 641 aut
1199 603 1416 658 respuunt
1458 593 1638 642 omnino

159 668 433 735 baptismum
450 707 460 726 ,
489 680 539 717 ut
566 670 792 735 Quaqueri
809 708 819 727 ,
854 670 1160 728 Mennonitae,
1188 669 1634 734 Swendenborgiani‚

158 746 326 810 aliique
358 744 606 801 eiusmodi;
643 755 720 793 aut
753 746 831 810 qui
861 746 960 793 eius
994 745 1424 794 administrationem
1463 745 1638 810 penitus

158 821 215 869 de
238 820 354 868 sacto
379 819 635 883 negligunt,
674 831 722 868 ut
755 837 842 869 non
877 821 1006 886 pauci
1042 821 1157 868 inter
1182 831 1475 886 protestantes
1500 831 1639 868 aetate

158 897 244 945 hac
284 906 463 953 nostra,
508 906 586 943 aut
619 896 815 944 invalide
850 896 961 944 illud
995 898 1227 945 conferunt
1259 896 1315 945 ob
1356 897 1638 945 essentialem

157 973 227 1022 vel
262 973 430 1021 formae
460 972 530 1021 vel
562 973 772 1020 materiae
797 973 1032 1021 defectum.

254 1048 463 1098 Difficilis
493 1048 726 1097 solutionis
751 1049 955 1114 quaestio
972 1059 1166 1107 nonest,
1199 1049 1440 1097 dummodo
1464 1049 1509 1094 in
1535 1065 1640 1098 suas

160 1136 309 1193 partes
355 1126 653 1191 dispescatur.
693 1127 804 1173 Nam
838 1126 876 1174 si
914 1143 1059 1174 sermo
1099 1126 1159 1173 sit
1197 1125 1254 1172 de
1293 1125 1467 1175 illorum
1500 1135 1643 1172 secta—

161 1204 328 1254 riorum
358 1203 566 1266 coniugio
599 1203 676 1268 qui
707 1203 883 1269 penitus
922 1203 1147 1269 baptisma
1182 1202 1416 1259 reiiciunt,
1458 1202 1527 1250 vel
1563 1202 1641 1266 qui

160 1280 316 1328 vitiata
333 1279 633 1327 essentialiter
651 1279 790 1327 forma
807 1279 875 1327 vel
896 1280 1080 1328 materia
1103 1279 1215 1331 illud
1239 1279 1493 1335 conferunt,
1524 1278 1642 1325 idem

163 1354 394 1403 ferendum
424 1355 637 1402 iudicium
675 1372 726 1403 ac
760 1355 816 1403 de
850 1356 1069 1419 coniugiis
1105 1355 1378 1411 infidelium,
1419 1373 1534 1420 quae
1566 1372 1644 1402 va-

162 1431 254 1480 lida
286 1431 467 1496 quidem
498 1442 601 1479 sunt
630 1432 675 1478 in
705 1431 874 1479 ratione
914 1442 1163 1480 contractus
1201 1431 1414 1479 naturalis
1439 1448 1492 1478 ac
1524 1448 1643 1478 merc

162 1507 308 1556 civilis
331 1545 341 1564 ‚
391 1524 596 1572 quaeque
618 1545 628 1564 ,
666 1517 716 1555 ut
747 1506 942 1573 loquitur
975 1508 1258 1557 Innocentius
1293 1508 1372 1554 111.
1404 1524 1506 1555 vera
1540 1517 1644 1554 sunt

164 1583 243 1632 sed
271 1601 355 1631 non
383 1593 507 1639 rata,
547 1583 655 1649 quia
691 1601 780 1631 non
814 1594 919 1631 sunt
953 1593 1245 1632 sacramenta.
1270 1583 1379 1633 Cum
1414 1583 1531 1631 enim
1567 1601 1646 1648 per

162 1660 377 1726 baptismi
423 1660 603 1707 ianuam
648 1678 891 1725 numquam
927 1661 1119 1724 ingressi
1155 1661 1245 1708 sint
1283 1661 1329 1707 in
1372 1660 1639 1716 ecclesiam,

167 1736 289 1786 nulla
319 1748 595 1785 sacramenta
617 1737 804 1794 habent,
835 1748 910 1784 aut
932 1737 1098 1785 habere
1123 1748 1326 1802 possunt.
1351 1737 1552 1802 Cumque
1574 1754 1646 1783 ec-

166 1813 332 1862 clesiae
366 1813 535 1861 subditi
571 1831 650 1879 per
681 1813 955 1878 baptismum
982 1814 1084 1862 facti
1109 1831 1197 1861 non
1222 1813 1404 1869 fuerint,
1434 1812 1539 1859 null«
1580 1829 1647 1859 ec-

167 1889 418 1939 clesiastico
465 1889 781 1955 impedimento
818 1899 923 1936 sunt
955 1889 1159 1946 obnoxii,
1198 1888 1277 1936 sed
1313 1888 1421 1936 solis
1456 1887 1646 1952 impedi-

168 1966 329 2014 mentis
370 1965 480 2013 iuris
513 1965 730 2012 naturalis
757 1975 890 2031 atque
915 1965 1052 2013 divini
1087 1965 1355 2012 detinentur.
1390 1964 1434 2010 Si
1472 1963 1645 2010 illorum

169 2042 377 2091 alteruter
393 2041 450 2089 ad
469 2041 728 2105 religionem
746 2041 1009 2089 catholicam
1033 2042 1201 2098 veniat,
1230 2040 1366 2095 altero
1391 2040 1436 2086 in
1465 2039 1646 2104 propria

169 2129 291 2168 secta
313 2128 600 2184 permanente
617 2156 627 2175 ‚
656 2136 801 2183 neque
831 2117 1002 2183 absque
1026 2118 1188 2164 iniuria
1215 2116 1433 2167 Creatoris
1460 2133 1648 2163 consen-

170 2196 252 2244 tiat
283 2213 383 2244 cum
419 2194 540 2241 fideli
570 2194 803 2252 habitare,
837 2195 997 2260 poterit
1029 2194 1284 2242 auctoritate
1319 2193 1440 2242 sedis
1469 2202 1647 2258 aposto-

171 2271 285 2320 licae
319 2270 495 2318 illorum
530 2270 786 2334 coniugium
821 2270 987 2317 dirimi.
1023 2270 1152 2326 Quod
1196 2270 1236 2318 si
1279 2269 1408 2317 ambo
1443 2268 1649 2317 catholici

172 2347 307 2405 fiant,
334 2346 412 2394 ubi
436 2363 532 2394 mos
557 2346 748 2402 obtinet,
786 2346 949 2394 debent
977 2364 1107 2394 suum
1138 2362 1348 2395 renovare
1381 2362 1646 2394 consensum

173 2424 220 2470 in
244 2423 358 2471 facie
380 2422 597 2471 ecclesiae
612 2461 622 2479 ‚
650 2440 702 2470 ac
723 2422 1074 2471 benedictionem
1093 2423 1411 2471 sacerdotalem
1432 2422 1642 2486 recipere.

173 2500 312 2547 Dixi:
352 2499 431 2546 ubi
460 2517 550 2546 mos
585 2499 770 2555 obtinet,
812 2499 1033 2565 siquidem
1061 2499 1182 2547 iuxta
1210 2517 1298 2547 non
1329 2515 1491 2564 paucos
1526 2496 1647 2542 theo-

175 2575 302 2640 logos
326 2586 370 2624 et
400 2576 633 2641 antiquum
668 2575 885 2623 ecclesiae
918 2593 1124 2625 romanae
1158 2594 1317 2633 usum,
1354 2585 1402 2621 ut
1437 2591 1518 2621 suo
1552 2572 1649 2618 loco

177 2651 488 2700 adnotavimus
507 2689 517 2709 ‚
545 2651 601 2698 ad
625 2650 967 2699 ratihabendum
991 2652 1260 2700 connubium
1285 2649 1644 2702 christianorum,

178 2744 259 2776 seu
275 2744 426 2776 eorum
444 2728 523 2793 qui
540 2746 593 2776 ex
610 2727 871 2776 infidelitate
887 2727 944 2776 ad
963 2728 1222 2793 religionem
1240 2726 1526 2774 christianam
1552 2740 1651 2770 con-

178 2811 431 2861 vertuntur,
470 2803 639 2852 sufficit
662 2804 873 2870 baptismi
906 2805 1129 2869 susceptio
1154 2821 1232 2868 per
1249 2819 1380 2866 quam
1403 2810 1648 2847 anteactum

182 2878 510 2928 matrimonium
546 2880 601 2929 ad
638 2881 897 2944 dignitatem
934 2882 1195 2930 sacramenti
1234 2877 1447 2926 evehitur.
