1980 3260
232 220 323 253 cAP.
344 221 417 253 vll.
439 221 489 253 DE
508 221 778 254 MATR.1NF11).
797 220 880 255 CUM
900 222 1033 255 FIDEL.
1051 223 1130 255 vm.
1150 223 1232 254 lN'r.
1251 223 1314 254 SE.
1339 223 1429 255 ΛΒΤ.
1447 223 1492 255 11.
1551 206 1639 254 339

169 299 268 346 eius
303 315 524 347 consensu
559 300 604 346 in
639 300 998 357 matrimonium,
1037 310 1082 348 et
1114 299 1374 365 praehabito
1408 301 1547 365 partis
1577 301 1645 347 in-

170 373 317 423 fidelis
336 392 560 424 consensu
578 376 624 422 in
643 375 1017 424 cohabitationem
1039 375 1212 441 absque
1229 376 1497 425 contumelia
1513 376 1645 425 Crea-

170 460 329 499 tons.»

264 528 454 592 Insuper
476 537 525 574 ut
549 545 628 592 pro
651 528 981 593 tranquillanda
1005 529 1277 576 conscientia
1300 529 1510 593 dignetur
1533 530 1645 578 San-

168 603 301 651 ctitas
337 621 420 651 sua
454 604 735 652 convalidare
769 605 825 651 ad
859 605 1099 662 cautelam,
1128 615 1170 652 et
1193 615 1412 670 quatenus
1437 623 1549 670 opus
1566 607 1640 663 sit,

170 680 451 727 matrimonia
482 679 526 727 vi
567 681 925 744 praecedentium
959 682 1344 747 dispensationum
1380 692 1511 730 antea
1541 699 1646 730 con-

165 765 328 811 tracta,
366 755 582 802 existente
615 755 800 802 muliere
834 758 879 802 in
914 766 1131 820 potestate
1164 757 1382 820 raptoris,
1421 768 1642 822 quatenus

167 829 340 878 nullum
375 830 498 878 aliud
533 830 677 878 obstet
710 832 1078 895 impedimentum
1113 832 1344 879 dirimens.

263 907 485 954 Sanctitas
511 923 593 954 sua
617 906 794 971 utrique
819 907 1132 971 supplicationi
1155 907 1339 971 dignata
1360 917 1428 956 est
1450 908 1642 971 benigne

166 1000 380 1031 annuere.
411 983 522 1030 Item
555 982 613 1030 ad
646 991 819 1030 sextum
843 982 1031 1030 dubium
1056 983 1255 1030 eiusdem
1288 984 1488 1048 episcopi
1518 1000 1644 1030 cara-

166 1058 340 1107 diensis
358 1059 589 1107 videlicet:
616 1057 715 1104 «An
740 1058 800 1105 sit
832 1057 1116 1106 concedenda
1140 1058 1328 1106 facultas
1353 1076 1380 1106 a
1406 1059 1645 1106 missiona-

168 1137 248 1184 riis
289 1137 427 1201 petita
460 1135 774 1184 convalidandi
809 1135 1139 1183 matrimonium
1174 1135 1411 1183 mulierum
1446 1135 1644 1183 fidelium

167 1229 269 1260 cum
297 1212 528 1277 'apostatis
563 1221 835 1259 contractum
852 1250 862 1268 ,
901 1229 981 1259 seu
1014 1229 1094 1276 per
1114 1212 1205 1260 vim
1231 1229 1311 1259 seu
1335 1222 1437 1277 post
1469 1223 1643 1278 raptum

166 1299 211 1336 et
243 1284 482 1354 antequam
516 1289 643 1354 ipsae
677 1289 723 1335 in
758 1288 855 1336 loco
888 1298 981 1336 tuto
1015 1288 1212 1336 redditae
1246 1288 1446 1336 fuerint?

263 1364 601 1430 Responderunt
624 1364 901 1411 eminentiss.
930 1373 1078 1428 patres
1103 1363 1426 1411 consulendum
1445 1364 1642 1411 Sanctis-

167 1442 282 1489 simo
316 1458 396 1507 pro
430 1441 719 1489 concessione
754 1440 976 1488 facultatis
1014 1440 1200 1505 petitae,
1243 1440 1485 1488 dummodo
1530 1440 1643 1488 fides

166 1517 403 1566 mulierum
439 1518 497 1565 sit
531 1518 577 1563 in
613 1527 731 1574 tuto,
773 1518 899 1582 ipsae
932 1516 1070 1564 libere
1103 1517 1406 1573 consentiant,
1445 1533 1497 1564 ac
1538 1533 1646 1581 pos-

167 1595 258 1642 sint
290 1594 494 1642 habitare
518 1611 619 1642 curn
645 1603 849 1658 apostata
875 1593 973 1641 sine
995 1593 1263 1640 contumelia
1285 1592 1532 1650 Creatoris3
1563 1610 1645 1640 sua

166 1672 387 1719 Sanctitas
421 1671 614 1734 benigne
654 1670 836 1734 dignata
869 1680 939 1718 est
973 1670 1154 1735 petitam
1198 1669 1449 1717 facultatem
1490 1686 1647 1717 conce-

168 1747 331 1795 dere.»

270 1843 292 1869 α
307 1824 357 1870 In
383 1823 467 1871 hac
492 1840 623 1888 porro
646 1822 987 1887 dispensatione
1010 1822 1294 1870 concedenda
1318 1822 1474 1870 sedulo
1496 1832 1654 1886 pastor

173 1900 406 1948 mulierem
440 1900 680 1948 admonere
714 1916 803 1947 non
838 1899 1014 1947 omittat
1036 1899 1092 1946 de
1116 1899 1238 1962 gravi
1266 1898 1534 1962 obligatione
1556 1916 1647 1963 qua

168 1987 341 2025 tenetur
382 1977 503 2025 omni
539 1994 623 2042 ope
657 1965 837 2033 curare,
875 1986 924 2023 ut
957 1993 1036 2041 per
1068 1976 1231 2023 bonam
1266 1974 1646 2023 conversationem

167 2071 296 2101 suam
331 2063 579 2119 apostatam
614 2071 641 2100 a
676 2063 885 2117 suscepta
919 2053 1146 2117 impietate
1181 2061 1433 2100 revocatum
1465 2051 1643 2099 Christo

170 2128 284 2177 lucri
319 2129 495 2186 facere,
535 2140 628 2176 tum
659 2140 709 2177 ut
741 2138 949 2193 suscepta
983 2128 1128 2194 proles
1158 2129 1204 2175 in
1229 2128 1512 2176 sanctissima
1544 2127 1647 2175 reli-

169 2207 303 2270 gione
338 2206 646 2253 instituatur.»
947 2269 950 2271 -
1248 2215 1253 2221 ·

267 2282 414 2338 Quum
431 2298 536 2329 vero
560 2281 605 2327 in
623 2299 710 2328 usu
728 2281 982 2328 earumdem
1001 2281 1257 2329 facultatum
1276 2281 1477 2328 nonnulli
1495 2298 1645 2329 exces-

170 2357 311 2405 serint
346 2357 650 2414 missionarii,
690 2357 796 2404 hinc
819 2356 1041 2405 Clemente
1063 2357 1182 2403 XIII.
1213 2359 1257 2403 1.
1287 2356 1474 2420 Augusti
1499 2358 1639 2403 1769.

169 2434 472 2499 approbante,
525 2452 615 2482 sac.
654 2435 936 2499 congregatio
970 2452 1007 2482 s.
1038 2434 1174 2482 officii
1209 2434 1434 2490 decrevit,
1466 2453 1488 2478 «
1523 2433 1646 2480 Serio

170 2511 495 2576 iniungendum
529 2529 630 2559 esse
662 2512 843 2559 vicariis
878 2510 1159 2576 apostolicis,
1193 2521 1242 2558 ut
1275 2527 1427 2559 omnes
1451 2519 1493 2556 et
1511 2525 1646 2573 quos—

169 2605 361 2653 cumque
394 2588 729 2645 missionarios,
769 2587 1091 2653 cuiuscumque
1133 2587 1302 2636 ordinis
1342 2596 1385 2632 et
1423 2584 1639 2640 instituti,

170 2665 302 2712 etiam
338 2666 566 2714 societatis
604 2667 733 2722 Iesu,
773 2665 849 2731 qui
885 2665 1180 2713 matrimoniis
1206 2680 1303 2711 cum
1329 2661 1644 2726 impedimento

171 2740 451 2806 disparitatis
501 2742 650 2790 cultus
702 2752 746 2790 et
795 2741 966 2808 absque
1015 2740 1349 2806 dispensatione
1402 2736 1645 2801 apostolica

174 2818 413 2866 contractis
457 2818 736 2866 interfuerint
767 2856 776 2875 ,
821 2828 895 2866 aut
936 2827 986 2865 ut
1025 2815 1341 2865 contrahantur
1378 2828 1643 2860 consensum

1551 2887 1579 2916 >ie
