1980 3260
293 232 381 279 322
595 245 674 276 Lm.
703 244 749 275 11.
778 242 891 274 sncr.
921 243 949 274 1.
981 242 1032 274 nn
1051 230 1223 274 'rornsr
1254 241 1420 275 scenas.

385 321 632 370 Dicendum
666 320 814 385 potius
848 319 1051 368 divinum
1087 318 1368 384 privilegium
1392 320 1451 369 de
1472 320 1768 374 dissolutione

291 399 484 462 coniugii
510 398 556 444 in
582 397 686 444 fidei
710 397 905 445 favorem
929 396 1215 454 reviviscere,
1244 413 1344 444 cum
1363 396 1450 444 ab
1439 396 1568 445 mitio
1589 400 1771 469 quidem

291 475 487 522 infidelis
523 473 710 522 assentit
745 473 930 558 pacifice
953 491 1055 521 cum
1079 472 1204 520 fideli
1238 474 1428 538 coniuge
1461 473 1688 523 habitare.
1719 493 1775 526 ac

292 552 389 598 sine
411 549 672 597 Creatoris
660 549 851 606 iniuria,
881 559 983 614 post
1003 566 1108 597 vero
1142 548 1324 614 aliquod
1357 549 1540 598 brevius
1577 560 1655 598 aut
1676 524 1778 598 lon·-

291 628 394 691 gius
428 637 604 691 tempus
639 626 784 689 iurgia
807 625 864 673 ob
888 625 1161 673 christianae
1184 624 1417 689 religionis
1451 626 1776 692 professionem

291 713 436 751 movet
464 741 473 758 ,
520 712 654 767 atque
693 702 911 767 impedire
945 701 1160 750 adnititur
1195 702 1372 750 fidelem
1406 703 1641 768 coniugem
1669 740 1680 761 ,
1720 720 1780 751 ne

291 779 431 827 libere
464 779 520 826 ad
555 778 756 826 eiusdem
792 777 1022 842 religionis
1058 778 1385 844 praescriptum
1419 779 1565 837 vivat3
1597 778 1780 845 aliaque

292 856 365 904 his
402 855 569 903 similia
602 855 800 921 peragit,
840 872 957 920 quae
991 873 1093 903 cum
1128 855 1342 919 religione
1385 855 1632 903 christiana
1670 872 1778 904 con-

293 932 453 981 sistere
487 926 729 997 nequeunt.
759 931 871 978 Cum
905 931 979 979 his
1014 932 1061 978 in
1096 931 1320 980 adiunctis
1356 933 1507 997 reipsa
1538 932 1780 998 patefaciat

293 1008 490 1056 infidelis
520 1025 570 1057 se
599 1007 717 1056 nolle
741 1009 838 1056 sine
862 1008 1029 1056 iniuria
1051 1007 1284 1056 christiani
1309 1009 1504 1057 nominis
1527 1026 1629 1057 cum
1654 1008 1779 1058 fideli

293 1085 573 1142 cohabitare,
614 1084 762 1133 fidelis
797 1085 957 1151 poterit
991 1086 1088 1133 iure
1122 1102 1206 1133 suo
1239 1085 1304 1133 uti
1328 1086 1447 1149 (47).

294 1224 403 1264 cepto.
420 1222 484 1255 Sed
502 1221 591 1254 istud
607 1222 676 1254 sive
690 1221 865 1254 consilium
883 1221 954 1254 sive
971 1221 1180 1263 praeceptum
1202 1220 1358 1262 perdurat
1377 1230 1437 1262 ne,
1459 1230 1502 1254 an
1522 1229 1601 1254 vero
1620 1222 1782 1255 cessavit?

296 1276 392 1307 luxta
406 1275 550 1307 Sanchez
564 1275 587 1306 l.
597 1283 627 1306 c.
638 1274 791 1308 Pontium
805 1274 863 1306 lib.
877 1275 949 1306 vn.
964 1282 994 1306 c.
1009 1277 1059 1306 48.
1072 1273 1268 1306 clericatum
1280 1273 1380 1306 decis.
1392 1275 1450 1306 xl.
1462 1274 1602 1307 cessavit
1614 1274 1658 1307 ob
1672 1274 1783 1308 diver-

295 1329 423 1361 sitatem
439 1329 623 1369 temporum
638 1336 677 1359 ac
689 1327 1020 1367 circumstantiarum,
1034 1327 1072 1359 ut
1084 1326 1131 1359 ait
1144 1326 1568 1369 s.'1·h.supp1.q.9o.al.5s.
1580 1328 1643 1361 art.
1653 1332 1682 1361 3.
1691 1327 1735 1361 ad
1746 1332 1778 1362 2.

296 1394 309 1407 ‹-
324 1380 385 1412 sed
410 1389 496 1412 nunc
514 1380 584 1421 pari
599 1388 712 1420 passu,
728 1379 861 1420 scribit,
875 1379 1044 1411 ambulant
1061 1379 1193 1420 utrique
1213 1380 1350 1421 gentiles
1365 1380 1399 1412 et
1412 1379 1539 1421 iudaei,
1554 1380 1633 1422 qnia
1647 1380 1781 1422 utrique

294 1433 450 1465 obstinati
463 1434 557 1473 sunt;
574 1434 607 1465 et
624 1432 699 1464 ideo
720 1432 783 1464 nisi
805 1441 888 1464 uxor
906 1431 1047 1465 infidelis
1067 1433 1214 1465 converti
1233 1432 1328 1474 velit,
1349 1441 1415 1465 non
1437 1433 1635 1475 permittitur
1647 1433 1784 1467 eicohs·

293 1486 415 1526 bitare,
431 1485 501 1518 sive
513 1485 555 1518 sit
570 1485 717 1527 gentilis,
738 1485 808 1518 sive
827 1484 975 1518 iudaea.»
987 1486 1039 1518 cf.
1057 1486 1156 1518 etiam
1168 1494 1202 1527 q.
1224 1490 1294 1520 110.
1306 1487 1369 1519 art.
1387 1491 1417 1519 3.
1433 1486 1474 1519 ad
1492 1491 1523 1521 3.

393 1539 515 1572 contra
529 1547 607 1571 vero
620 1538 677 1571 alii
692 1538 894 1571 contendunt
914 1538 1022 1571 adhuc
1039 1539 1234 1580 perdurare,
1252 1539 1338 1572 inter
1355 1548 1439 1580 quos
1452 1541 1598 1572 Laumea
1611 1540 1663 1573 De
1679 1537 1786 1573 mdis·

296 1592 410 1625 soluo.
431 1594 586 1625 matrim.
615 1592 701 1634 disp.
723 1594 809 1624 XVI.
833 1594 895 1624 art.
919 1594 960 1624 11.
980 1592 1141 1631 scribens:
1167 1605 1183 1621 α
1200 1592 1353 1634 Antiquis
1382 1593 1583 1634 temporibus
1607 1601 1713 1634 usque
1737 1592 1781 1625 ad

295 1654 358 1678 sec.
376 1644 496 1677 X11.id
516 1644 579 1677 fuit
601 1644 636 1676 in
658 1644 796 1677 ecclesia
817 1645 999 1685 servatum,
1018 1653 1095 1685 ergo
1115 1644 1150 1677 id
1170 1644 1268 1677 etiam
1290 1653 1378 1677 nnnc
1398 1644 1649 1677 observandum.
1671 1645 1788 1686 Neque

296 1699 380 1730 alius
406 1699 544 1738 Paulus,
568 1706 675 1739 neque
699 1697 781 1730 alias
802 1698 946 1739 pontifex
962 1697 995 1730 id
1010 1698 1194 1739 revocavit;
1213 1698 1313 1739 igitur
1332 1707 1408 1731 cum
1430 1698 1650 1739 maneatleoe,
1667 1697 1703 1730 in
1722 1705 1784 1730 suo

296 1751 412 1783 iobore
436 1750 584 1783 absolute
604 1751 654 1782 est
674 1750 910 1782 observanda.»
922 1752 1005 1783 Sane
1021 1753 1132 1783 innoc
1152 1753 1206 1782 [ll.
1222 1759 1295 1792 cap.
1314 1749 1546 1783 Gaudemus.»
1556 1750 1703 1791 Fideles,
1716 1749 1784 1791 ait,

297 1805 484 1837 huiusmodi
502 1804 786 1837 matrimonialiter
799 1805 943 1845 copulati
965 1804 1070 1837 libere
1081 1806 1230 1846 possunt
1245 1807 1280 1838 et
1294 1805 1388 1837 licite
1399 1813 1638 1847 permanere.»

393 1858 459 1899 (47)
480 1860 587 1899 Atque
609 1858 656 1891 ita
678 1858 845 1891 decretum
866 1859 916 1891 est
935 1859 970 1890 in
991 1867 1143 1899 congreg
1163 1867 1192 1891 s
1207 1858 1264 1890 off.
1279 1858 1322 1891 ad
1343 1867 1444 1900 quam
1467 1858 1596 1891 delatus
1615 1858 1667 1891 est
1688 1844 1785 1891 casus

300 1912 471 1952 insequens
486 1921 526 1944 ex
542 1912 723 1945 coccinensi
739 1912 893 1945 missione
911 1921 965 1945 an.
977 1915 1067 1945 1759.
1085 1912 1139 1945 die
1157 1916 1185 1944 1.
1196 1915 1278 1953 Aug.
1294 1911 1356 1944 sub
1371 1912 1538 1944 Clemente
1550 1912 1786 1953 X111.«Saepe

240 1978 245 1985 ›
299 1964 479 2004 contingit,
503 1965 540 1996 ut
561 1973 598 1996 ex
622 1964 750 1997 duobus
780 1964 966 1997 infidelibus
993 1965 1075 1997 alter
1103 1965 1312 1997 convertatur
1334 1964 1375 1996 ad
1396 1964 1513 2004 fidem,
1534 1964 1616 1996 alter
1636 1963 1784 1996 converti

300 2016 433 2056 quidem
449 2016 546 2056 nolit,
562 2018 745 2049 consentiat
758 2019 866 2049 tamen
882 2017 1070 2049 cohabitare
1081 2026 1157 2049 cum
1173 2017 1260 2049 fideli
1276 2018 1347 2049 sine
1362 2016 1559 2049 contumelia
1578 2016 1782 2049 creatoris...

303 2070 411 2105 Quare
428 2068 531 2100 fidelis
548 2069 711 2102 infidelem
733 2079 797 2103 non
817 2070 976 2111 dimittit,
996 2070 1051 2103 sed
1075 2070 1262 2102 cohabitare
1283 2071 1420 2111 pergunt
1442 2071 1478 2102 ut
1497 2071 1666 2112 coniuges,
1683 2070 1789 2111 idque

302 2120 349 2153 ad
373 2120 509 2162 aliquos
530 2124 634 2154 etiam
657 2131 789 2156 annos.-
811 2125 850 2155 αι
868 2125 990 2165 postea
1017 2122 1170 2163 infidelis
1197 2124 1339 2155 mutata
1364 2123 1570 2163 voluntate,
1593 2131 1658 2155 non
1678 2123 1787 2155 solum

301 2174 447 2206 converti
474 2183 539 2205 non
561 2175 650 2215 vult,
673 2177 729 2209 sed
753 2178 867 2209 tentat
889 2175 1056 2217 fidelem,
1079 2175 1137 2209 vel
1157 2175 1322 2215 discedit,
1356 2178 1426 2208 imo
1447 2176 1494 2209 ad
1521 2176 1612 2209 alias
1639 2177 1784 2218 nuptias

307 2228 469 2260 transit.»

400 2280 579 2317 Quaeritur
597 2285 624 2313 1.
641 2285 689 2313 An
709 2283 742 2314 in
760 2283 822 2315 hoc
837 2292 913 2316 casu
932 2283 1035 2325 possit
1051 2283 1149 2316 etiam
1170 2283 1276 2316 tidelis
1293 2283 1467 2316 derelictus
1482 2282 1665 2325 discedere,
1687 2284 1720 2316 et
1740 2282 1784 2315 ad

303 2334 384 2366 alias
398 2334 529 2374 nuptias
543 2334 705 2366 transire?

401 2388 497 2428 Resp.
521 2386 570 2418 Ad
597 2392 622 2418 1.
642 2389 680 2418 In
699 2396 776 2420 casu
797 2389 838 2421 de
856 2399 923 2430 quo
944 2390 1068 2431 agitur,
1090 2390 1321 2431 affirmative.

400 2439 526 2472 Deinde
540 2442 765 2481 proponuntur
784 2442 882 2474 etiam
903 2443 968 2475 alia
988 2443 1107 2484 dubia,
1129 2445 1166 2476 ut
1186 2444 1352 2485 sequitur:

402 2497 433 2525 2.
456 2495 506 2525 An
526 2493 590 2525 hoc
611 2493 815 2534 privilegium
835 2495 940 2526 solum
957 2495 1066 2527 locum
1084 2495 1223 2536 habeat,
1245 2495 1377 2537 quando
1398 2494 1539 2527 infidelis
1555 2494 1695 2527 discedit
1707 2493 1788 2526 odio

306 2546 401 2586 {idei3
429 2554 472 2578 an
493 2546 592 2578 etiam
618 2545 750 2587 qnando
778 2546 916 2579 discedit
940 2549 1071 2589 propter
1096 2549 1278 2582 discordias
1292 2573 1302 2588 ‚
1325 2548 1378 2581 vel
1408 2547 1507 2580 aliam
1527 2555 1660 2580 cansam
1679 2553 1701 2578 a
1720 2545 1785 2578 flue

306 2599 491 2632 diversam?

403 2656 432 2684 3.
456 2653 541 2684 Num
555 2643 660 2693 possit
674 2651 780 2684 tidelis
798 2652 936 2684 transire
949 2652 991 2684 ad
1006 2653 1087 2686 alias
1104 2655 1254 2696 nuptias,
1270 2652 1403 2695 quando
1421 2651 1561 2685 infidelis
1577 2658 1786 2693 quacumque

306 2704 348 2737 de
364 2712 463 2737 causa
478 2704 520 2737 ab
535 2713 574 2737 eo
588 2704 753 2746 discessit,
774 2712 834 2737 nec
848 2705 924 2737 sciri
942 2706 1063 2747 possit,
1080 2707 1172 2740 vivat
1187 2707 1295 2740 adbuc
1305 2708 1428 2739 necne?

404 2761 434 2791 4.
458 2761 507 2790 An
525 2757 648 2798 fidelis,
668 2758 726 2799 qui
744 2766 782 2790 ex
803 2757 1041 2799 dispensatione
1062 2760 1172 2792 valide
1191 2759 1357 2792 contraxit
1377 2757 1623 2791 matrimonium
1641 2765 1718 2790 cum
1735 2757 1785 2790 in-

309 2809 407 2842 fideli·
420 2810 559 2843 transire
572 2810 676 2852 possit
686 2809 728 2843 ad
741 2810 822 2843 alias
835 2810 985 2852 nuptias,
1007 2811 1035 2843 si
1057 2811 1197 2846 infidelis
1219 2811 1383 2852 discedat,
1398 2810 1452 2845 vel
1474 2810 1662 2844 cohabitare
1681 2808 1786 2850 nolit,

307 2862 364 2895 vel
384 2871 455 2896 eam
477 2863 645 2904 pertrahat
665 2862 707 2896 ad
729 2863 866 2896 mortale
886 2864 1081 2904 peccatum?
