<?xml version="1.0" encoding="UTF-8"?>
<!DOCTYPE html PUBLIC "-//W3C//DTD XHTML 1.0 Transitional//EN"
    "http://www.w3.org/TR/xhtml1/DTD/xhtml1-transitional.dtd">
<html xmlns="http://www.w3.org/1999/xhtml" xml:lang="en" lang="en">
 <head>
  <title>
</title>
<meta http-equiv="Content-Type" content="text/html;charset=utf-8" />
  <meta name='ocr-system' content='tesseract 3.04.00' />
  <meta name='ocr-capabilities' content='ocr_page ocr_carea ocr_par ocr_line ocrx_word'/>
</head>
<body>
  <div class='ocr_page' id='page_1' title='image "a603380702perruoft_0317.png"; bbox 0 0 1980 3260; ppageno 0'>
   <div class='ocr_carea' id='block_1_1' title="bbox 261 241 1671 290">
    <p class='ocr_par' dir='ltr' id='par_1_1' title="bbox 261 241 1671 290">
     <span class='ocr_line' id='line_1_1' title="bbox 261 241 1671 290; baseline 0.001 -4"><span class='ocrx_word' id='word_1_1' title='bbox 261 252 352 286; x_wconf 65' lang='lat' dir='ltr'>cn).</span> <span class='ocrx_word' id='word_1_2' title='bbox 371 252 444 286; x_wconf 88' lang='lat' dir='ltr'>vn.</span> <span class='ocrx_word' id='word_1_3' title='bbox 463 254 515 286; x_wconf 81' lang='lat' dir='ltr'>nn</span> <span class='ocrx_word' id='word_1_4' title='bbox 534 255 659 287; x_wconf 76' lang='lat' dir='ltr'><strong>MATR.</strong></span> <span class='ocrx_word' id='word_1_5' title='bbox 679 255 807 288; x_wconf 78' lang='lat' dir='ltr'>mrin.</span> <span class='ocrx_word' id='word_1_6' title='bbox 824 255 909 289; x_wconf 72' lang='lat' dir='ltr'>cun</span> <span class='ocrx_word' id='word_1_7' title='bbox 929 255 1517 290; x_wconf 61' lang='lat' dir='ltr'>rinni..vi:1.1nr.sn.inr.11.</span> <span class='ocrx_word' id='word_1_8' title='bbox 1580 241 1671 288; x_wconf 84' lang='lat'>313</span> 
     </span>
    </p>
   </div>
   <div class='ocr_carea' id='block_1_2' title="bbox 187 329 1681 2003">
    <p class='ocr_par' dir='ltr' id='par_1_2' title="bbox 187 329 1681 2003">
     <span class='ocr_line' id='line_1_2' title="bbox 198 329 1668 401; baseline 0.002 -23"><span class='ocrx_word' id='word_1_9' title='bbox 198 329 399 394; x_wconf 87' lang='lat' dir='ltr'>logorum</span> <span class='ocrx_word' id='word_1_10' title='bbox 413 332 678 381; x_wconf 82' lang='lat' dir='ltr'>Benedictus</span> <span class='ocrx_word' id='word_1_11' title='bbox 695 334 804 380; x_wconf 88' lang='lat' dir='ltr'>XIV.</span> <span class='ocrx_word' id='word_1_12' title='bbox 822 334 1001 382; x_wconf 84' lang='lat' dir='ltr'>innixus</span> <span class='ocrx_word' id='word_1_13' title='bbox 1019 334 1110 383; x_wconf 90' lang='lat' dir='ltr'>illis</span> <span class='ocrx_word' id='word_1_14' title='bbox 1126 334 1325 401; x_wconf 85' lang='lat' dir='ltr'>Apostoli</span> <span class='ocrx_word' id='word_1_15' title='bbox 1343 334 1491 383; x_wconf 83' lang='lat' dir='ltr'>verbis</span> <span class='ocrx_word' id='word_1_16' title='bbox 1510 335 1534 381; x_wconf 92' lang='lat'>1</span> <span class='ocrx_word' id='word_1_17' title='bbox 1547 373 1555 381; x_wconf 94' lang='lat'><strong>.</strong></span> <span class='ocrx_word' id='word_1_18' title='bbox 1567 334 1668 383; x_wconf 87' lang='lat' dir='ltr'>Cor.</span> 
     </span>
     <span class='ocr_line' id='line_1_3' title="bbox 194 407 1674 469; baseline 0.003 -14"><span class='ocrx_word' id='word_1_19' title='bbox 194 407 288 455; x_wconf 87' lang='lat' dir='ltr'>Vll.</span> <span class='ocrx_word' id='word_1_20' title='bbox 314 411 390 456; x_wconf 79' lang='lat'>15.</span> <span class='ocrx_word' id='word_1_21' title='bbox 412 410 582 467; x_wconf 88' lang='lat' dir='ltr'>«Quod</span> <span class='ocrx_word' id='word_1_22' title='bbox 610 410 649 458; x_wconf 93' lang='lat' dir='ltr'>si</span> <span class='ocrx_word' id='word_1_23' title='bbox 685 410 880 459; x_wconf 91' lang='lat' dir='ltr'>infidelis</span> <span class='ocrx_word' id='word_1_24' title='bbox 915 411 1128 469; x_wconf 82' lang='lat' dir='ltr'><strong>discedit,</strong></span> <span class='ocrx_word' id='word_1_25' title='bbox 1167 412 1394 469; x_wconf 89' lang='lat' dir='ltr'>discedat,</span> <span class='ocrx_word' id='word_1_26' title='bbox 1431 429 1520 460; x_wconf 93' lang='lat' dir='ltr'>non</span> <span class='ocrx_word' id='word_1_27' title='bbox 1554 411 1674 460; x_wconf 89' lang='lat' dir='ltr'>enim</span> 
     </span>
     <span class='ocr_line' id='line_1_4' title="bbox 195 485 1674 546; baseline 0.001 -13"><span class='ocrx_word' id='word_1_28' title='bbox 195 485 399 534; x_wconf 87' lang='lat' dir='ltr'>servituti</span> <span class='ocrx_word' id='word_1_29' title='bbox 430 486 658 535; x_wconf 87' lang='lat' dir='ltr'>subiectus</span> <span class='ocrx_word' id='word_1_30' title='bbox 682 498 752 535; x_wconf 90' lang='lat' dir='ltr'>est</span> <span class='ocrx_word' id='word_1_31' title='bbox 780 487 937 546; x_wconf 85' lang='lat' dir='ltr'>frater,</span> <span class='ocrx_word' id='word_1_32' title='bbox 977 499 1055 537; x_wconf 89' lang='lat' dir='ltr'>aut</span> <span class='ocrx_word' id='word_1_33' title='bbox 1087 506 1214 537; x_wconf 90' lang='lat' dir='ltr'>soror</span> <span class='ocrx_word' id='word_1_34' title='bbox 1240 489 1287 535; x_wconf 89' lang='lat' dir='ltr'>in</span> <span class='ocrx_word' id='word_1_35' title='bbox 1316 488 1589 546; x_wconf 87' lang='lat' dir='ltr'>huiusmodi,</span> <span class='ocrx_word' id='word_1_36' title='bbox 1627 488 1674 536; x_wconf 90' lang='lat' dir='ltr'>in</span> 
     </span>
     <span class='ocr_line' id='line_1_5' title="bbox 195 564 1648 630; baseline 0 -19"><span class='ocrx_word' id='word_1_37' title='bbox 195 579 353 627; x_wconf 88' lang='lat' dir='ltr'>pacem</span> <span class='ocrx_word' id='word_1_38' title='bbox 381 573 530 610; x_wconf 89' lang='lat' dir='ltr'>autem</span> <span class='ocrx_word' id='word_1_39' title='bbox 563 564 738 612; x_wconf 85' lang='lat' dir='ltr'>vocavit</span> <span class='ocrx_word' id='word_1_40' title='bbox 773 582 854 612; x_wconf 92' lang='lat' dir='ltr'>nos</span> <span class='ocrx_word' id='word_1_41' title='bbox 884 565 1005 614; x_wconf 90' lang='lat' dir='ltr'>Deus</span> <span class='ocrx_word' id='word_1_42' title='bbox 1039 566 1189 628; x_wconf 84' lang='lat'><strong>(30).»</strong></span> <span class='ocrx_word' id='word_1_43' title='bbox 1644 627 1648 630; x_wconf 13' lang='grc' dir='ltr'><strong><em>ἢ</em></strong></span> 
     </span>
     <span class='ocr_line' id='line_1_6' title="bbox 290 639 1675 698; baseline 0.002 -13"><span class='ocrx_word' id='word_1_44' title='bbox 290 639 450 686; x_wconf 84' lang='lat' dir='ltr'>Verum</span> <span class='ocrx_word' id='word_1_45' title='bbox 478 656 579 686; x_wconf 93' lang='lat' dir='ltr'>cum</span> <span class='ocrx_word' id='word_1_46' title='bbox 614 657 667 687; x_wconf 87' lang='lat' dir='ltr'>ex</span> <span class='ocrx_word' id='word_1_47' title='bbox 694 640 790 687; x_wconf 87' lang='lat' dir='ltr'>iure</span> <span class='ocrx_word' id='word_1_48' title='bbox 825 642 1040 689; x_wconf 88' lang='lat' dir='ltr'>canonico</span> <span class='ocrx_word' id='word_1_49' title='bbox 1074 640 1363 689; x_wconf 89' lang='lat' dir='ltr'>constitutum</span> <span class='ocrx_word' id='word_1_50' title='bbox 1387 640 1474 698; x_wconf 91' lang='lat' dir='ltr'>sit,</span> <span class='ocrx_word' id='word_1_51' title='bbox 1501 649 1550 687; x_wconf 95' lang='lat' dir='ltr'>ut</span> <span class='ocrx_word' id='word_1_52' title='bbox 1572 650 1675 688; x_wconf 88' lang='lat' dir='ltr'>ante</span> 
     </span>
     <span class='ocr_line' id='line_1_7' title="bbox 192 714 1676 783; baseline 0.003 -22"><span class='ocrx_word' id='word_1_53' title='bbox 192 714 535 763; x_wconf 83' lang='lat' dir='ltr'><strong>dissolutionem</strong></span> <span class='ocrx_word' id='word_1_54' title='bbox 571 716 869 780; x_wconf 80' lang='lat' dir='ltr'>interpellatio</span> <span class='ocrx_word' id='word_1_55' title='bbox 903 717 981 765; x_wconf 92' lang='lat' dir='ltr'>fiat</span> <span class='ocrx_word' id='word_1_56' title='bbox 1015 735 1041 765; x_wconf 87' lang='lat' dir='ltr'>a</span> <span class='ocrx_word' id='word_1_57' title='bbox 1075 727 1202 783; x_wconf 91' lang='lat' dir='ltr'>parte</span> <span class='ocrx_word' id='word_1_58' title='bbox 1236 716 1392 774; x_wconf 87' lang='lat' dir='ltr'>fideli,</span> <span class='ocrx_word' id='word_1_59' title='bbox 1429 734 1536 764; x_wconf 91' lang='lat' dir='ltr'>num</span> <span class='ocrx_word' id='word_1_60' title='bbox 1569 716 1676 765; x_wconf 85' lang='lat' dir='ltr'>velit</span> 
     </span>
     <span class='ocr_line' id='line_1_8' title="bbox 191 788 1675 849; baseline 0.001 -12"><span class='ocrx_word' id='word_1_61' title='bbox 191 789 354 837; x_wconf 85' lang='lat' dir='ltr'>coniux</span> <span class='ocrx_word' id='word_1_62' title='bbox 392 788 590 838; x_wconf 89' lang='lat' dir='ltr'>infidelis</span> <span class='ocrx_word' id='word_1_63' title='bbox 626 790 683 838; x_wconf 91' lang='lat' dir='ltr'>ad</span> <span class='ocrx_word' id='word_1_64' title='bbox 719 791 885 839; x_wconf 87' lang='lat' dir='ltr'>Christi</span> <span class='ocrx_word' id='word_1_65' title='bbox 921 792 1055 840; x_wconf 90' lang='lat' dir='ltr'>fidem</span> <span class='ocrx_word' id='word_1_66' title='bbox 1090 793 1314 849; x_wconf 87' lang='lat' dir='ltr'>converti,</span> <span class='ocrx_word' id='word_1_67' title='bbox 1353 809 1405 840; x_wconf 89' lang='lat' dir='ltr'>ac</span> <span class='ocrx_word' id='word_1_68' title='bbox 1439 792 1537 840; x_wconf 90' lang='lat' dir='ltr'>sine</span> <span class='ocrx_word' id='word_1_69' title='bbox 1568 809 1675 841; x_wconf 93' lang='lat' dir='ltr'>con-</span> 
     </span>
     <span class='ocr_line' id='line_1_9' title="bbox 191 864 1676 932; baseline 0.001 -19"><span class='ocrx_word' id='word_1_70' title='bbox 191 864 374 913; x_wconf 90' lang='lat' dir='ltr'>tumelia</span> <span class='ocrx_word' id='word_1_71' title='bbox 408 865 633 914; x_wconf 86' lang='lat' dir='ltr'>Creatoris</span> <span class='ocrx_word' id='word_1_72' title='bbox 677 883 830 914; x_wconf 91' lang='lat' dir='ltr'>secum</span> <span class='ocrx_word' id='word_1_73' title='bbox 876 867 1157 924; x_wconf 84' lang='lat' dir='ltr'>cohabitare,</span> <span class='ocrx_word' id='word_1_74' title='bbox 1196 867 1281 915; x_wconf 86' lang='lat' dir='ltr'>hac</span> <span class='ocrx_word' id='word_1_75' title='bbox 1322 867 1676 932; x_wconf 86' lang='lat' dir='ltr'>interpellatione</span> 
     </span>
     <span class='ocr_line' id='line_1_10' title="bbox 191 933 1676 1008; baseline 0.002 -19"><span class='ocrx_word' id='word_1_76' title='bbox 191 940 281 990; x_wconf 88' lang='lat' dir='ltr'>non</span> <span class='ocrx_word' id='word_1_77' title='bbox 315 941 606 1007; x_wconf 86' lang='lat' dir='ltr'>interposita,</span> <span class='ocrx_word' id='word_1_78' title='bbox 637 943 792 1008; x_wconf 91' lang='lat' dir='ltr'>nequit</span> <span class='ocrx_word' id='word_1_79' title='bbox 826 942 973 991; x_wconf 89' lang='lat' dir='ltr'>fidelis</span> <span class='ocrx_word' id='word_1_80' title='bbox 1009 960 1147 991; x_wconf 85' lang='lat' dir='ltr'>novas</span> <span class='ocrx_word' id='word_1_81' title='bbox 1171 943 1286 990; x_wconf 90' lang='lat' dir='ltr'>inire</span> <span class='ocrx_word' id='word_1_82' title='bbox 1309 933 1517 1008; x_wconf 85' lang='lat' dir='ltr'>nuptias,</span> <span class='ocrx_word' id='word_1_83' title='bbox 1545 953 1676 1008; x_wconf 87' lang='lat' dir='ltr'>prout</span> 
     </span>
     <span class='ocr_line' id='line_1_11' title="bbox 191 1018 1674 1097; baseline 0.001 -31"><span class='ocrx_word' id='word_1_84' title='bbox 191 1018 403 1097; x_wconf 84' lang='lat' dir='ltr'>episcopo</span> <span class='ocrx_word' id='word_1_85' title='bbox 437 1019 523 1067; x_wconf 84' lang='lat' dir='ltr'>hac</span> <span class='ocrx_word' id='word_1_86' title='bbox 551 1019 607 1067; x_wconf 93' lang='lat' dir='ltr'>de</span> <span class='ocrx_word' id='word_1_87' title='bbox 635 1037 683 1067; x_wconf 93' lang='lat' dir='ltr'>re</span> <span class='ocrx_word' id='word_1_88' title='bbox 717 1019 963 1068; x_wconf 84' lang='lat' dir='ltr'>sciscitanti</span> <span class='ocrx_word' id='word_1_89' title='bbox 998 1037 1262 1085; x_wconf 89' lang='lat' dir='ltr'>responsum</span> <span class='ocrx_word' id='word_1_90' title='bbox 1296 1030 1365 1068; x_wconf 89' lang='lat' dir='ltr'>est</span> <span class='ocrx_word' id='word_1_91' title='bbox 1395 1036 1423 1067; x_wconf 83' lang='lat' dir='ltr'>a</span> <span class='ocrx_word' id='word_1_92' title='bbox 1455 1035 1549 1068; x_wconf 89' lang='lat' dir='ltr'>sac.</span> <span class='ocrx_word' id='word_1_93' title='bbox 1573 1036 1674 1068; x_wconf 92' lang='lat' dir='ltr'>con-</span> 
     </span>
     <span class='ocr_line' id='line_1_12' title="bbox 193 1087 1674 1160; baseline 0.002 -18"><span class='ocrx_word' id='word_1_94' title='bbox 193 1112 316 1160; x_wconf 87' lang='lat' dir='ltr'>greg</span> <span class='ocrx_word' id='word_1_95' title='bbox 354 1095 533 1144; x_wconf 92' lang='lat' dir='ltr'>concilii</span> <span class='ocrx_word' id='word_1_96' title='bbox 567 1096 639 1144; x_wconf 93' lang='lat' dir='ltr'>die</span> <span class='ocrx_word' id='word_1_97' title='bbox 674 1097 874 1144; x_wconf 83' lang='lat' dir='ltr'>23.1an.</span> <span class='ocrx_word' id='word_1_98' title='bbox 905 1113 978 1143; x_wconf 92' lang='lat' dir='ltr'>an.</span> <span class='ocrx_word' id='word_1_99' title='bbox 1011 1097 1152 1143; x_wconf 89' lang='grc'><strong>1603.</strong></span> <span class='ocrx_word' id='word_1_100' title='bbox 1186 1097 1360 1144; x_wconf 85' lang='lat' dir='ltr'>«Sacra</span> <span class='ocrx_word' id='word_1_101' title='bbox 1390 1087 1674 1160; x_wconf 85' lang='lat' dir='ltr'>congregatio</span> 
     </span>
     <span class='ocr_line' id='line_1_13' title="bbox 192 1171 1677 1238; baseline 0 -18"><span class='ocrx_word' id='word_1_102' title='bbox 192 1172 368 1220; x_wconf 90' lang='lat' dir='ltr'>censuit</span> <span class='ocrx_word' id='word_1_103' title='bbox 397 1172 459 1220; x_wconf 87' lang='lat' dir='ltr'>ita</span> <span class='ocrx_word' id='word_1_104' title='bbox 485 1172 874 1238; x_wconf 88' lang='lat' dir='ltr'>respondendum,</span> <span class='ocrx_word' id='word_1_105' title='bbox 901 1173 1076 1220; x_wconf 80' lang='lat' dir='ltr'>minime</span> <span class='ocrx_word' id='word_1_106' title='bbox 1101 1189 1228 1237; x_wconf 80' lang='lat' dir='ltr'>posse</span> <span class='ocrx_word' id='word_1_107' title='bbox 1255 1171 1502 1238; x_wconf 79' lang='lat' dir='ltr'>praedictos</span> <span class='ocrx_word' id='word_1_108' title='bbox 1527 1172 1586 1220; x_wconf 80' lang='lat' dir='ltr'>ad</span> <span class='ocrx_word' id='word_1_109' title='bbox 1607 1190 1677 1221; x_wconf 84' lang='lat' dir='ltr'>ve-</span> 
     </span>
     <span class='ocr_line' id='line_1_14' title="bbox 189 1250 1676 1315; baseline -0.001 -17"><span class='ocrx_word' id='word_1_110' title='bbox 189 1267 288 1298; x_wconf 86' lang='lat' dir='ltr'>ram</span> <span class='ocrx_word' id='word_1_111' title='bbox 308 1250 436 1315; x_wconf 80' lang='lat' dir='ltr'>fidem</span> <span class='ocrx_word' id='word_1_112' title='bbox 459 1268 680 1298; x_wconf 77' lang='lat' dir='ltr'>conversos</span> <span class='ocrx_word' id='word_1_113' title='bbox 713 1252 904 1315; x_wconf 76' lang='lat' dir='ltr'>accipere</span> <span class='ocrx_word' id='word_1_114' title='bbox 927 1251 1042 1298; x_wconf 78' lang='lat' dir='ltr'>alias</span> <span class='ocrx_word' id='word_1_115' title='bbox 1064 1250 1210 1315; x_wconf 83' lang='lat' dir='ltr'>fideles</span> <span class='ocrx_word' id='word_1_116' title='bbox 1233 1267 1413 1306; x_wconf 70' lang='lat' dir='ltr'>umores,</span> <span class='ocrx_word' id='word_1_117' title='bbox 1440 1251 1533 1297; x_wconf 77' lang='lat' dir='ltr'>nisi</span> <span class='ocrx_word' id='word_1_118' title='bbox 1546 1251 1676 1315; x_wconf 75' lang='lat' dir='ltr'>prius</span> 
     </span>
     <span class='ocr_line' id='line_1_15' title="bbox 189 1319 1681 1391; baseline 0.001 -18"><span class='ocrx_word' id='word_1_119' title='bbox 189 1327 428 1374; x_wconf 75' lang='lat' dir='ltr'>constiterit</span> <span class='ocrx_word' id='word_1_120' title='bbox 465 1337 612 1374; x_wconf 78' lang='lat' dir='ltr'>utrum</span> <span class='ocrx_word' id='word_1_121' title='bbox 651 1329 820 1391; x_wconf 76' lang='lat' dir='ltr'>primae</span> <span class='ocrx_word' id='word_1_122' title='bbox 854 1319 1070 1374; x_wconf 66' lang='lat' dir='ltr'>voluerint</span> <span class='ocrx_word' id='word_1_123' title='bbox 1102 1343 1199 1374; x_wconf 81' lang='lat' dir='ltr'>cum</span> <span class='ocrx_word' id='word_1_124' title='bbox 1232 1327 1293 1373; x_wconf 71' lang='lat' dir='ltr'>eis</span> <span class='ocrx_word' id='word_1_125' title='bbox 1322 1343 1573 1391; x_wconf 80' lang='lat' dir='ltr'>permanere</span> <span class='ocrx_word' id='word_1_126' title='bbox 1606 1326 1681 1374; x_wconf 82' lang='lat' dir='ltr'>vel</span> 
     </span>
     <span class='ocr_line' id='line_1_16' title="bbox 187 1403 1675 1462; baseline 0 -11"><span class='ocrx_word' id='word_1_127' title='bbox 187 1421 289 1452; x_wconf 78' lang='lat' dir='ltr'>non.</span> <span class='ocrx_word' id='word_1_128' title='bbox 313 1403 443 1460; x_wconf 87' lang='lat' dir='ltr'>Quod</span> <span class='ocrx_word' id='word_1_129' title='bbox 478 1405 517 1452; x_wconf 92' lang='lat' dir='ltr'>si</span> <span class='ocrx_word' id='word_1_130' title='bbox 553 1405 778 1452; x_wconf 92' lang='lat' dir='ltr'>noluerint</span> <span class='ocrx_word' id='word_1_131' title='bbox 811 1404 1094 1461; x_wconf 84' lang='lat' dir='ltr'>cohabitare,</span> <span class='ocrx_word' id='word_1_132' title='bbox 1122 1403 1192 1453; x_wconf 83' lang='lat' dir='ltr'>vel</span> <span class='ocrx_word' id='word_1_133' title='bbox 1228 1404 1267 1452; x_wconf 93' lang='lat' dir='ltr'>si</span> <span class='ocrx_word' id='word_1_134' title='bbox 1294 1404 1543 1462; x_wconf 80' lang='lat' dir='ltr'>voluerint,</span> <span class='ocrx_word' id='word_1_135' title='bbox 1586 1420 1675 1453; x_wconf 91' lang='lat' dir='ltr'>non</span> 
     </span>
     <span class='ocr_line' id='line_1_17' title="bbox 189 1472 1674 1547; baseline -0.001 -18"><span class='ocrx_word' id='word_1_136' title='bbox 189 1491 336 1529; x_wconf 85' lang='lat' dir='ltr'>tamen</span> <span class='ocrx_word' id='word_1_137' title='bbox 371 1476 545 1547; x_wconf 85' lang='lat' dir='ltr'>absque</span> <span class='ocrx_word' id='word_1_138' title='bbox 579 1481 849 1530; x_wconf 91' lang='lat' dir='ltr'>contumelia</span> <span class='ocrx_word' id='word_1_139' title='bbox 882 1481 1102 1528; x_wconf 83' lang='lat' dir='ltr'>Creatoris</span> <span class='ocrx_word' id='word_1_140' title='bbox 1121 1518 1131 1538; x_wconf 95' lang='lat'>,</span> <span class='ocrx_word' id='word_1_141' title='bbox 1163 1472 1232 1528; x_wconf 60' lang='lat' dir='ltr'>vel</span> <span class='ocrx_word' id='word_1_142' title='bbox 1261 1491 1311 1528; x_wconf 88' lang='lat' dir='ltr'>ut</span> <span class='ocrx_word' id='word_1_143' title='bbox 1339 1496 1578 1529; x_wconf 85' lang='lat' dir='ltr'>conversos</span> <span class='ocrx_word' id='word_1_144' title='bbox 1615 1480 1674 1529; x_wconf 85' lang='lat' dir='ltr'>ad</span> 
     </span>
     <span class='ocr_line' id='line_1_18' title="bbox 188 1556 1674 1623; baseline 0.001 -19"><span class='ocrx_word' id='word_1_145' title='bbox 188 1557 374 1606; x_wconf 88' lang='lat' dir='ltr'>mortale</span> <span class='ocrx_word' id='word_1_146' title='bbox 392 1556 631 1623; x_wconf 42' lang='lat' dir='ltr'>‘peccatum</span> <span class='ocrx_word' id='word_1_147' title='bbox 666 1557 949 1623; x_wconf 86' lang='lat' dir='ltr'>pertrahant,</span> <span class='ocrx_word' id='word_1_148' title='bbox 989 1567 1094 1605; x_wconf 91' lang='lat' dir='ltr'>tunc</span> <span class='ocrx_word' id='word_1_149' title='bbox 1122 1573 1257 1622; x_wconf 90' lang='lat' dir='ltr'>posse</span> <span class='ocrx_word' id='word_1_150' title='bbox 1280 1556 1392 1605; x_wconf 90' lang='lat' dir='ltr'>alias</span> <span class='ocrx_word' id='word_1_151' title='bbox 1417 1556 1573 1605; x_wconf 89' lang='lat' dir='ltr'>fideles</span> <span class='ocrx_word' id='word_1_152' title='bbox 1599 1574 1674 1605; x_wconf 87' lang='lat' dir='ltr'>ac-</span> 
     </span>
     <span class='ocr_line' id='line_1_19' title="bbox 190 1631 1672 1698; baseline -0.001 -17"><span class='ocrx_word' id='word_1_153' title='bbox 190 1633 340 1698; x_wconf 88' lang='lat' dir='ltr'>cipere</span> <span class='ocrx_word' id='word_1_154' title='bbox 367 1631 545 1682; x_wconf 72' lang='lat' dir='ltr'>uxores.</span> <span class='ocrx_word' id='word_1_155' title='bbox 574 1633 620 1680; x_wconf 92' lang='lat' dir='ltr'>Si</span> <span class='ocrx_word' id='word_1_156' title='bbox 656 1632 913 1681; x_wconf 88' lang='lat' dir='ltr'>cohabitare</span> <span class='ocrx_word' id='word_1_157' title='bbox 949 1632 1121 1698; x_wconf 85' lang='lat' dir='ltr'>absque</span> <span class='ocrx_word' id='word_1_158' title='bbox 1148 1631 1369 1681; x_wconf 89' lang='lat' dir='ltr'>Creatoris</span> <span class='ocrx_word' id='word_1_159' title='bbox 1403 1633 1672 1681; x_wconf 90' lang='lat' dir='ltr'>contumelia</span> 
     </span>
     <span class='ocr_line' id='line_1_20' title="bbox 188 1708 1672 1776; baseline 0 -18"><span class='ocrx_word' id='word_1_160' title='bbox 188 1708 349 1767; x_wconf 84' lang='lat' dir='ltr'>velint,</span> <span class='ocrx_word' id='word_1_161' title='bbox 371 1719 416 1757; x_wconf 92' lang='lat' dir='ltr'>et</span> <span class='ocrx_word' id='word_1_162' title='bbox 438 1709 611 1776; x_wconf 89' lang='lat' dir='ltr'>absque</span> <span class='ocrx_word' id='word_1_163' title='bbox 634 1727 686 1757; x_wconf 90' lang='lat' dir='ltr'>eo</span> <span class='ocrx_word' id='word_1_164' title='bbox 710 1709 830 1775; x_wconf 91' lang='lat' dir='ltr'>quod</span> <span class='ocrx_word' id='word_1_165' title='bbox 859 1726 1098 1758; x_wconf 86' lang='lat' dir='ltr'>conversos</span> <span class='ocrx_word' id='word_1_166' title='bbox 1133 1710 1190 1757; x_wconf 89' lang='lat' dir='ltr'>ad</span> <span class='ocrx_word' id='word_1_167' title='bbox 1223 1709 1406 1758; x_wconf 89' lang='lat' dir='ltr'>mortale</span> <span class='ocrx_word' id='word_1_168' title='bbox 1441 1719 1672 1775; x_wconf 89' lang='lat' dir='ltr'>peccatum</span> 
     </span>
     <span class='ocr_line' id='line_1_21' title="bbox 189 1786 1668 1851; baseline -0.001 -17"><span class='ocrx_word' id='word_1_169' title='bbox 189 1786 450 1851; x_wconf 86' lang='lat' dir='ltr'>pertrahant</span> <span class='ocrx_word' id='word_1_170' title='bbox 471 1824 481 1843; x_wconf 92' lang='lat'>‚</span> <span class='ocrx_word' id='word_1_171' title='bbox 522 1786 730 1851; x_wconf 83' lang='lat' dir='ltr'>quamvis</span> <span class='ocrx_word' id='word_1_172' title='bbox 766 1803 916 1835; x_wconf 82' lang='lat' dir='ltr'>veram</span> <span class='ocrx_word' id='word_1_173' title='bbox 953 1803 1195 1849; x_wconf 81' lang='lat' dir='ltr'>agnoscere</span> <span class='ocrx_word' id='word_1_174' title='bbox 1240 1786 1375 1834; x_wconf 87' lang='lat' dir='ltr'>fidem</span> <span class='ocrx_word' id='word_1_175' title='bbox 1414 1786 1668 1844; x_wconf 87' lang='lat' dir='ltr'>noluerint,</span> 
     </span>
     <span class='ocr_line' id='line_1_22' title="bbox 190 1861 1673 1927; baseline 0 -18"><span class='ocrx_word' id='word_1_176' title='bbox 190 1878 279 1910; x_wconf 91' lang='lat' dir='ltr'>non</span> <span class='ocrx_word' id='word_1_177' title='bbox 314 1879 450 1927; x_wconf 90' lang='lat' dir='ltr'>posse</span> <span class='ocrx_word' id='word_1_178' title='bbox 494 1878 734 1910; x_wconf 86' lang='lat' dir='ltr'>conversos</span> <span class='ocrx_word' id='word_1_179' title='bbox 776 1861 888 1909; x_wconf 88' lang='lat' dir='ltr'>alias</span> <span class='ocrx_word' id='word_1_180' title='bbox 926 1861 1082 1910; x_wconf 90' lang='lat' dir='ltr'>fideles</span> <span class='ocrx_word' id='word_1_181' title='bbox 1123 1862 1325 1927; x_wconf 85' lang='lat' dir='ltr'>accipere</span> <span class='ocrx_word' id='word_1_182' title='bbox 1360 1880 1536 1911; x_wconf 82' lang='lat' dir='ltr'>uxores.</span> <span class='ocrx_word' id='word_1_183' title='bbox 1576 1863 1673 1910; x_wconf 88' lang='lat' dir='ltr'>Non</span> 
     </span>
     <span class='ocr_line' id='line_1_23' title="bbox 190 1935 1664 2003; baseline 0 -18"><span class='ocrx_word' id='word_1_184' title='bbox 190 1935 400 1986; x_wconf 81' lang='lat' dir='ltr'>sufficere</span> <span class='ocrx_word' id='word_1_185' title='bbox 433 1955 486 1986; x_wconf 92' lang='lat' dir='ltr'>ea</span> <span class='ocrx_word' id='word_1_186' title='bbox 505 1976 515 1996; x_wconf 95' lang='lat'>,</span> <span class='ocrx_word' id='word_1_187' title='bbox 553 1955 670 2003; x_wconf 88' lang='lat' dir='ltr'>quae</span> <span class='ocrx_word' id='word_1_188' title='bbox 702 1947 1036 2003; x_wconf 86' lang='lat' dir='ltr'>proponuntur,</span> <span class='ocrx_word' id='word_1_189' title='bbox 1070 1955 1229 2003; x_wconf 90' lang='lat' dir='ltr'>nempe</span> <span class='ocrx_word' id='word_1_190' title='bbox 1261 1938 1348 1987; x_wconf 90' lang='lat' dir='ltr'>loci</span> <span class='ocrx_word' id='word_1_191' title='bbox 1383 1938 1664 1995; x_wconf 82' lang='lat' dir='ltr'>distantiam,</span> 
     </span>
    </p>
   </div>
   <div class='ocr_carea' id='block_1_3' title="bbox 188 2133 1729 2918">
    <p class='ocr_par' dir='ltr' id='par_1_3' title="bbox 188 2133 1729 2918">
     <span class='ocr_line' id='line_1_24' title="bbox 286 2133 1729 2176; baseline -0.001 -8"><span class='ocrx_word' id='word_1_192' title='bbox 286 2134 355 2176; x_wconf 82' lang='grc' dir='ltr'><strong>(3ο)</strong></span> <span class='ocrx_word' id='word_1_193' title='bbox 377 2136 428 2167; x_wconf 84' lang='lat' dir='ltr'>De</span> <span class='ocrx_word' id='word_1_194' title='bbox 441 2142 515 2176; x_wconf 74' lang='lat' dir='ltr'>syn.</span> <span class='ocrx_word' id='word_1_195' title='bbox 528 2134 652 2167; x_wconf 84' lang='lat' dir='ltr'>lib.V1.</span> <span class='ocrx_word' id='word_1_196' title='bbox 667 2143 696 2167; x_wconf 90' lang='lat' dir='ltr'>c.</span> <span class='ocrx_word' id='word_1_197' title='bbox 709 2135 765 2167; x_wconf 86' lang='lat' dir='ltr'>lv.</span> <span class='ocrx_word' id='word_1_198' title='bbox 777 2142 811 2167; x_wconf 90' lang='lat' dir='ltr'>n.</span> <span class='ocrx_word' id='word_1_199' title='bbox 827 2138 858 2167; x_wconf 83' lang='grc'>3.</span> <span class='ocrx_word' id='word_1_200' title='bbox 874 2134 907 2167; x_wconf 91' lang='lat' dir='ltr'>et</span> <span class='ocrx_word' id='word_1_201' title='bbox 921 2134 978 2167; x_wconf 89' lang='lat' dir='ltr'>lib.</span> <span class='ocrx_word' id='word_1_202' title='bbox 993 2135 1082 2167; x_wconf 86' lang='lat' dir='ltr'><strong>XIII.</strong></span> <span class='ocrx_word' id='word_1_203' title='bbox 1097 2143 1167 2176; x_wconf 86' lang='lat' dir='ltr'>cap.</span> <span class='ocrx_word' id='word_1_204' title='bbox 1182 2135 1267 2167; x_wconf 83' lang='lat' dir='ltr'><strong>XXI.</strong></span> <span class='ocrx_word' id='word_1_205' title='bbox 1282 2135 1388 2176; x_wconf 82' lang='lat' dir='ltr'>Atque</span> <span class='ocrx_word' id='word_1_206' title='bbox 1403 2133 1458 2168; x_wconf 86' lang='lat' dir='ltr'>hic</span> <span class='ocrx_word' id='word_1_207' title='bbox 1472 2133 1674 2167; x_wconf 83' lang='lat' dir='ltr'>animadver·</span> <span class='ocrx_word' id='word_1_208' title='bbox 1724 2150 1729 2155; x_wconf 72' lang='lat'><strong>.</strong></span> 
     </span>
     <span class='ocr_line' id='line_1_25' title="bbox 188 2186 1676 2228; baseline -0.001 -7"><span class='ocrx_word' id='word_1_209' title='bbox 188 2189 257 2221; x_wconf 85' lang='lat' dir='ltr'>tere</span> <span class='ocrx_word' id='word_1_210' title='bbox 277 2188 397 2221; x_wconf 79' lang='lat' dir='ltr'>iuverit</span> <span class='ocrx_word' id='word_1_211' title='bbox 414 2188 481 2220; x_wconf 87' lang='lat' dir='ltr'>tres</span> <span class='ocrx_word' id='word_1_212' title='bbox 499 2195 593 2220; x_wconf 87' lang='lat' dir='ltr'>casus</span> <span class='ocrx_word' id='word_1_213' title='bbox 609 2195 679 2220; x_wconf 84' lang='lat' dir='ltr'>esse</span> <span class='ocrx_word' id='word_1_214' title='bbox 697 2188 731 2219; x_wconf 90' lang='lat' dir='ltr'>in</span> <span class='ocrx_word' id='word_1_215' title='bbox 750 2188 821 2219; x_wconf 90' lang='lat' dir='ltr'>iure</span> <span class='ocrx_word' id='word_1_216' title='bbox 838 2196 1024 2228; x_wconf 86' lang='lat' dir='ltr'>expressos,</span> <span class='ocrx_word' id='word_1_217' title='bbox 1044 2188 1076 2220; x_wconf 91' lang='lat' dir='ltr'>in</span> <span class='ocrx_word' id='word_1_218' title='bbox 1093 2187 1212 2228; x_wconf 91' lang='lat' dir='ltr'>quibus</span> <span class='ocrx_word' id='word_1_219' title='bbox 1230 2187 1474 2220; x_wconf 77' lang='lat' dir='ltr'>matrimonium</span> <span class='ocrx_word' id='word_1_220' title='bbox 1495 2186 1676 2220; x_wconf 80' lang='lat' dir='ltr'>infidelium</span> 
     </span>
     <span class='ocr_line' id='line_1_26' title="bbox 190 2239 1673 2282; baseline -0.001 -8"><span class='ocrx_word' id='word_1_221' title='bbox 190 2241 406 2281; x_wconf 69' lang='lat' dir='ltr'>dissolvitur,</span> <span class='ocrx_word' id='word_1_222' title='bbox 429 2241 530 2272; x_wconf 85' lang='lat' dir='ltr'>altero</span> <span class='ocrx_word' id='word_1_223' title='bbox 549 2240 723 2280; x_wconf 88' lang='lat' dir='ltr'>coniugum</span> <span class='ocrx_word' id='word_1_224' title='bbox 737 2239 780 2272; x_wconf 89' lang='lat' dir='ltr'>ad</span> <span class='ocrx_word' id='word_1_225' title='bbox 797 2240 893 2272; x_wconf 84' lang='lat' dir='ltr'>fidem</span> <span class='ocrx_word' id='word_1_226' title='bbox 909 2240 1119 2273; x_wconf 82' lang='lat' dir='ltr'>christianam</span> <span class='ocrx_word' id='word_1_227' title='bbox 1138 2241 1324 2274; x_wconf 84' lang='lat' dir='ltr'>transeunte</span> <span class='ocrx_word' id='word_1_228' title='bbox 1337 2241 1461 2282; x_wconf 75' lang='lat' dir='ltr'>primus</span> <span class='ocrx_word' id='word_1_229' title='bbox 1476 2242 1542 2280; x_wconf 83' lang='lat' dir='ltr'>est,</span> <span class='ocrx_word' id='word_1_230' title='bbox 1558 2240 1586 2273; x_wconf 81' lang='lat' dir='ltr'>si</span> <span class='ocrx_word' id='word_1_231' title='bbox 1604 2240 1673 2272; x_wconf 82' lang='lat' dir='ltr'>inii-</span> 
     </span>
     <span class='ocr_line' id='line_1_27' title="bbox 191 2292 1676 2336; baseline 0.001 -11"><span class='ocrx_word' id='word_1_232' title='bbox 191 2293 273 2326; x_wconf 81' lang='lat' dir='ltr'>delis</span> <span class='ocrx_word' id='word_1_233' title='bbox 293 2294 408 2326; x_wconf 89' lang='lat' dir='ltr'>renuat</span> <span class='ocrx_word' id='word_1_234' title='bbox 431 2292 577 2325; x_wconf 89' lang='lat' dir='ltr'>habitare</span> <span class='ocrx_word' id='word_1_235' title='bbox 600 2301 676 2325; x_wconf 90' lang='lat' dir='ltr'>cum</span> <span class='ocrx_word' id='word_1_236' title='bbox 696 2292 786 2325; x_wconf 84' lang='lat' dir='ltr'>fideli</span> <span class='ocrx_word' id='word_1_237' title='bbox 809 2302 984 2334; x_wconf 87' lang='lat' dir='ltr'>converso,</span> <span class='ocrx_word' id='word_1_238' title='bbox 1007 2294 1150 2335; x_wconf 86' lang='lat' dir='ltr'>velitque</span> <span class='ocrx_word' id='word_1_239' title='bbox 1170 2293 1334 2327; x_wconf 80' lang='lat' dir='ltr'>discedere</span> <span class='ocrx_word' id='word_1_240' title='bbox 1354 2294 1505 2336; x_wconf 79' lang='lat' dir='ltr'>(excepto</span> <span class='ocrx_word' id='word_1_241' title='bbox 1519 2302 1595 2326; x_wconf 87' lang='lat' dir='ltr'>casu</span> <span class='ocrx_word' id='word_1_242' title='bbox 1610 2302 1676 2335; x_wconf 90' lang='lat' dir='ltr'>quo</span> 
     </span>
     <span class='ocr_line' id='line_1_28' title="bbox 189 2345 1675 2388; baseline 0 -10"><span class='ocrx_word' id='word_1_243' title='bbox 189 2345 264 2388; x_wconf 72' lang='lat' dir='ltr'>quis</span> <span class='ocrx_word' id='word_1_244' title='bbox 289 2347 402 2378; x_wconf 81' lang='lat' dir='ltr'>utatur</span> <span class='ocrx_word' id='word_1_245' title='bbox 426 2345 497 2377; x_wconf 89' lang='lat' dir='ltr'>iure</span> <span class='ocrx_word' id='word_1_246' title='bbox 518 2353 595 2384; x_wconf 83' lang='lat' dir='ltr'>suo,</span> <span class='ocrx_word' id='word_1_247' title='bbox 621 2353 737 2386; x_wconf 89' lang='lat' dir='ltr'>nempe</span> <span class='ocrx_word' id='word_1_248' title='bbox 761 2354 835 2377; x_wconf 88' lang='lat' dir='ltr'>cum</span> <span class='ocrx_word' id='word_1_249' title='bbox 851 2345 955 2378; x_wconf 87' lang='lat' dir='ltr'>fidelis</span> <span class='ocrx_word' id='word_1_250' title='bbox 972 2347 1045 2378; x_wconf 89' lang='lat' dir='ltr'>ante</span> <span class='ocrx_word' id='word_1_251' title='bbox 1059 2348 1116 2378; x_wconf 84' lang='lat' dir='ltr'>aut</span> <span class='ocrx_word' id='word_1_252' title='bbox 1128 2347 1201 2387; x_wconf 88' lang='lat' dir='ltr'>post</span> <span class='ocrx_word' id='word_1_253' title='bbox 1215 2346 1458 2379; x_wconf 86' lang='lat' dir='ltr'>conversionem</span> <span class='ocrx_word' id='word_1_254' title='bbox 1477 2345 1675 2378; x_wconf 84' lang='lat' dir='ltr'>adulterium</span> 
     </span>
     <span class='ocr_line' id='line_1_29' title="bbox 192 2398 1671 2440; baseline -0.001 -9"><span class='ocrx_word' id='word_1_255' title='bbox 192 2398 428 2438; x_wconf 79' lang='lat' dir='ltr'>commiserit).</span> <span class='ocrx_word' id='word_1_256' title='bbox 444 2398 508 2435; x_wconf 92' lang='lat' dir='ltr'>Qui</span> <span class='ocrx_word' id='word_1_257' title='bbox 533 2398 660 2439; x_wconf 88' lang='lat' dir='ltr'>primus</span> <span class='ocrx_word' id='word_1_258' title='bbox 682 2407 776 2431; x_wconf 86' lang='lat' dir='ltr'>casus</span> <span class='ocrx_word' id='word_1_259' title='bbox 800 2398 937 2431; x_wconf 88' lang='lat' dir='ltr'>habetur</span> <span class='ocrx_word' id='word_1_260' title='bbox 958 2407 1029 2440; x_wconf 90' lang='lat' dir='ltr'>cap.</span> <span class='ocrx_word' id='word_1_261' title='bbox 1043 2399 1156 2432; x_wconf 74' lang='lat' dir='ltr'>Simili</span> <span class='ocrx_word' id='word_1_262' title='bbox 1181 2398 1303 2439; x_wconf 83' lang='lat' dir='ltr'>modo‚·</span> <span class='ocrx_word' id='word_1_263' title='bbox 1325 2408 1396 2440; x_wconf 87' lang='lat' dir='ltr'>cap.</span> <span class='ocrx_word' id='word_1_264' title='bbox 1414 2401 1508 2432; x_wconf 72' lang='lat' dir='ltr'>Uxor</span> <span class='ocrx_word' id='word_1_265' title='bbox 1524 2403 1575 2431; x_wconf 88' lang='lat'>28.</span> <span class='ocrx_word' id='word_1_266' title='bbox 1591 2407 1625 2439; x_wconf 89' lang='lat' dir='ltr'>q.</span> <span class='ocrx_word' id='word_1_267' title='bbox 1644 2402 1671 2430; x_wconf 83' lang='lat'>1.</span> 
     </span>
     <span class='ocr_line' id='line_1_30' title="bbox 193 2450 1677 2495; baseline -0.002 -10"><span class='ocrx_word' id='word_1_268' title='bbox 193 2461 265 2495; x_wconf 87' lang='lat' dir='ltr'>cap.</span> <span class='ocrx_word' id='word_1_269' title='bbox 283 2452 420 2489; x_wconf 82' lang='lat' dir='ltr'>Quanto</span> <span class='ocrx_word' id='word_1_270' title='bbox 438 2451 471 2483; x_wconf 91' lang='lat' dir='ltr'>et</span> <span class='ocrx_word' id='word_1_271' title='bbox 489 2460 561 2492; x_wconf 85' lang='lat' dir='ltr'>cap.</span> <span class='ocrx_word' id='word_1_272' title='bbox 585 2451 794 2484; x_wconf 80' lang='lat' dir='ltr'>Gaudemus.</span> <span class='ocrx_word' id='word_1_273' title='bbox 812 2453 863 2484; x_wconf 87' lang='lat' dir='ltr'>De</span> <span class='ocrx_word' id='word_1_274' title='bbox 883 2451 1056 2485; x_wconf 74' lang='lat' dir='ltr'>divortiis.</span> <span class='ocrx_word' id='word_1_275' title='bbox 1069 2469 1080 2476; x_wconf 92' lang='lat'><strong>·</strong></span> <span class='ocrx_word' id='word_1_276' title='bbox 1094 2452 1261 2485; x_wconf 89' lang='lat' dir='ltr'>Secundus</span> <span class='ocrx_word' id='word_1_277' title='bbox 1285 2461 1380 2485; x_wconf 88' lang='lat' dir='ltr'>casus</span> <span class='ocrx_word' id='word_1_278' title='bbox 1402 2453 1471 2493; x_wconf 87' lang='lat' dir='ltr'>est,</span> <span class='ocrx_word' id='word_1_279' title='bbox 1488 2452 1515 2484; x_wconf 79' lang='lat' dir='ltr'>si</span> <span class='ocrx_word' id='word_1_280' title='bbox 1537 2450 1677 2483; x_wconf 83' lang='lat' dir='ltr'>infidelis</span> 
     </span>
     <span class='ocr_line' id='line_1_31' title="bbox 189 2502 1676 2543; baseline -0.001 -7"><span class='ocrx_word' id='word_1_281' title='bbox 189 2504 274 2536; x_wconf 88' lang='lat' dir='ltr'>nolit</span> <span class='ocrx_word' id='word_1_282' title='bbox 301 2503 488 2535; x_wconf 85' lang='lat' dir='ltr'>cohabitare</span> <span class='ocrx_word' id='word_1_283' title='bbox 516 2503 586 2535; x_wconf 89' lang='lat' dir='ltr'>sine</span> <span class='ocrx_word' id='word_1_284' title='bbox 613 2503 810 2535; x_wconf 88' lang='lat' dir='ltr'>contumelia</span> <span class='ocrx_word' id='word_1_285' title='bbox 835 2503 1014 2543; x_wconf 81' lang='lat' dir='ltr'>creatoris,</span> <span class='ocrx_word' id='word_1_286' title='bbox 1030 2504 1166 2537; x_wconf 85' lang='lat' dir='ltr'>uticum</span> <span class='ocrx_word' id='word_1_287' title='bbox 1183 2513 1248 2537; x_wconf 92' lang='lat' dir='ltr'>non</span> <span class='ocrx_word' id='word_1_288' title='bbox 1267 2504 1360 2536; x_wconf 88' lang='lat' dir='ltr'>audit</span> <span class='ocrx_word' id='word_1_289' title='bbox 1380 2513 1497 2536; x_wconf 89' lang='lat' dir='ltr'>nomen</span> <span class='ocrx_word' id='word_1_290' title='bbox 1515 2503 1585 2536; x_wconf 85' lang='lat' dir='ltr'>eius</span> <span class='ocrx_word' id='word_1_291' title='bbox 1605 2502 1676 2535; x_wconf 81' lang='lat' dir='ltr'>sine</span> 
     </span>
     <span class='ocr_line' id='line_1_32' title="bbox 191 2555 1677 2598; baseline -0.002 -8"><span class='ocrx_word' id='word_1_292' title='bbox 191 2557 344 2598; x_wconf 77' lang='lat' dir='ltr'>despectu</span> <span class='ocrx_word' id='word_1_293' title='bbox 355 2580 365 2596; x_wconf 92' lang='lat'>,</span> <span class='ocrx_word' id='word_1_294' title='bbox 383 2556 453 2588; x_wconf 84' lang='lat' dir='ltr'>eius</span> <span class='ocrx_word' id='word_1_295' title='bbox 467 2555 580 2588; x_wconf 84' lang='lat' dir='ltr'>laudes</span> <span class='ocrx_word' id='word_1_296' title='bbox 594 2556 745 2596; x_wconf 86' lang='lat' dir='ltr'>prohibet</span> <span class='ocrx_word' id='word_1_297' title='bbox 758 2581 768 2597; x_wconf 94' lang='lat'>,</span> <span class='ocrx_word' id='word_1_298' title='bbox 786 2556 981 2589; x_wconf 84' lang='lat' dir='ltr'>domesticos</span> <span class='ocrx_word' id='word_1_299' title='bbox 996 2557 1038 2589; x_wconf 86' lang='lat' dir='ltr'>ad</span> <span class='ocrx_word' id='word_1_300' title='bbox 1053 2556 1265 2590; x_wconf 81' lang='lat' dir='ltr'>defectionem</span> <span class='ocrx_word' id='word_1_301' title='bbox 1287 2557 1456 2598; x_wconf 55' lang='lat' dir='ltr'>hortatum</span> <span class='ocrx_word' id='word_1_302' title='bbox 1474 2556 1677 2596; x_wconf 86' lang='lat' dir='ltr'>habeturque</span> 
     </span>
     <span class='ocr_line' id='line_1_33' title="bbox 191 2608 1677 2653; baseline -0.001 -11"><span class='ocrx_word' id='word_1_303' title='bbox 191 2610 225 2642; x_wconf 84' lang='lat' dir='ltr'>in</span> <span class='ocrx_word' id='word_1_304' title='bbox 244 2610 301 2643; x_wconf 83' lang='lat' dir='ltr'>cit.</span> <span class='ocrx_word' id='word_1_305' title='bbox 313 2618 384 2651; x_wconf 84' lang='lat' dir='ltr'>cap.</span> <span class='ocrx_word' id='word_1_306' title='bbox 397 2608 510 2643; x_wconf 74' lang='lat' dir='ltr'>Simili</span> <span class='ocrx_word' id='word_1_307' title='bbox 526 2609 627 2642; x_wconf 84' lang='lat' dir='ltr'>modo</span> <span class='ocrx_word' id='word_1_308' title='bbox 634 2621 647 2649; x_wconf 92' lang='lat'><em>;</em></span> <span class='ocrx_word' id='word_1_309' title='bbox 663 2618 734 2651; x_wconf 88' lang='lat' dir='ltr'>cap.</span> <span class='ocrx_word' id='word_1_310' title='bbox 756 2611 892 2647; x_wconf 79' lang='lat' dir='ltr'>Quanto</span> <span class='ocrx_word' id='word_1_311' title='bbox 899 2621 913 2650; x_wconf 88' lang='lat'>,·</span> <span class='ocrx_word' id='word_1_312' title='bbox 930 2619 1002 2652; x_wconf 84' lang='lat' dir='ltr'>cap.</span> <span class='ocrx_word' id='word_1_313' title='bbox 1023 2610 1220 2644; x_wconf 82' lang='lat' dir='ltr'>Gaudemus</span> <span class='ocrx_word' id='word_1_314' title='bbox 1234 2612 1267 2643; x_wconf 89' lang='lat' dir='ltr'>et</span> <span class='ocrx_word' id='word_1_315' title='bbox 1279 2619 1350 2653; x_wconf 85' lang='lat' dir='ltr'>cap.</span> <span class='ocrx_word' id='word_1_316' title='bbox 1363 2609 1534 2649; x_wconf 79' lang='lat' dir='ltr'>Infldelis.</span> <span class='ocrx_word' id='word_1_317' title='bbox 1547 2608 1677 2642; x_wconf 86' lang='lat' dir='ltr'>Tertius</span> 
     </span>
     <span class='ocr_line' id='line_1_34' title="bbox 194 2663 1675 2706; baseline -0.002 -9"><span class='ocrx_word' id='word_1_318' title='bbox 194 2665 260 2705; x_wconf 80' lang='lat' dir='ltr'>est,</span> <span class='ocrx_word' id='word_1_319' title='bbox 276 2663 304 2696; x_wconf 87' lang='lat' dir='ltr'>si</span> <span class='ocrx_word' id='word_1_320' title='bbox 319 2663 486 2705; x_wconf 79' lang='lat' dir='ltr'>pertrahat</span> <span class='ocrx_word' id='word_1_321' title='bbox 499 2663 539 2695; x_wconf 88' lang='lat' dir='ltr'>ad</span> <span class='ocrx_word' id='word_1_322' title='bbox 557 2664 724 2704; x_wconf 84' lang='lat' dir='ltr'>peccatum</span> <span class='ocrx_word' id='word_1_323' title='bbox 738 2664 890 2705; x_wconf 88' lang='lat' dir='ltr'>mortale,</span> <span class='ocrx_word' id='word_1_324' title='bbox 904 2666 1001 2706; x_wconf 85' lang='lat' dir='ltr'>prout</span> <span class='ocrx_word' id='word_1_325' title='bbox 1022 2664 1142 2706; x_wconf 86' lang='lat' dir='ltr'>pariter</span> <span class='ocrx_word' id='word_1_326' title='bbox 1160 2664 1297 2697; x_wconf 88' lang='lat' dir='ltr'>habetur</span> <span class='ocrx_word' id='word_1_327' title='bbox 1311 2665 1345 2696; x_wconf 91' lang='lat' dir='ltr'>in</span> <span class='ocrx_word' id='word_1_328' title='bbox 1358 2663 1413 2696; x_wconf 91' lang='lat' dir='ltr'>cit.</span> <span class='ocrx_word' id='word_1_329' title='bbox 1430 2672 1501 2704; x_wconf 89' lang='lat' dir='ltr'>cap.</span> <span class='ocrx_word' id='word_1_330' title='bbox 1519 2663 1675 2701; x_wconf 82' lang='lat' dir='ltr'>Quanto,-</span> 
     </span>
     <span class='ocr_line' id='line_1_35' title="bbox 196 2715 1675 2759; baseline -0.001 -10"><span class='ocrx_word' id='word_1_331' title='bbox 196 2725 268 2759; x_wconf 88' lang='lat' dir='ltr'>cap.</span> <span class='ocrx_word' id='word_1_332' title='bbox 285 2716 504 2756; x_wconf 80' lang='lat' dir='ltr'>Gaudemus;</span> <span class='ocrx_word' id='word_1_333' title='bbox 518 2725 588 2758; x_wconf 88' lang='lat' dir='ltr'>cap.</span> <span class='ocrx_word' id='word_1_334' title='bbox 609 2718 703 2749; x_wconf 73' lang='lat' dir='ltr'>Uxor</span> <span class='ocrx_word' id='word_1_335' title='bbox 714 2718 746 2749; x_wconf 88' lang='lat' dir='ltr'>et</span> <span class='ocrx_word' id='word_1_336' title='bbox 759 2725 829 2758; x_wconf 87' lang='lat' dir='ltr'>cap.</span> <span class='ocrx_word' id='word_1_337' title='bbox 846 2716 1058 2750; x_wconf 74' lang='lat' dir='ltr'>Idololatria</span> <span class='ocrx_word' id='word_1_338' title='bbox 1070 2726 1128 2750; x_wconf 88' lang='lat' dir='ltr'>nec</span> <span class='ocrx_word' id='word_1_339' title='bbox 1146 2726 1211 2750; x_wconf 92' lang='lat' dir='ltr'>non</span> <span class='ocrx_word' id='word_1_340' title='bbox 1227 2726 1297 2759; x_wconf 85' lang='lat' dir='ltr'>cap.</span> <span class='ocrx_word' id='word_1_341' title='bbox 1314 2718 1391 2749; x_wconf 81' lang='lat' dir='ltr'>Non</span> <span class='ocrx_word' id='word_1_342' title='bbox 1407 2715 1520 2749; x_wconf 85' lang='lat' dir='ltr'>solum</span> <span class='ocrx_word' id='word_1_343' title='bbox 1533 2720 1582 2748; x_wconf 81' lang='grc'>28.</span> <span class='ocrx_word' id='word_1_344' title='bbox 1597 2724 1630 2756; x_wconf 88' lang='lat' dir='ltr'>q.</span> <span class='ocrx_word' id='word_1_345' title='bbox 1645 2719 1675 2747; x_wconf 88' lang='lat'>1.</span> 
     </span>
     <span class='ocr_line' id='line_1_36' title="bbox 193 2767 1675 2811; baseline 0 -10"><span class='ocrx_word' id='word_1_346' title='bbox 193 2771 283 2802; x_wconf 83' lang='lat' dir='ltr'>Haec</span> <span class='ocrx_word' id='word_1_347' title='bbox 304 2769 533 2810; x_wconf 80' lang='lat' dir='ltr'>distinguenda</span> <span class='ocrx_word' id='word_1_348' title='bbox 554 2771 663 2811; x_wconf 87' lang='lat' dir='ltr'>erant,</span> <span class='ocrx_word' id='word_1_349' title='bbox 689 2769 766 2810; x_wconf 86' lang='lat' dir='ltr'>quia</span> <span class='ocrx_word' id='word_1_350' title='bbox 790 2779 919 2803; x_wconf 88' lang='lat' dir='ltr'>necesse</span> <span class='ocrx_word' id='word_1_351' title='bbox 942 2770 1029 2803; x_wconf 88' lang='lat' dir='ltr'>haud</span> <span class='ocrx_word' id='word_1_352' title='bbox 1047 2772 1096 2804; x_wconf 87' lang='lat' dir='ltr'>est</span> <span class='ocrx_word' id='word_1_353' title='bbox 1113 2769 1154 2803; x_wconf 85' lang='lat' dir='ltr'>ad</span> <span class='ocrx_word' id='word_1_354' title='bbox 1171 2770 1417 2803; x_wconf 86' lang='lat' dir='ltr'>dissolutionem</span> <span class='ocrx_word' id='word_1_355' title='bbox 1441 2768 1551 2801; x_wconf 85' lang='lat' dir='ltr'>omnia</span> <span class='ocrx_word' id='word_1_356' title='bbox 1577 2767 1675 2801; x_wconf 81' lang='lat' dir='ltr'>simul</span> 
     </span>
     <span class='ocr_line' id='line_1_37' title="bbox 196 2821 1674 2865; baseline -0.001 -11"><span class='ocrx_word' id='word_1_357' title='bbox 196 2823 391 2855; x_wconf 85' lang='lat' dir='ltr'>concurrant</span> <span class='ocrx_word' id='word_1_358' title='bbox 402 2846 412 2863; x_wconf 94' lang='lat'>,</span> <span class='ocrx_word' id='word_1_359' title='bbox 435 2822 494 2855; x_wconf 83' lang='lat' dir='ltr'>sed</span> <span class='ocrx_word' id='word_1_360' title='bbox 508 2823 587 2855; x_wconf 84' lang='lat' dir='ltr'>satis</span> <span class='ocrx_word' id='word_1_361' title='bbox 602 2824 652 2856; x_wconf 85' lang='lat' dir='ltr'>est</span> <span class='ocrx_word' id='word_1_362' title='bbox 665 2824 702 2856; x_wconf 92' lang='lat' dir='ltr'>ut</span> <span class='ocrx_word' id='word_1_363' title='bbox 716 2831 817 2856; x_wconf 90' lang='lat' dir='ltr'>unum</span> <span class='ocrx_word' id='word_1_364' title='bbox 833 2824 1012 2858; x_wconf 86' lang='lat' dir='ltr'>alterumve</span> <span class='ocrx_word' id='word_1_365' title='bbox 1026 2833 1066 2858; x_wconf 81' lang='lat' dir='ltr'>ex</span> <span class='ocrx_word' id='word_1_366' title='bbox 1084 2825 1135 2857; x_wconf 85' lang='lat' dir='ltr'>his</span> <span class='ocrx_word' id='word_1_367' title='bbox 1157 2823 1348 2865; x_wconf 86' lang='lat' dir='ltr'>singillatim</span> <span class='ocrx_word' id='word_1_368' title='bbox 1363 2822 1522 2855; x_wconf 80' lang='lat' dir='ltr'>occurrat.</span> <span class='ocrx_word' id='word_1_369' title='bbox 1532 2821 1674 2855; x_wconf 76' lang='lat' dir='ltr'>Cf.Pon-</span> 
     </span>
     <span class='ocr_line' id='line_1_38' title="bbox 198 2874 713 2918; baseline -0.002 -10"><span class='ocrx_word' id='word_1_370' title='bbox 198 2875 282 2908; x_wconf 88' lang='lat' dir='ltr'>tium</span> <span class='ocrx_word' id='word_1_371' title='bbox 294 2874 352 2908; x_wconf 86' lang='lat' dir='ltr'>lib.</span> <span class='ocrx_word' id='word_1_372' title='bbox 367 2876 440 2908; x_wconf 84' lang='lat' dir='ltr'>vn.</span> <span class='ocrx_word' id='word_1_373' title='bbox 456 2883 527 2918; x_wconf 84' lang='lat' dir='ltr'>cap.</span> <span class='ocrx_word' id='word_1_374' title='bbox 545 2878 596 2909; x_wconf 83' lang='grc'>48.</span> <span class='ocrx_word' id='word_1_375' title='bbox 611 2884 644 2908; x_wconf 89' lang='lat' dir='ltr'>n.</span> <span class='ocrx_word' id='word_1_376' title='bbox 663 2879 713 2910; x_wconf 82' lang='lat'>13.</span> 
     </span>
    </p>
   </div>
  </div>
 </body>
</html>
