1980 3260
357 235 447 284 380
579 249 769 283 ''ihm-'IL
798 248 912 281 SECT.
941 247 1114 281 ALTERA.
1142 247 1195 280 DE
1220 246 1388 281 Po'rEST.
1416 247 1558 282 curm,

360 326 643 394 impediendo
679 337 727 376 'et
772 324 986 376 irritando
1027 343 1144 392 quae
1185 326 1391 392 publicae
1430 326 1570 392 quieti
1608 338 1652 375 et
1689 329 1821 379 saluti

357 405 494 453 noxia‘
511 403 756 452 sunt.'Inde
778 403 896 451 enim
920 404 1112 451 maxime
1135 403 1298 469 pendet
1321 402 1621 468 tranquillitas
1645 413 1689 451 et
1709 415 1827 454 recta

356 479 626 545 reipublicae
664 479 940 543 gubernatio.
980 480 1036 527 Et
1071 479 1253 527 sane'si
1289 479 1434 543 potest
1467 479 1674 545 princeps
1709 496 1830 528 secu·

357 556 465 604 laris
489 556 602 604 alios
626 556 778 604 civiles
805 566 1056 604 contractus
1075 556 1131 604 ob
1150 555 1421 621 reipublicae
1443 555 1610 603 bonum
1634 555 1822 613 irritare,

355 644 486 680 eccur
523 650 612 680 non
659 633 820 697 poterit
859 632 991 679 etiam
1036 631 1305 679 matrimonii
1345 642 1615 680 contractum
1655 631 1828 679 irritum

357 708 541 756 reddere
563 746 573 766 ,
612 726 713 757 cum
747 708 793 756 id
828 708 1097 774 quandoque
1131 708 1249 755 idem
1282 707 1448 756 bonum
1483 725 1717 756 commune
1749 724 1830 773 po·-

355 784 523 833 stulet'?
540 785 647 832 Nec
679 785 828 833 obstat
860 785 1079 850 principis
1120 783 1336 832 secularis
1370 784 1575 850 potestati
1610 783 1832 832 matrimo-

358 861 482 909 nium
507 879 609 910 esse
632 871 978 919 sacramentum3
1006 861 1104 909 eius
1133 860 1250 909 enim
1280 861 1466 908 materia
1488 871 1557 908 est
1578 870 1829 909 contractus

354 936 521 993 civilis,
544 937 745 1003 adeoque
768 937 878 984 illud
904 937 1088 1003 perinde
1112 947 1256 1002 potest
1278 954 1331 984 ex
1355 937 1473 984 iusta
1495 953 1634 984 causa
1655 937 1830 984 irritare

354 1030 409 1061 ac
431 1014 470 1062 si
496 1024 821 1062 sacramentum
851 1032 939 1062 non
968 1025 1111 1071 esset,
1136 1012 1367 1061 reddendo
1401 1030 1616 1078 personas
1651 1011 1830 1059 inhabia

354 1089 421 1137 les
454 1090 511 1137 ad
545 1090 921 1147 contrahendum,
954 1100 997 1138 et
1030 1090 1096 1137 sic
1129 1099 1276 1155 potest
1308 1089 1467 1146 etiam,
1506 1105 1593 1136 non
1626 1088 1830 1136 obstante

354 1176 632 1214 sacramento
647 1204 657 1223 ,
691 1165 875 1214 reddere
897 1166 944 1212 in
967 1175 1069 1213 actu
1103 1165 1246 1230 primo
1263 1202 1273 1222 ,
1301 1174 1351 1212 ut
1372 1163 1519 1222 aiunt,
1550 1163 1829 1227 illegitimum

355 1258 408 1289 ac
441 1241 687 1290 invalidum
703 1252 1010 1290 ⁴contractum.
1034 1240 1079 1287 Si
1114 1239 1233 1287 enim
1263 1240 1429 1288 nudam
1454 1238 1724 1288 sacramenti
1747 1256 1832 1287 ra·-

356 1317 521 1365 tionem
551 1317 832 1366 attendamus
850 1355 860 1375 ‚
899 1318 982 1365 nec
1016 1316 1214 1381 pontifex
1247 1316 1348 1381 ipse
1375 1316 1494 1365 circa
1531 1315 1642 1364 illud
1676 1315 1831 1381 dispo·

355 1409 460 1440 nere
493 1403 669 1458 posset,
709 1392 820 1441 illud
848 1392 1127 1450 dissolvens,
1155 1393 1343 1459 eiusque
1367 1402 1563 1458 potestas
1585 1410 1639 1440 ex
1662 1391 1832 1440 ratione

354 1478 606 1517 contractus
651 1468 835 1517 humani
855 1507 865 1527 ,
909 1469 987 1535 qui
1027 1478 1096 1517 est
1128 1469 1315 1517 materia
1348 1468 1485 1517 huius
1527 1467 1827 1525 sacramenti,

361 1545 590 1608 consurgit
609 1546 706 1607 (60)
718 1583 728 1594 .

454 1622 504 1668 2.
539 1621 635 1669 Nisi
669 1621 927 1670 admittatur
960 1621 1031 1670 ius
1066 1622 1357 1686 originarium
1392 1621 1647 1687 principum
1670 1621 1719 1668 in
1742 1630 1833 1670 sta—

354 1697 532 1745 tuendis
558 1697 913 1763 impedimentis,
942 1698 1181 1746 dicendum
1214 1698 1327 1746 foret
1359 1698 1643 1747 matrimonia
1674 1697 1833 1746 infide-

356 1775 466 1823 lium
485 1813 496 1833 ,
541 1775 597 1823 ad
622 1793 745 1841 ,quos
780 1792 869 1824 non
903 1775 1155 1824 extenditur
1187 1775 1404 1824 ecclesiae
1437 1774 1688 1824 iurisdictio
1704 1812 1716 1833 ,
1741 1776 1831 1824 no'n

356 1851 457 1900 aliis
482 1852 826 1917 impedimentis
860 1851 1176 1900 dirimentibus
1218 1851 1414 1910 subiici,
1461 1869 1598 1917 quam
1631 1868 1749 1917 quae
1779 1867 1834 1899 ex

357 1928 452 1976 iure
494 1928 683 1989 naturali
718 1946 770 1977 ac
804 1929 957 1977 divino
999 1939 1281 1995 promanant.
1320 1929 1414 1976 lam
1450 1944 1555 1976 vero
1589 1928 1831 1975 maximum

358 2003 686 2052 incommodum
719 2005 940 2053 eiusmodi
964 2015 1098 2053 esset.
1126 2004 1356 2070 Siquidem
1384 2003 1553 2070 ubique
1575 2020 1629 2052 ac
1653 2019 1833 2069 semper

357 2079 556 2142 agnitum
590 2092 659 2129 est
686 2081 912 2130 moraliter
935 2081 1239 2134 necessarium
1262 2098 1384 2138 esse,
1405 2090 1455 2128 ut
1471 2080 1712 2145 ipsummet
1731 2079 1832 2128 vin-

357 2155 506 2204 culum
529 2157 852 2206 matrimoniale
876 2157 1140 2207 subiiciatur
1163 2156 1495 2239 impedimentis
1512 2155 1825 2205 dirimentibus

359 2231 564 2297 positivis
587 2234 703 2294 (61)

453 2391 518 2432 (60)
539 2391 589 2424 lta
608 2391 749 2424 Sanciiez
769 2394 819 2425 De
841 2396 945 2427 matr.
968 2394 1026 2428 lib.
1052 2395 1123 2427 vll.
1147 2394 1231 2435 disp.
1248 2398 1278 2427 3.
1301 2388 1360 2435 qui
1383 2392 1505 2426 ibidem
1526 2393 1635 2434 plures
1655 2393 1754 2426 refert
1771 2401 1830 2435 pro

360 2446 422 2478 hac
446 2445 604 2478 sententia
623 2446 782 2477 auctores.
800 2447 1030 2487 Argumentum
1046 2456 1065 2479 a
1077 2448 1220 2480 Sanchez
1240 2446 1376 2480 allatum
1399 2446 1515 2488 urgent
1539 2446 1702 2488 quotquot
1713 2445 1830 2490 princi-

359 2497 455 2539 pibus
464 2497 515 2530 ius
526 2496 567 2530 de
581 2505 647 2539 quo
660 2496 803 2538 agimus,
814 2497 1025 2539 originarium
1043 2499 1222 2531 vindicant.
1235 2500 1319 2532 Sane
1334 2498 1496 2540 quotquot
1510 2497 1658 2530 consului
1671 2498 1831 2537 auctores,

359 2550 468 2582 inveni
483 2550 560 2583 huic
574 2549 712 2582 rationi'
704 2549 833 2582 innixos
860 2549 899 2582 ad
923 2551 1158 2583 adstruendum
1176 2552 1227 2584 ius
1243 2550 1442 2593 principibus
1461 2549 1558 2583 etiam
1574 2556 1670 2590 super
1683 2548 1832 2582 subditos

359 2604 553 2640 christianos
567 2603 653 2636 circa
666 2603 905 2644 impedimenta.
922 2604 984 2636 Sed
998 2605 1170 2646 praecipue
1185 2605 1308 2638 evolvit
1320 2605 1382 2637 hoc
1394 2604 1618 2645 argumentum
1636 2602 1830 2636 Gerbnesius

359 2654 395 2688 ῐιι
411 2649 553 2688 secunda
571 2657 662 2697 parte
680 2655 731 2688 sui
751 2655 908 2697 tractatus
926 2655 1007 2687 alias
1022 2655 1077 2688 cit.
1093 2657 1217 2690 Deinde
1230 2656 1409 2697 Tournely,
1424 2655 1545 2696 collat,
1561 2654 1683 2696 aliique
1696 2647 1828 2697 passim.

358 2709 490 2750 Loquor
506 2714 602 2750 porro
616 2708 657 2740 de
672 2708 858 2753 auctoribus
873 2716 948 2740 vere
961 2708 1142 2750 catholicis,
1161 2718 1235 2742 nam
1249 2708 1340 2751 quod
1353 2708 1469 2741 attinet
1482 2707 1524 2740 ad
1539 2707 1722 2740 naunoium
1735 2707 1831 2741 altos

360 2771 425 2804 que
437 2762 613 2803 eiusmodi,
633 2770 689 2795 eos
711 2761 783 2794 heic
803 2770 868 2794 non
892 2770 1013 2794 moror.

455 2815 520 2856 (61)
542 2816 590 2848 lta
608 2807 647 2848 D.
666 2814 813 2848 Carriere
827 2823 881 2856 op.
897 2815 930 2847 et
949 2814 1011 2846 loc.
1027 2814 1098 2855 cit„
1113 2824 1145 2846 n.
1161 2820 1231 2848 553.
1247 2811 1304 2856 qui
1324 2823 1397 2847 cum
1414 2814 1589 2847 evolvisset
1607 2795 1831 2856 argumentum

360 2869 509 2910 superius
525 2869 687 2911 positum,
707 2868 824 2902 adiecit
833 2867 874 2901 ad
885 2867 1024 2901 validius
1041 2867 1138 2900 robur
1153 2869 1236 2901 hanc
1252 2868 1350 2902 etiam
1365 2876 1463 2910 quam
1475 2867 1644 2902 attulimus
1661 2868 1828 2902 rationem.
