1980 3260
238 263 327 296 CAP.
347 265 392 295 11.
410 263 459 295 DE
477 263 591 294 ECCL.
611 262 773 294 POTEST.
789 262 902 293 COST.
921 259 1007 293 mr.
1025 259 1148 292 MATR.
1172 259 1304 292 mam.
1325 261 1415 292 ΛΒΤ.
1436 260 1464 292 1.
1541 241 1596 291 43

144 342 222 389 sed
251 360 302 389 ex
339 359 416 388 sua
456 341 617 405 pietate
640 351 682 387 et
709 340 754 386 in
783 339 1015 386 ecclesiam
1052 339 1347 402 propensione
1370 338 1427 385 ab
1450 355 1535 385 usu
1559 348 1603 385 et

143 419 349 466 exercitio
382 418 515 464 huius
540 416 769 481 potestatis
787 433 813 462 a
830 415 980 462 multis
1014 414 1101 460 iam
1121 414 1284 461 seculis
1312 414 1596 469 abstinuisse,

148 504 196 541 ut
230 494 315 541 iam
340 493 508 540 nullum
537 502 769 539 censeatur
792 490 1118 537 matrimonium
1145 489 1454 546 christianum,
1484 491 1601 554 quod

144 570 332 617 ecclesia
356 569 441 616 tale
466 585 552 615 non
577 568 741 615 iudicat
762 569 878 629 (35).
903 565 1148 630 Tournelyo
1172 565 1282 612 haec
1317 566 1406 612 Soti
1433 577 1604 613 senten-

146 646 206 693 tia
243 645 372 692 valde
407 642 584 698 arrisit,
622 652 827 706 tenetque
861 641 1046 706 proinde
1078 652 1120 687 et
1152 641 1250 705 ipse
1284 641 1506 705 principes
1540 658 1604 688 se-

145 721 315 768 culares
351 735 483 783 posse
507 716 820 781 impedimenta
845 716 1172 764 matrimonium
1210 717 1425 764 irritantia
1459 734 1508 763 ac
1541 717 1605 763 di-

146 794 348 842 rimentia
382 793 514 839 etiam
546 791 680 838 relate
704 791 759 838 ad
784 791 1050 839 christianos
1075 792 1277 839 subditos
1310 793 1600 849 constituere;

144 879 215 917 ast
238 879 452 933 temperat
475 867 719 914 doctrinam
745 883 871 913 suam
896 866 1111 913 adiiciens
1136 868 1221 912 iam
1246 867 1396 913 multis
1421 867 1476 914 ab
1501 868 1604 915 hinc

145 945 306 993 seculis
330 943 595 992 christianos
626 942 852 1007 principes
877 954 952 989 aut
981 942 1121 998 nulla,
1147 954 1223 989 aut
1246 942 1400 990 saltem
1426 944 1604 990 nonnisi

144 1020 413 1086 approbante
435 1030 478 1066 et
500 1029 784 1066 concurrente
807 1017 994 1065 ecclesia
1009 1056 1018 1073 ,
1048 1019 1256 1066 statuisse
1290 1019 1605 1082 impedimenta

145 1107 465 1144 sacramentum
502 1094 765 1141 matrimonii
801 1094 1053 1141 dirimentia
1091 1097 1207 1156 (36).
1243 1094 1396 1141 Eidem
1431 1105 1606 1142 senten-

145 1173 231 1220 tiae
258 1172 553 1236 adstipulatus
585 1181 653 1217 est
686 1171 782 1217 eius
817 1171 1093 1218 continuator
1128 1172 1280 1218 Petrus
1321 1171 1489 1227 Collct‚
1527 1172 1604 1236 qui

146 1249 294 1314 plures
327 1249 438 1296 alios
473 1258 693 1304 recenset,
733 1247 808 1311 qui
843 1265 939 1294 eam
970 1247 1282 1295 adstruxerunt
1319 1250 1434 1310 (37).

239 1326 422 1372 Demum
453 1324 609 1372 ceteris
639 1324 984 1388 praetermissis,
1014 1325 1067 1370 D.
1092 1324 1253 1388 loseph
1272 1324 1470 1372 Carriere
1489 1325 1608 1371 theo-

145 1402 288 1466 logiae
305 1402 529 1467 professor
546 1400 590 1447 in
609 1400 767 1448 celebri
784 1401 1021 1448 seminario
1040 1400 1289 1464 sulpiciano
1307 1400 1547 1465 parisiensi
1563 1401 1606 1446 in

146 1488 327 1525 tractatu
351 1478 407 1524 de
430 1473 705 1525 matrimonio
729 1477 1033 1542 quaestionem
1058 1477 1174 1524 hanc
1191 1477 1246 1524 de
1276 1477 1602 1532 ecclesiastica,

146 1555 289 1619 deque
311 1554 429 1602 civili
457 1565 670 1620 potestate
692 1554 986 1601 constituendi
1013 1553 1330 1618 impedimenta
1354 1554 1606 1617 coniugium

148 1630 342 1677 fidelium
378 1630 630 1677 dirimentia
672 1629 852 1694 copiose
884 1630 1107 1694 expendit.
1152 1629 1397 1677 Constituta
1442 1647 1601 1694 porro,

147 1717 198 1753 ut
230 1706 354 1753 decet
377 1706 627 1769 theologum
660 1706 925 1753 catholicum
962 1723 1152 1770 eumque
1182 1705 1303 1770 pium
1323 1744 1332 1761 ,
1362 1715 1604 1769 potestate,

149 1799 264 1846 quae
289 1781 501 1829 ecclesiae
517 1781 733 1837 convenit,
764 1781 948 1846 inquirit
963 1792 1111 1828 utrum
1131 1781 1286 1828 eadem
1313 1791 1508 1845 potestas
1534 1774 1617 1828 na?

151 1858 238 1905 tivo
270 1875 322 1905 ac
355 1858 594 1921 originario
628 1858 723 1905 iure
753 1857 940 1905 seculari
975 1857 1241 1922 principatui
1278 1858 1441 1921 pariter
1474 1857 1606 1904 tribui

148 1933 320 1981 debeat.
358 1933 660 1999 Excussisque
684 1934 790 1982 hinc
818 1934 922 1981 inde
939 1934 1157 1982 rationum
1186 1933 1420 1981 momentis
1445 1933 1610 1981 theolo-

146 2027 300 2074 gorum
335 2020 609 2068 exterorum,
655 2022 703 2059 ut
731 2011 829 2076 ipse
862 2011 1086 2076 loquitur,
1112 2010 1189 2075 qui
1225 2027 1322 2058 eam
1357 2010 1603 2073 denegant,

146 2095 189 2132 et
221 2085 434 2148 gallorum
453 2124 463 2143 ,
484 2087 561 2151 qui
596 2104 693 2134 eam
719 2088 976 2143 vindicant,
1013 2086 1206 2151 denique
1238 2085 1372 2134 veluti
1407 2087 1610 2152 probabi—

145 2160 299 2209 liorem
333 2179 433 2208 cum
463 2163 626 2210 Baston
651 2164 938 2227 posteriorem
965 2162 1227 2210 sententiam
1250 2162 1480 2228 amplexus
1506 2174 1573 2211 est
1596 2182 1604 2220 ;

145 2237 251 2302 quia
285 2237 389 2300 galli
426 2237 598 2286 felicius
641 2256 741 2286 sese
773 2239 1015 2303 expediunt
1047 2239 1102 2286 ab
1145 2239 1481 2287 auctoritatibus
1515 2240 1610 2304 qui-

146 2311 230 2360 bus
274 2312 554 2378 potissimum
601 2314 846 2362 innituntur
878 2314 1069 2378 theologi
1111 2314 1306 2362 extranei
1329 2353 1338 2371 ‚
1387 2316 1465 2380 qui
1511 2333 1608 2363 eam

146 2399 404 2453 potestatem
440 2401 633 2453 negant,
671 2408 804 2455 quam
839 2390 912 2438 isti
953 2391 1200 2456 theologica
1233 2402 1491 2455 argumenta
1521 2391 1609 2439 sol-

145 2475 274 2522 vant,
298 2465 460 2529 quibus
479 2476 678 2530 pugnant
695 2465 885 2530 theologi
904 2466 1010 2530 galli
1035 2457 1090 2514 ad
1115 2484 1213 2514 eam
1232 2467 1456 2515 tuendam.
1473 2467 1611 2515 Adeo-

147 2557 234 2604 que
257 2541 486 2589 constituit
510 2559 596 2589 non
631 2542 763 2590 modo
789 2543 1004 2590 theoretice
1039 2542 1381 2607 probabiliorem
1405 2560 1505 2590 esse
1522 2543 1612 2606 gal-

233 2664 299 2704 (35)
320 2666 370 2697 De
403 2666 621 2698 institutione
653 2665 884 2699 sacerdotum.
920 2668 974 2699 Tr.
998 2666 1040 2699 de
1073 2668 1306 2700 matrimonio.
1341 2666 1446 2699 Sectio
1477 2668 1532 2698 lv.
1555 2667 1610 2698 Di-

146 2716 230 2758 linge
254 2722 341 2750 1558.

233 2770 298 2810 (36)
322 2773 368 2803 De
387 2780 535 2804 sacram.
559 2773 713 2804 macrim.
738 2773 867 2810 Quaest.
883 2773 954 2804 VH.
972 2774 1032 2806 art.
1053 2778 1082 2805 2.
1099 2773 1239 2805 conclus.
1267 2775 1293 2805 1.
1312 2774 1344 2805 et
1359 2774 1400 2804 11.

231 2823 296 2863 (37)
319 2826 432 2856 Tracc.
450 2824 492 2857 de
508 2827 659 2858 matrim.
683 2835 754 2866 cap.
771 2828 841 2858 vll.
858 2827 917 2858 art.
935 2828 975 2858 ΙΙ.
991 2827 1135 2859 conclus.
1151 2836 1182 2858 n.
1205 2832 1255 2860 66.
1274 2827 1370 2859 refert
1386 2836 1444 2868 pro
1463 2826 1523 2858 hac
1538 2827 1606 2868 ipsa

142 2874 292 2915 opinione
319 2877 447 2909 Petrum
473 2877 513 2910 de
539 2879 667 2918 Mai-ca,
695 2879 804 2911 carol.
827 2879 1057 2912 Merinvillium
1072 2905 1081 2921 ,
1100 2880 1207 2912 carol,
1230 2879 1417 2920 d’Argentre
1437 2880 1497 2912 etc.
