1980 3260
204 251 295 286 cir.
312 253 374 285 ιιι.
391 252 442 284 nn
461 247 861 284 nccn.ro‘r.1›1s1>.m
883 248 971 281 mr.
990 250 1116 283 nura.
1133 250 1216 282 mn.
1235 250 1327 282 aar.
1344 247 1401 281 ιν.
1474 234 1559 280 141

111 329 300 378 Levitico
333 330 572 378 constituta
595 338 713 386 sunt,
741 326 891 376 divino
918 327 1013 374 iure
1037 344 1125 374 non
1149 327 1339 392 amplius
1372 326 1568 391 obligare

110 406 381 454 christianos
399 445 409 463 ‚
446 406 511 453 uti
546 405 656 452 alias
689 414 732 452 et
764 421 844 452 nos
879 403 1290 460 animadvertimus;
1319 421 1419 451 cum
1447 404 1567 466 leges

111 482 453 530 caeremoniales
483 499 535 530 ac
569 480 798 529 iudiciales
823 497 902 544 per
925 479 1149 527 Christum
1172 479 1360 526 abolitae
1387 479 1564 527 suerint.

113 558 158 604 Si
184 559 369 623 proinde
392 558 481 605 illis
507 556 834 621 impedimentis
858 556 1005 603 adhuc
1028 566 1277 603 tenerentur
1309 555 1568 612 christiani,

113 634 213 682 ideo
235 644 354 682 esset
370 671 380 690 ‚
408 634 515 697 quia
539 642 787 696 spectarent
819 632 875 679 ad
909 632 1049 695 legem
1076 631 1283 679 moralem
1308 648 1388 678 seu
1414 631 1471 678 ad
1493 648 1573 678 na-

114 720 240 758 turae
270 709 438 772 legem;
476 718 608 771 atque
635 708 719 755 hoc
745 708 895 771 reipsa
927 707 1011 754 fuit
1042 707 1162 772 quod
1196 717 1477 754 autumarunt
1498 724 1574 754 ve-

116 796 230 833 teres
255 785 317 832 ita
340 782 576 846 nuncupati
602 782 909 830 reformatores
939 784 1066 845 (103)
1094 783 1395 846 potissimum,
1416 792 1466 830 ut
1489 783 1574 830 hac

116 862 284 909 ratione
312 857 489 906 Henrici
517 857 630 904 VIII.
659 856 842 919 Angliae
875 857 990 920 regis
1026 857 1279 919 coniugium
1316 874 1416 904 cum
1450 857 1576 905 Anna

114 935 279 1001 Boylen
313 933 666 982 cohonestarent.
695 933 804 978 Nam
828 932 934 980 huic
956 932 1095 979 innixi
1120 931 1428 993 fundamento,
1455 932 1575 997 quod

116 1009 280 1075 gradus
314 1026 466 1057 omnes
499 1008 592 1056 sive
623 1007 1019 1071 consanguinitatis
1050 1007 1143 1055 sive
1175 1006 1412 1054 affinitatis
1429 1007 1474 1053 in
1499 1008 1578 1055 Le-

115 1085 247 1134 vitico
277 1083 521 1132 enumerati
539 1083 596 1131 ad
618 1082 832 1131 ecclesiae
860 1083 1160 1130 auctoritatem
1192 1083 1374 1130 minime
1406 1092 1579 1146 specta-

121 1171 242 1218 rent,
276 1160 476 1225 adeoque
499 1177 526 1207 a
549 1176 656 1207 rom.
679 1158 885 1224 pontifice
914 1158 961 1205 in
988 1158 1110 1206 nullo
1141 1175 1293 1206 eorum
1325 1157 1579 1223 dispensari

119 1246 302 1303 posset,
339 1235 580 1284 intulerunt
611 1234 920 1283 relaxationem
938 1272 949 1292 ,
985 1252 1065 1283 seu
1102 1235 1277 1283 veniam
1312 1252 1340 1282 a
1372 1234 1581 1299 pontifice

118 1314 309 1361 Henrico
354 1313 515 1360 factam
547 1310 736 1359 ducendi
771 1311 1057 1358 catharinam.
1086 1311 1278 1359 Arthuro
1321 1310 1417 1358 eius
1457 1310 1579 1358 fratri

119 1388 400 1436 matrimonio
444 1387 722 1435 coniunctam
750 1423 760 1443 ,
805 1385 910 1433 licet
940 1386 1220 1434 matrimonio
1254 1403 1342 1433 non
1376 1402 1582 1433 consum-

119 1473 237 1511 mato
271 1464 318 1510 in
350 1463 566 1510 viduitate
600 1462 823 1519 relictam,
851 1461 1018 1510 nullius
1051 1461 1191 1509 fuisse
1224 1461 1402 1509 valoris.
1434 1461 1581 1517 Quum

121 1540 305 1605 proinde
329 1539 478 1586 irritae
502 1538 665 1586 fuerint
686 1536 866 1602 nuptiae
882 1547 1034 1602 utpote
1057 1537 1372 1602 impedimento
1390 1537 1584 1584 irretitae

121 1616 255 1681 primi
274 1615 504 1663 affinitatis
523 1614 703 1678 gradus,
715 1614 792 1679 qui
811 1614 858 1660 in
868 1614 1059 1662 Levitico
1072 1614 1333 1671 continetur,
1346 1613 1583 1660 Henricum

124 1691 219 1739 iure
233 1729 243 1748 ‚
266 1691 352 1739 hoc
373 1690 591 1738 dissoluto
613 1689 840 1753 coniugio,
867 1689 923 1737 ad
942 1707 1078 1738 novas
1101 1689 1282 1754 nuptias
1306 1687 1580 1736 convolasse.

220 1767 300 1815 Ast
338 1767 627 1815 tridentinum
669 1767 906 1814 concilium
941 1766 1061 1814 hunc
1094 1776 1351 1814 novatorum
1395 1781 1587 1812 errorem

126 1843 408 1892 anathemate
431 1843 612 1891 confixit
634 1860 747 1891 sess.
764 1843 912 1889 XXIV.
934 1842 1020 1890 hoc
1037 1859 1134 1890 can.
1152 1842 1230 1888 ΙΙΙ.
1254 1861 1275 1885 «
1289 1841 1334 1886 Si
1352 1840 1453 1905 quis
1470 1840 1588 1887 dixe-

128 1919 201 1976 rit,
229 1935 305 1966 eos
330 1928 499 1966 tantum
533 1917 929 1981 consanguinitatis
963 1927 1006 1964 et
1039 1917 1265 1964 affinitatis
1291 1915 1454 1979 gradus
1472 1953 1482 1972 ,
1511 1914 1589 1979 qui

126 1995 317 2043 Levitico
350 1994 653 2059 exprimuntur
669 2032 680 2051 ,
713 2011 845 2059 posse
879 1994 1094 2058 impedire
1128 1992 1456 2040 matrimonium
1488 2007 1590 2038 con-

126 2070 406 2126 trahendum,
434 2080 478 2117 et
499 2070 707 2117 dirimere
737 2080 1034 2126 contractum3
1062 2086 1136 2115 nec
1154 2086 1278 2133 posse
1301 2067 1520 2114 ecclesiam
1542 2067 1591 2113 in

129 2145 348 2193 nonnullis
371 2146 562 2207 ipsorum
586 2144 860 2208 dispensare;
887 2144 1039 2193 anath.
1069 2144 1174 2191 sit.»
1198 2143 1334 2206 Igitur
1356 2141 1422 2189 uti
1446 2151 1591 2189 ratum

130 2220 498 2284 exploratumque
520 2215 710 2266 assumit
732 2220 967 2268 concilium
991 2237 1078 2268 non
1103 2228 1255 2268 omnes
1280 2217 1521 2266 recensitos
1545 2217 1592 2264 in

129 2296 322 2350 Levitico
353 2295 447 2343 sive
477 2296 903 2359 consanguineitatis
933 2297 1029 2344 sive
1057 2294 1284 2344 affinitatis
1318 2294 1482 2358 gradus
1511 2293 1594 2340 im·-

130 2371 282 2437 pedire
304 2382 382 2419 aut
401 2371 607 2419 dirimere
629 2372 835 2435 coniugia
857 2372 901 2421 vi
925 2371 1035 2435 legis
1058 2370 1238 2419 moralis
1263 2369 1419 2418 saltem
1441 2385 1594 2434 presse

130 2458 360 2512 sumptae;
389 2447 586 2512 alioquin
619 2448 801 2496 minime
832 2448 1110 2497 definivisset
1133 2464 1266 2513 posse
1289 2446 1522 2495 ecclesiam
1546 2445 1592 2492 in

133 2523 360 2572 nonnullis
393 2523 568 2571 illorum
600 2523 860 2588 dispensare
880 2525 1027 2587 (104).

227 2639 314 2681 (103)
334 2639 526 2673 cuiusmodi
542 2641 625 2673 inter
636 2642 759 2674 ceteros
772 2641 901 2674 fuerunt
907 2641 1067 2675 Lutherus
1076 2665 1085 2682 ,
1096 2643 1238 2675 Bucerus
1245 2666 1255 2683 ,
1267 2641 1422 2675 Calvinus
1431 2663 1442 2681 ,
1451 2637 1596 2672 Chemni·

132 2691 216 2732 tius,
235 2692 356 2733 aliique
369 2692 456 2725 illius
469 2693 584 2726 aetatis
595 2693 734 2726 sectarii.

227 2743 313 2785 (104)
332 2747 529 2786 Argumenta
552 2746 669 2787 quibus
687 2746 822 2788 praefati
834 2745 987 2780 haeretici
1004 2748 1225 2782 innitebantur
1237 2748 1275 2780 ut
1289 2745 1472 2780 evincerent
1486 2751 1598 2776 omnes
1668 2746 1670 2748 '

133 2795 267 2828 Levitici
283 2797 401 2838 gradus
420 2791 466 2830 'ad
485 2799 588 2840 legem
609 2800 754 2841 spectare
766 2800 899 2833 naturae
913 2800 1065 2842 expendit
1081 2796 1295 2841 dissolvitque
1308 2797 1520 2832 Bellanninus
1534 2795 1596 2827 loc.

134 2847 191 2880 cit.
207 2857 279 2891 cap.
296 2852 425 2884 xxvll.
442 2851 519 2885 item
533 2852 653 2893 Kugler
665 2861 720 2894 op.
733 2853 767 2885 et
778 2853 839 2886 loc.
853 2852 908 2885 cit.
925 2852 1046 2894 aliique
1057 2853 1186 2895 passim.
