1980 3260
226 239 317 271 cst.
340 240 386 272 11.
411 239 462 272 DE
482 240 622 273 roms.
640 241 776 275 mmc-
797 242 879 274 1⁸11).
895 241 977 275 cm.
997 242 1122 274 uun.
1141 238 1301 275 cumsr'.
1320 242 1412 274 ΛΒΤ.
1431 242 1460 274 1.
1512 221 1612 274 365

146 317 294 366 verbis
328 316 486 384 repetit
519 337 732 368 canonem
767 319 942 368 concilii
977 320 1234 384 agathensis
1268 319 1616 384 (19).»'Fatetur

149 394 331 458 quidem
367 395 632 453 concilium,
668 395 706 443 si
737 392 897 460 placet,
935 395 1034 444 illos
1069 395 1234 459 gradus
1267 395 1536 461 prohibitos,
1564 411 1617 442 ex

146 471 268 518 more
303 489 465 536 nempe
497 472 715 519 maiorum
734 510 744 529 ‚
784 489 864 520 seu
899 482 1073 536 patrum
1097 509 1107 529 ‚
1155 472 1232 537 qui
1269 471 1436 519 iamdiu
1468 461 1619 536 prohi-

145 545 365 604 buerant,
409 564 497 594 non
531 558 679 595 autem
716 565 769 595 ex
803 547 899 596 sola
932 548 1183 613 principum
1207 541 1347 612 iege,
1386 558 1479 595 tum
1513 547 1620 612 quia

145 621 224 670 ubi
257 622 492 670 concilium
527 623 796 671 celebratum
820 635 910 680 est,
939 642 1027 672 non
1051 624 1245 689 amplius
1277 613 1458 687 vigebat¹
1486 623 1620 687 impe-

149 708 345 746 ratorum
376 698 474 754 lex,
508 699 587 745 sed
622 698 691 746 lex
716 700 954 747 Gothorum
977 702 1095 762 (20),
1119 710 1250 764 prout
1278 698 1412 747 etiam
1444 698 1521 746 ubi
1554 715 1621 746 ce-

147 772 364 821 lebratum
399 783 468 821 est
502 773 624 820 aliud
665 775 901 822 concilium
931 813 941 832 ‚
986 775 1156 823 scilicet
1195 791 1447 839 epaonense
1486 776 1616 837 (21);

147 858 241 896 tum
267 850 375 914 quia
398 867 485 898 non
510 850 653 897 solum
682 850 794 898 haec
823 844 1011 898 concilia
1035 861 1307 907 statuerunt,
1333 861 1381 898 ut
1403 851 1449 897 in
1474 859 1621 914 poste-

147 941 245 972 rum
279 925 403 972 irrita
434 926 579 973 forent
618 926 838 974 eiusmodi
883 926 1135 983 connubia,
1174 926 1253 974 sed
1288 936 1552 998 praeterea
1530 925 1622 972 de-

147 1000 373 1049 clararunt
395 1001 570 1060 valida,
603 1019 719 1068 quae
755 1001 968 1053 hactenus
1003 994 1112 1049 inita
1145 1001 1309 1050 fuerint
1341 989 1622 1048 matrimonia

148 1076 196 1124 in
221 1077 313 1125 illis
338 1076 572 1125 affinitatis
605 1077 818 1141 gradibus
850 1078 967 1140 (22)
991 1077 1088 1133 Quo
1111 1069 1399 1125 ostenderunt
1422 1093 1471 1123 se
1493 1093 1623 1140 agere

150 1171 204 1202 ex
237 1155 416 1220 propria
449 1155 733 1211 auctoritate,
768 1153 965 1219 alioquin
991 1170 1079 1201 non
1103 1153 1366 1225 probassent
1387 1153 1452 1201 uti
1475 1152 1624 1202 valida

150 1230 230 1278 illa
261 1231 496 1295 coniugia,
533 1249 648 1296 quae
680 1231 801 1278 iuxta
829 1230 1134 1303 Spalatensem
1168 1240 1211 1278 et
1234 1230 1477 1278 Launoium
1501 1230 1624 1277 irrita

148 1306 342 1354 fuissent
368 1324 447 1372 per
476 1307 596 1371 leges
631 1307 970 1372 imperatorum;
1000 1316 1092 1354 tum
1116 1306 1309 1372 denique
1337 1307 1445 1372 quia
1477 1305 1624 1354 decla-

150 1393 304 1429 rarunt
332 1393 480 1447 patres
506 1400 554 1430 se
578 1399 665 1430 non
695 1400 748 1430 ex
775 1376 1026 1447 principum
1061 1381 1200 1429 seculi
1234 1371 1514 1439 auctoritate*
1544 1381 1623 1429 sed

150 1459 333 1523 propria
367 1459 624 1507 auctoritate
657 1469 701 1507 et
734 1459 925 1506 nomine·
945 1476 1140 1506 canones
1174 1459 1385 1506 edidisse
1409 1459 1485 1506 Sic
1504 1458 1623 1506 enim

150 1533 421 1600 subscripsit
453 1534 690 1583 Caesarius
733 1535 970 1600 episcopus
999 1534 1275 1582 arelatensis
1314 1534 1489 1602 concilii
1523 1551 1625 1618 aga-

152 1610 326 1658 thensis
363 1628 573 1675 praeses:
610 1611 740 1674 «Ego
772 1610 1053 1657 Caesarius
1042 1629 1087 1657 ιιι
1121 1610 1287 1658 Christi
1322 1610 1501 1658 nomine
1532 1609 1626 1675 'epi—

149 1703 319 1750 scopus
360 1686 655 1743 arelatensis,
694 1686 815 1734 iuxta
851 1687 896 1733 id
932 1685 1052 1751 quod
1089 1686 1307 1734 universis
1348 1682 1626 1750 coepiscopis

151 1762 289 1819 meis,
319 1762 396 1827 qui
422 1764 594 1810 mecum
619 1762 1006 1827 subscripserunt5
1037 1762 1234 1827 placuit,
1258 1771 1422 1809 statuta
1448 1770 1627 1825 patrum

156 1840 279 1901 (non
306 1839 444 1903 igitur
475 1840 791 1904 imperatorum
827 1850 902 1886 aut
936 1833 1146 1903 regum),
1186 1849 1388 1894 secutus,
1421 1837 1493 1885 his
1521 1837 1627 1884 defi-

152 1914 398 1963 nitionibus
425 1915 676 1980 subscripsi
701 1917 850 1978 (23).»
874 1915 947 1962 Sic
968 1932 1072 1962 vero
1095 1914 1365 1962 Viventiolus
1390 1913 1627 1978 episcopus

151 1990 446 2054 lugdunensis
471 2002 515 2039 et
537 1991 715 2039 concilii
756 1991 1022 2056 epaonensis
1065 2000 1245 2055 praeses
1286 1988 1621 2036 haec’adiecit:

156 2086 180 2112 «
198 2067 426 2115 Praesenti
450 2066 768 2132 protestatione
791 2065 1003 2113 denuntio
1028 2075 1292 2113 conventum
1316 2064 1627 2129 episcoporum

154 2143 355 2192 omnium
379 2144 513 2191 sortis
538 2154 716 2191 nostrae
732 2180 742 2200 ‚
771 2143 888 2190 circa
912 2141 1184 2207 Septembris
1218 2140 1388 2188 mensis
1421 2140 1622 2196 initium,

155 2219 202 2267 in
236 2219 480 2285 epaonensi
515 2220 720 2285 paroecia
752 2235 853 2267 mox
888 2219 1107 2277 futurum;
1143 2217 1221 2265 uhi
1254 2216 1459 2275 clericos,
1499 2227 1629 2283 prout

252 2379 319 2420 (19)
342 2379 424 2412 ibid.

248 2432 316 2473 (20)
338 2432 406 2465 Sub
430 2432 558 2465 Alarico
585 2432 672 2464 enim
700 2432 873 2474 gothorum
896 2440 968 2473 rege
989 2431 1202 2465 versabantur
1225 2431 1331 2473 patres
1361 2429 1549 2471 agathenses
1567 2425 1629 2460 'sub

153 2485 345 2526 Symmacho
361 2494 444 2526 papa
459 2494 512 2517 an.
529 2490 598 2518 506.

252 2538 318 2579 (21)
341 2538 407 2570 Sub
422 2538 688 2579 Burgundionum
704 2538 845 2580 ditione,
863 2547 915 2571 an.
929 2541 999 2571 517.
1017 2538 1185 2571 ecclesiam
1205 2538 1331 2578 regente
1346 2533 1519 2568 Hormisda
1533 2541 1626 2574 papa.

253 2590 319 2631 (22)
341 2592 379 2622 In
394 2591 533 2622 concilio
548 2591 634 2623 enim
656 2590 822 2632 agathensi
844 2592 917 2632 post
937 2591 1071 2623 recitata
1093 2599 1111 2622 a
1131 2592 1179 2623 De
1198 2589 1346 2623 Dominis
1362 2587 1460 2620 verba
1479 2586 1626 2618 additur:

159 2656 175 2672 ιι
190 2643 286 2680 Quod
307 2643 353 2675 ita
374 2643 407 2675 in
431 2645 590 2684 praesenti
612 2645 757 2685 tempore
777 2643 1003 2685 prohibemus,
1019 2645 1062 2676 ut
1079 2651 1120 2676 ea
1136 2651 1226 2685 quae
1240 2643 1324 2675 sunt
1344 2640 1511 2673 hactenus
1532 2639 1629 2671 insei-

160 2698 263 2735 tuta,
295 2705 364 2730 non
399 2696 674 2730 dissolvantur.»
690 2699 729 2729 Et
749 2697 782 2730 in
804 2706 896 2730 conc.
919 2697 1092 2738 epaonensi
1115 2697 1233 2738 pariter
1254 2695 1384 2735 legitur:
1408 2706 1423 2720 «ι
1439 2691 1534 2730 Quod
1556 2692 1592 2724 ut
1611 2700 1630 2723 a

158 2750 317 2791 praesenti
338 2750 482 2791 tempore
503 2749 731 2791 prohibemus,
755 2752 808 2783 ila
829 2759 870 2783 ea
891 2759 984 2792 quac
1004 2752 1089 2783 sunt
1112 2750 1269 2782 anterius
1290 2747 1457 2779 instituta
1477 2753 1544 2778 non
1564 2745 1629 2778 soe-

162 2804 309 2836 nunus.»
319 2805 410 2840 Quae
425 2804 559 2845 quidem
579 2804 678 2837 verba
695 2804 805 2837 omisit
825 2805 1031 2846 spalatensis.

255 2855 322 2896 (23)
343 2857 436 2898 Apud
458 2857 682 2890 Sirmondum:
712 2857 866 2891 Concilia
887 2859 1036 2899 antiqua
1059 2856 1194 2890 Galliac
1210 2856 1288 2887 tom.
1307 2856 1330 2886 1.
1348 2862 1420 2895 pag.
1442 2855 1510 2885 173.
