1980 3260
338 268 424 312 472
590 281 668 311 un.
699 281 744 310 11.
774 280 886 311 secr.
916 280 1087 310 Arreni.
1118 280 1169 310 ni:
1205 280 1368 312 rorusr.
1400 281 1540 318 civim.

330 358 442 404 bene
487 356 767 402 cohaerentia
792 394 801 412 ,
848 357 935 403 imo
977 374 1081 403 vero
1121 356 1393 403 contendunt
1434 356 1666 404 ecclesiam
1712 361 1799 405 non

330 433 528 497 potuisse
561 431 817 479 christianis
852 432 1129 496 principibus
1164 431 1274 479 illud
1307 433 1380 479 ius
1417 433 1679 481 interdicere
1714 451 1805 499 quo

331 507 533 554 infideles
559 507 801 571 potiuntur,
825 524 906 554 nec
925 508 1124 572 potuisse
1145 508 1371 573 principes
1397 508 1494 555 iure
1518 526 1600 556 suo
1623 527 1677 556 ex
1707 509 1809 574 pie--

330 595 418 630 tate
457 583 637 639 cedere,
677 583 784 648 quin
825 583 971 648 potius
1007 584 1183 648 pietatis
1218 602 1319 632 esse
1357 585 1524 648 regalia
1558 586 1655 634 iura
1687 586 1804 634 divi-

330 660 448 706 nitus
474 669 653 723 accepta
678 670 830 707 sancte
864 677 1040 707 servare
1077 661 1172 722 (54)
1191 698 1201 716 ,
1235 661 1487 718 vindicare,
1522 679 1573 709 ac
1609 662 1650 710 si
1691 663 1805 710 sorte

330 736 374 781 in
410 735 750 783 desuetudinem
780 735 970 782 abierint
994 753 1215 784 revocare.
1247 737 1367 784 Haec
1396 748 1531 802 atque
1557 737 1662 794 alia,
1686 755 1804 803 quae

330 829 355 857 a
390 812 611 874 regalistis
648 822 798 859 contra
824 812 1054 875 theologos
1089 822 1327 876 urgentur,
1365 822 1510 861 aerem
1543 813 1798 870 verberant,

330 888 368 935 si
394 888 531 934 fixum
557 899 788 953 ratumque
813 889 892 944 sit,
922 889 1046 953 ipsos
1077 888 1210 936 etiam
1235 889 1438 937 infideles
1467 890 1670 955 pincipes
1702 889 1804 937 nul-

328 963 419 1009 lum
453 963 524 1011 ius
560 963 724 1010 habere
756 964 801 1010 in
847 964 1178 1011 matrimonium
1214 963 1478 1012 infidelium.
1511 965 1647 1013 Hisce
1679 965 1803 1012 diffi-

329 1171 422 1202 multi
438 1171 513 1202 sunt
526 1171 603 1202 anni
623 1169 713 1211 quod
725 1170 883 1211 potestate
898 1170 1103 1202 serendarum
1119 1170 1205 1203 circa
1223 1170 1477 1203 matrimoniales
1492 1170 1678 1203 contractus
1693 1162 1803 1210 legum

328 1223 551 1263 laudabiliter,
578 1224 615 1254 ut
640 1223 792 1262 decebat,
825 1223 982 1254 fruimini.
1003 1225 1075 1254 Non
1101 1231 1233 1263 possum
1256 1231 1322 1255 non
1353 1224 1432 1255 satis
1456 1223 1589 1255 laudare
1609 1222 1806 1263 obsequium

327 1277 488 1316 vestrum;
511 1276 568 1308 sed
589 1276 675 1307 haud
699 1275 850 1307 morabor
871 1285 931 1307 vos
952 1275 1075 1307 diutius
1082 1287 1092 1316 ;
1116 1275 1182 1307 iam
1202 1277 1330 1317 tempus
1350 1278 1400 1308 est
1420 1278 1458 1308 ut
1478 1276 1600 1310 vacetis
1613 1275 1701 1317 otio,
1714 1267 1747 1309 et
1760 1275 1804 1319 ab

326 1329 382 1360 illo
405 1328 516 1360 labore
536 1328 715 1361 desistatis:
740 1330 807 1368 Ego
829 1328 1032 1360 considerata
1051 1337 1102 1367 re,
1126 1329 1159 1360 et
1179 1331 1268 1360 motu
1291 1330 1440 1371 proprio,
1464 1329 1561 1362 statui
1583 1329 1625 1362 de
1644 1329 1804 1373 potestate

327 1381 384 1412 illa
400 1381 480 1412 mihi
495 1381 648 1421 deinceps
671 1380 933 1420 accommodare,
951 1382 984 1413 et
999 1390 1057 1414 vos
1078 1383 1168 1414 tanto
1187 1390 1284 1414 onere
1306 1382 1424 1414 levare.
1440 1375 1618 1415 christiani
1639 1380 1802 1423 principes

324 1433 437 1465 audito
453 1442 600 1466 sermone
615 1435 683 1465 tam
696 1433 815 1465 blando
828 1435 1076 1474 consenserunt,
1094 1435 1213 1475 gratias
1229 1436 1381 1476 egerunt,
1393 1437 1425 1467 et
1436 1436 1568 1476 accepta
1579 1434 1806 1468 benedictione

328 1488 360 1518 et
373 1486 581 1527 indulgentiis
601 1487 721 1518 reversi
743 1487 819 1518 sunt
839 1487 871 1517 in
896 1487 1058 1527 regionem
1079 1496 1183 1519 suam.
1201 1489 1318 1520 Actum
1334 1488 1387 1520 die
1411 1490 1451 1520 N.
1463 1489 1622 1527 menseet
1640 1489 1765 1531 ωυρμ
1778 1499 1799 1531 ,'’

326 1541 336 1579 (
351 1548 422 1580 pag.
440 1548 492 1580 op.
514 1540 547 1571 et
567 1538 617 1571 ed.
636 1539 691 1571 cit.
707 1539 794 1579 521.)
812 1541 898 1571 certe
922 1541 1053 1581 apertus
1078 1541 1259 1574 haereticus
1283 1541 1482 1582 nequivisset
1500 1540 1581 1573 adeo
1599 1533 1805 1582 impudenter

325 1593 534 1625 debacchari.
1798 1606 1804 1623 z

422 1646 487 1684 (54)
509 1647 557 1678 Ita
585 1646 669 1678 inter
690 1647 813 1686 ceteros
835 1646 972 1679 Iacobus
994 1648 1130 1679 Bolaeus
1151 1647 1265 1680 doctor
1287 1649 1318 1680 et
1339 1648 1448 1680 socius
1474 1647 1671 1680 sorbonicus
1691 1647 1803 1700 ἧπαρ.

329 1699 446 1732 Ίῖναίέέ
469 1698 528 1731 des
543 1699 796 1741 empechemens
815 1699 865 1732 du
884 1702 1056 1741 mariaqe,
1075 1701 1121 1733 οἲι
1137 1700 1203 1733 l’on
1221 1699 1300 1740 fait
1318 1703 1412 1740 voir,
1435 1708 1502 1742 que
1521 1699 1553 1732 le
1571 1699 1665 1733 droit
1682 1689 1803 1741 qu’on't

327 1753 375 1785 les
391 1754 459 1784 rois
473 1754 507 1784 et
523 1752 570 1784 les
581 1754 718 1793 princes
734 1752 810 1784 d’en
825 1752 954 1784 ecablir
975 1753 997 1785 ὰ
1019 1753 1150 1794 l’eqard
1171 1753 1214 1785 de
1239 1753 1335 1786 leurs
1355 1753 1484 1793 sujets,
1504 1752 1562 1785 n'a
1574 1752 1629 1794 pvl'
1642 1752 1720 1784 leur
1730 1752 1805 1784 etv-'e

324 1806 380 1838 όίέ
394 1815 462 1846 par
484 1805 636 1838 violence
657 1814 701 1837 ou
722 1814 790 1846 par
806 1805 911 1846 prete.
929 1808 963 1837 ln
984 1806 1046 1838 hoc
1068 1815 1144 1838 vero
1166 1807 1320 1838 Tractatu
1344 1815 1416 1847 cap.
1445 1808 1501 1838 Vl.
1532 1805 1579 1838 ita
1604 1805 1723 1839 scribit
1747 1804 1805 1838 hic

325 1861 453 1891 auctor:
471 1872 485 1886 α
495 1859 520 1890 ll
537 1868 555 1899 y
570 1867 589 1890 a
602 1858 686 1890 deux
707 1860 810 1891 sortes
825 1859 865 1890 de
884 1858 1073 1891 sentiments
1092 1859 1149 1891 des
1168 1859 1369 1900 theologiens
1384 1860 1417 1891 et
1431 1859 1489 1891 des
1501 1858 1682 1891 canonistes
1694 1866 1751 1891 sur
1765 1864 1804 1889 ce

325 1912 425 1951 sujet,
445 1911 503 1952 qui
529 1912 657 1953 voyant
680 1911 755 1943 bien
777 1911 1119 1953 qec'oriqinairement
1146 1912 1195 1944 les
1217 1914 1359 1953 princes
1388 1913 1519 1944 etaient
1547 1910 1637 1943 dans
1658 1909 1690 1942 le
1709 1909 1804 1942 drou

326 1963 474 1996 ‹l'etablir
496 1963 552 1996 des
573 1963 817 2004 empecbemens
838 1972 901 1995 aux
924 1963 1067 2004 mariage
1092 1964 1133 1996 de
1157 1964 1243 1997 leurs
1264 1964 1366 2004 sujets
1388 1965 1460 1996 tant
1477 1963 1638 2005 baptizes,
1655 1969 1802 2005 quemn

328 2017 495 2058 baptizes,
524 2017 742 2057 catholiques,
762 2016 1022 2058 qu'heretiques,
1051 2026 1085 2049 se
1112 2018 1187 2049 sont
1210 2016 1315 2048 avises
1342 2016 1383 2048 de
1403 2016 1496 2062 dire,
1514 2024 1578 2056 que
1607 2014 1653 2047 les
1674 2013 1804 2055 princes

326 2070 456 2102 avaient
468 2070 518 2101 ete
532 2069 711 2110 depouilles
725 2069 766 2102 de
786 2078 824 2102 ce
841 2069 939 2102 droit.
952 2072 1014 2102 Les
1026 2078 1087 2102 uns
1099 2069 1312 2111 pretendent,
1323 2068 1424 2109 qu'ils
1439 2077 1479 2100 en
1491 2069 1549 2100 ont
1559 2067 1612 2099 ete
1625 2062 1806 2108 deponmes

327 2132 386 2164 par
401 2123 434 2154 la
454 2131 598 2162 reserve,
620 2132 684 2163 que
704 2124 735 2155 le
759 2125 842 2164 Pape
862 2123 939 2156 s'est
957 2123 1034 2155 faite
1055 2122 1096 2154 de
1116 2131 1153 2154 ce
1174 2122 1333 2164 pouvoir;
1358 2125 1390 2154 et
1411 2122 1457 2154 les
1478 2122 1588 2157 autres
1607 2129 1672 2161 que
1688 2119 1803 2156 l’ahdi-

326 2176 434 2208 cat-ion
465 2176 646 2208 volontaire
667 2177 762 2217 qu'en
783 2177 841 2208 ont
860 2176 918 2208 fait
939 2176 985 2208 les
1006 2175 1132 2217 princes
1152 2184 1191 2207 en
1208 2176 1319 2207 saveur
1334 2174 1375 2206 de
1388 2173 1522 2215 l'eglise.
1537 2173 1679 2205 Sanchez
1693 2173 1742 2213 est
1755 2172 1801 2204 du

326 2229 466 2270 premier
482 2228 808 2261 sentiment...Pierre
821 2231 938 2262 Soto...
947 2231 996 2262 est
1008 2229 1165 2270 persuade
1178 2237 1243 2270 que
1256 2237 1293 2260 ce
1308 2228 1390 2260 n’est
1406 2236 1463 2269 pas
1477 2228 1508 2260 le
1522 2235 1623 2268 pape,
1635 2226 1669 2258 ni
1681 2212 1804 2270 1³e'glis'e

327 2283 385 2324 qui
406 2283 477 2315 leur
497 2291 537 2314 en
559 2290 580 2313 a
599 2282 733 2314 interdit
753 2283 892 2324 l’usage‚
910 2283 994 2315 mais
1015 2291 1079 2324 que
1097 2291 1151 2315 ces
1168 2283 1296 2324 princes
1316 2281 1375 2313 out
1394 2281 1473 2313 cede
1487 2289 1524 2313 cc
1538 2280 1627 2312 droit
1644 2287 1704 2321 par
1716 2279 1804 2321 piete

327 2337 360 2368 et
379 2335 420 2368 de
441 2335 548 2368 bonne
571 2335 703 2367 volente
719 2335 739 2366 ὲι
754 2336 875 2376 l'eglise
886 2361 896 2376 ,
912 2336 953 2368 de
967 2336 1043 2368 telle
1061 2337 1148 2368 sorte
1167 2336 1320 2377 pourtant
1332 2343 1396 2376 que
1416 2334 1463 2366 les
1481 2334 1605 2378 princes
1619 2331 1805 2376 pourraieut

327 2398 443 2421 encore
457 2397 492 2421 se
507 2388 679 2420 maintenir
691 2388 773 2420 dans
789 2390 839 2420 cet
852 2399 966 2430 usage,
990 2391 1022 2422 et
1042 2399 1173 2422 exercet
1196 2390 1226 2422 le
1246 2389 1334 2421 droit
1355 2388 1452 2429 qn’ils
1470 2380 1547 2427 ont,
1565 2388 1598 2419 et
1617 2380 1675 2428 qui
1693 2386 1743 2418 est
1755 2386 1801 2418 at-

327 2442 422 2474 tache
436 2442 456 2474 a
469 2442 540 2474 leur
555 2441 920 2474 autorite....Monsieur
933 2442 1069 2475 Gerbais
1085 2443 1169 2475 tient
1189 2442 1220 2474 le
1241 2442 1416 2474 sentiment
1429 2440 1471 2473 de
1483 2439 1692 2479 Soto...Ma‘is
1711 2438 1739 2471 si
1758 2436 1804 2470 o'n

326 2495 424 2531 disait
436 2495 456 2527 a
474 2503 535 2527 mr.
548 2494 703 2540 Gerbaisk,
724 2502 787 2535 que
803 2494 835 2525 la
847 2494 932 2535 piete
953 2495 1010 2527 des
1027 2495 1154 2536 princes
1176 2495 1317 2527 consiste
1331 2495 1351 2527 a
1363 2496 1536 2539 conserver
1547 2492 1710 2538 l’autorite
1721 2490 1806 2536 dont,

324 2550 405 2582 Dieu
423 2548 470 2581 les
481 2557 503 2582 a
519 2547 638 2580 rendus
656 2547 887 2588 depositaires3
902 2556 1030 2580 comme
1050 2548 1131 2580 celle
1152 2547 1193 2580 de
1213 2547 1337 2588 l’eglise
1348 2547 1368 2579 a
1379 2555 1420 2579 ne
1437 2554 1495 2587 pas
1514 2553 1651 2586 usurpet
1666 2546 1805 2604 sapstun

326 2601 423 2633 ordre
441 2600 555 2642 expres
575 2600 616 2632 de
637 2599 738 2639 Dieu,
753 2599 811 2641 qni
834 2608 853 2631 a
873 2599 960 2640 regie
981 2600 1014 2631 la
1034 2599 1210 2632 differenee
1230 2599 1289 2632 des
1309 2593 1620 2640 deux'pui'ssanees,
1637 2593 1720 2628 ainsi
1737 2602 1805 2636 que

327 2663 387 2686 mr.
410 2653 605 2695 Hennequin
625 2653 669 2685 l’a
688 2652 716 2685 si
737 2651 812 2685 bien
841 2651 992 2692 observe,
1017 2652 1041 2684 il
1062 2661 1102 2684 ne
1125 2652 1324 2693 regarderait
1342 2651 1504 2693 peut-etta
1524 2658 1582 2691 pas
1608 2649 1692 2688 cett-,e
1716 2647 1805 2690 piet&

327 2709 384 2740 des
404 2707 531 2748 princes
552 2715 679 2739 comme
699 2714 743 2737 un
765 2705 793 2738 si
814 2705 895 2737 beau
916 2705 1010 2744 titre,
1033 2713 1116 2746 pour
1137 2705 1218 2736 faire
1238 2713 1350 2747 passer
1369 2704 1442 2737 leur
1463 2701 1799 2746 autoriteal’eglise...

327 2759 408 2791 Mais
423 2759 526 2799 enfin,
546 2757 656 2800 quand
678 2755 809 2798 est-ce,
822 2765 863 2789 en
885 2756 960 2798 quel
982 2756 1098 2795 siecle,
1120 2765 1196 2789 sous
1218 2756 1295 2798 quel
1313 2755 1427 2796 regne,
1444 2756 1476 2787 et
1489 2762 1565 2786 sous
1581 2747 1805 2795 quet'pontite

327 2813 374 2844 les
393 2811 520 2853 princes
540 2811 652 2844 ont-ils
665 2820 705 2844 eu
721 2811 804 2843 cette
824 2809 909 2852 pictae
929 2808 1105 2851 pretendue
1125 2807 1391 2842 d'abbandonner
1405 2808 1476 2840 leur
1488 2806 1629 2840 autorite
1645 2806 1664 2838 a
1681 2806 1803 2847 l’eglise

327 2872 408 2904 pour
428 2863 544 2895 etablir
563 2863 620 2895 des
640 2863 886 2904 empeehemens
907 2861 948 2893 de
968 2860 1148 2902 mariage?»
1316 2855 1320 2859 ’
