1980 3260
346 267 434 312 406
599 279 679 310 mn.
712 278 757 310 11.
787 278 900 309 secr.
930 276 1099 307 ALTERA.
1130 275 1182 306 nn
1207 274 1370 307 rornsr.
1401 272 1541 306 civim.

338 377 427 424 quo
460 374 558 421 cap.
594 366 791 421 raptores
832 354 1055 417 virginum
1088 363 1132 400 et
1163 352 1398 399 viduarum
1431 351 1811 400 excommunicari.

340 434 561 481 iubentur.
587 433 630 478 3.
655 430 830 478 Falsum
859 440 928 477 est
954 428 1220 476 Balduinum
1245 445 1426 491 rogasse
1449 427 1729 492 pontificem,
1756 431 1818 476 ut-

335 510 433 556 initi
467 508 738 555 matrimonii
773 507 949 555 veniam
990 505 1146 562 daret,
1187 515 1319 569 atque
1362 504 1615 569 pontificem
1656 505 1815 569 regem·

335 602 541 648 rogasse,
571 595 620 631 ut
644 585 817 630 irritum
840 582 1045 630 Balduini
1065 598 1117 628 ac
1136 581 1285 628 Iudith
1309 581 1638 628 matrimonium
1662 591 1817 628 ratum¹

335 662 590 725 iustumque
611 659 860 707 decernere
892 658 1025 706 vellet
1052 678 1061 714 ;
1105 657 1184 704 sed
1218 657 1528 704 sanctissimus
1572 656 1805 722 pontifex-7

333 736 546 783 admissis
582 734 787 801 precibus
822 734 1028 782 Balduini
1059 773 1068 790 ‚
1116 730 1195 798 per
1234 732 1403 780 litteras
1440 743 1532 780 tum
1565 733 1624 780 ad
1657 749 1807 796 regem

333 811 538 859 Carolum
568 811 776 867 Calvum,
807 821 901 857 tum
930 810 987 857 ad
1018 810 1114 857 eius
1141 826 1322 856 uxorem
1348 808 1715 856 Hermentrudem
1739 825 1809 857 re-

332 888 483 952 ginam
518 888 671 945 datas,
709 905 799 934 una
832 904 932 934 cum
968 886 1156 934 duorum
1187 884 1442 950 praesulum
1466 885 1706 949 legatione,
1734 902 1806 934 ro·-

333 965 453 1027 gavit
470 975 518 1012 ut
534 964 741 1011 iniuriam
769 963 856 1011 sibi
883 963 1050 1009 illatam
1075 979 1154 1027 per
1175 960 1381 1008 Balduini
1402 961 1581 1008 facinus
1603 961 1810 1024 ignosce-

332 1052 444 1088 rent.
484 1041 625 1087 Immo
665 1038 934 1095 notandum,
978 1038 1096 1103 quod
1133 1037 1329 1102 pontifex
1369 1037 1424 1083 de
1456 1036 1575 1084 civili
1616 1037 1715 1101 lege
1751 1044 1820 1086 ne³

332 1117 600 1165 mentionem
634 1117 815 1181 quidem
849 1115 1075 1171 iniecerit,
1111 1113 1191 1162 sed
1222 1125 1392 1162 tantum
1426 1113 1665 1162 affirmavit
1685 1115 1806 1180 quod

330 1193 574 1241 Balduinus
607 1185 907 1240 charissimam
929 1193 1068 1256 filiam
1090 1201 1239 1237 contra
1263 1190 1513 1237 divinarum
1543 1191 1684 1255 leqam
1703 1208 1809 1239 san-

333 1273 488 1318 ctiones
521 1272 670 1335 rapuit
692 1271 844 1332 (107);
875 1269 952 1334 qui
977 1278 1204 1333 praeterea
1226 1267 1283 1314 ad
1308 1267 1596 1315 Hincmarum
1628 1265 1815 1334 scripsit

335 1347 419 1394 sub
441 1347 798 1394 interminatione
820 1345 1290 1392 excommunicationis
1309 1345 1625 1410 praecipiendo
1641 1346 1809 1394 nullam

329 1423 658 1486 protelationem
696 1424 742 1468 in
777 1439 920 1468 eorum
948 1420 1186 1483 (Balduini
1223 1432 1266 1468 et
1293 1421 1478 1484 Iudith)
1516 1423 1810 1469 coniunctione

331 1499 516 1563 fiendam
538 1501 688 1561 (108).

430 1574 584 1640 Itaque
617 1575 663 1621 in
697 1585 791 1622 toto
824 1574 909 1622 hoc
942 1575 1117 1638 negotio
1151 1574 1458 1623 tantummodo
1491 1586 1638 1623 actum
1662 1584 1737 1623 est·
1750 1575 1812 1623 de

330 1651 652 1698 condonatione
686 1650 964 1715 impetranda
988 1668 1015 1697 a
1038 1668 1140 1714 rege
1169 1650 1327 1698 Carolo
1360 1650 1511 1698 illatae
1544 1649 1632 1698 sibi
1655 1662 1683 1698 a
1705 1647 1809 1698 Bal-

331 1727 469 1774 duino
499 1738 542 1773 et
566 1726 715 1773 Iudith
740 1727 954 1782 iniuriae,
978 1743 1030 1773 ac
1054 1726 1242 1791 proinde
1265 1726 1321 1773 de
1346 1726 1540 1774 ineundo
1563 1744 1664 1774 eum
1687 1726 1812 1775 eius-

331 1803 431 1850 dem
466 1803 582 1866 regis
613 1803 745 1850 venia
774 1802 980 1866 coniugio
998 1841 1008 1860 ,
1049 1813 1180 1866 prout
1214 1803 1362 1868 reipsa
1389 1802 1552 1850 factum
1589 1813 1680 1861 est,
1705 1820 1811 1867 rege

332 1895 401 1942 ac*
420 1879 577 1942 ,regina
619 1878 824 1943 placatis.
870 1878 1025 1925 Cetera
1059 1878 1208 1925 omnia
1249 1888 1553 1943 superstructa
1586 1878 1650 1925 nil
1684 1877 1807 1926 aliud

333 1965 437 2001 sunt
471 1972 603 2019 quam
639 1955 814 2002 somnia
845 1955 1032 2002 Launoii
1066 1965 1109 2002 et
1142 1954 1300 2002 Nestii.
1326 1954 1371 2000 Si
1402 1954 1522 2019 quod
1557 1954 1686 2001 fuit
1673 1971 1812 2019 unpe-

333 2029 622 2076 dimentum
611 2049 657 2077 m
693 2030 915 2105 eiusmodi
949 2030 1156 2094 coniugio
1191 2030 1311 2100 quod
1336 2048 1363 2078 a
1387 2047 1489 2094 rege
1518 2030 1706 2078 relaxari
1729 2031 1828 2078 de-v

333 2092 482 2163 beret,
510 2094 594 2154 hoc
628 2108 711 2154 suit
743 2124 865 2154 mere
897 2107 1029 2155 civile
1061 2107 1184 2154 iuxta
1216 2106 1337 2170 leges
1366 2106 1580 2170 gallicas,
1608 2124 1724 2172 quae
1747 2106 1809 2154 ir-

335 2182 465 2228 ritum
491 2183 536 2227 in
564 2184 833 2230 conscientia
864 2190 952 2231 non
986 2183 1176 2231 reddunt
1209 2183 1482 2231 connubium
1505 2184 1653 2246 (109).
1676 2183 1807 2239 Quod

334 2259 374 2308 si
409 2244 640 2307 intervenit
665 2253 1037 2324 impedimentum
1071 2258 1331 2308 canonicum
1367 2271 1547 2326 raptus,
1581 2259 1639 2308 ab
1660 2277 1714 2309 eo
1737 2278 1807 2310 re·-

332 2334 496 2382 laxavit
517 2335 716 2403 ipsemet
748 2337 942 2400 pontifex
975 2337 1088 2386 facto
1123 2338 1222 2402 ipso
1256 2337 1532 2385 intercedens
1570 2337 1691 2403 apud
1729 2355 1810 2402 ge·-

332 2397 512 2459 nitores

428 2559 516 2599 (107)
537 2560 587 2591 lta
607 2558 759 2591 Nicotaus
777 2560 802 2591 1.
818 2559 851 2591 in
867 2560 959 2600 epist.
973 2561 1014 2592 ad
1030 2562 1173 2602 reginam
1189 2561 1456 2596 Hermentmdem
1471 2561 1558 2603 apud
1573 2561 1804 2595 Beronium‘ad

336 2620 391 2643 an.
408 2616 480 2644 862.
497 2620 532 2643 n.
549 2613 599 2644 54.

423 2662 515 2706 (108)
531 2666 569 2696 In
585 2666 678 2705 epist.
695 2664 737 2696 ad
752 2665 963 2697 Hincmarum
977 2667 1062 2706 apud
1077 2667 1297 2700 Flodoardnm
1312 2669 1404 2700 mse.
1419 2667 1528 2700 rhem.
1541 2667 1658 2699 eccles.
1671 2667 1728 2700 lib.
1743 2668 1801 2701 111.

334 2725 404 2758 cap.
424 2723 473 2750 12.
490 2717 542 2750 ed.
556 2718 658 2750 Duaci
677 2720 765 2750 1617.
782 2726 855 2759 pag.
869 2722 939 2751 330.
1050 2728 1053 2731 ·

437 2771 523 2812 (109)
544 2771 593 2803 cf.
614 2771 788 2803 Baronium
811 2771 874 2803 loe.
891 2771 946 2803 cit.
963 2780 1022 2804 nec
1037 2781 1101 2804 non
1117 2774 1296 2807 Du-Mesnil
1311 2775 1428 2806 Doctr.
1443 2775 1477 2805 et
1494 2772 1681 2814 disciplina
1695 2772 1804 2807 eccle-

332 2825 415 2856 siae.
430 2824 585 2856 coloniae
602 2827 690 2857 1739.
706 2825 786 2856 tom.
801 2824 859 2856 111.
874 2824 930 2856 lib.
941 2829 990 2857 39.
1007 2824 1036 2865 §.
1050 2826 1388 2859 16.Natal.Alexandr.
1402 2827 1494 2858 Hm.
1507 2825 1624 2858 eccles.
1640 2834 1724 2859 saec.
1741 2828 1800 2859 lx«

332 2879 365 2908 et
380 2878 423 2908 X.
441 2878 501 2916 art.
519 2879 573 2909 lX.
593 2879 643 2909 De
666 2877 809 2909 Nicolao
830 2879 862 2909 Ι.
