1980 3260
0 1078 10 1166 ν’·--Ἷ
0 1039 13 1072 ’ν
0 901 23 1034 W
0 0 15 886 .-w

309 224 401 259 cn.
418 226 493 259 vu.
511 226 563 258 DE
582 227 708 259 MATR.
724 227 853 259 mm).
868 225 954 259 CUM
972 226 1108 258 riou.
1128 225 1207 258 viu.
1224 226 1309 258 INT.
1325 223 1388 258 SE.
1413 225 1507 257 AR'F.
1519 225 1565 258 11.
1652 210 1738 257 321

358 304 517 352 Verum
542 304 762 353 sciscitari
797 304 901 370 quis
936 314 1114 370 posset:
1153 304 1200 351 in
1235 303 1325 352 illis
1359 302 1568 352 omnibus
1600 303 1747 368 regio-

260 380 395 429 nibus
419 381 465 427 in
489 396 679 446 quarum
712 381 899 444 gratiam
935 380 1180 446 apostolica
1211 380 1447 445 privilegia
1479 380 1584 428 data
1612 389 1743 438 sunt,

262 458 373 523 quid
408 457 523 505 facto
558 473 673 521 opus
708 457 791 513 sit,
819 457 858 505 si
884 457 1144 523 interposita
1178 456 1555 522 interpellatione,
1592 456 1747 504 infide-

259 534 318 582 lis
342 534 456 582 nihil
481 533 781 599 respondeat?
806 534 968 582 Poterit
992 551 1048 581 ne
1070 551 1312 581 conversus
1337 549 1474 582 novas
1499 550 1599 580 cum
1625 531 1747 581 fideli

259 611 444 674 iungere
460 609 642 674 nuptias
655 609 679 655 P
702 610 863 674 Negari
884 609 1005 657 haud
1024 624 1158 674 posse
1175 610 1350 658 videtur
1363 646 1374 666 ‚
1403 610 1574 657 ratione
1593 608 1747 656 habita

258 686 369 734 iuris
403 685 676 742 communis,
712 686 835 734 iuxta
868 686 987 751 quod
1024 686 1100 733 ille
1133 686 1210 750 qui
1245 685 1549 751 interpellatus
1570 702 1659 733 non
1678 703 1748 733 re-

259 761 473 828 spondet,
497 761 684 825 perinde
702 772 771 809 est
792 779 846 810 ac
869 762 909 810 si
934 761 1180 809 declararet
1203 761 1320 809 nolle
1343 761 1600 810 cohabitare
1622 763 1741 824 (43).

356 837 444 886 Sed
478 836 616 902 quid,
655 837 696 885 si
730 836 928 886 infidelis
962 837 1159 886 converti
1193 837 1377 902 quidem
1412 848 1569 886 renuat
1590 876 1601 895 ,
1640 854 1747 886 con-

258 913 422 964 sentiat
455 923 604 962 tamen
639 912 895 960 cohabitare
927 913 1027 962 sine
1056 912 1325 961 contumelia
1358 913 1616 962 Creatoris?
1648 914 1746 962 Non

259 991 423 1039 desunt
445 989 522 1055 qui
547 987 770 1036 affirment
791 988 927 1036 etiam
956 987 1042 1036 hoc
1070 988 1116 1034 in
1139 1005 1250 1036 casu
1272 1005 1407 1053 posse
1429 987 1616 1037 dissolvi
1640 1004 1747 1036 con-

261 1067 432 1132 iugium
451 1085 461 1123 ;
490 1065 598 1131 quia
621 1064 827 1130 quamvis
851 1064 1079 1130 promittat
1097 1081 1147 1112 se
1163 1064 1276 1113 velle
1294 1063 1552 1112 cohabitare
1575 1064 1747 1130 absque

259 1142 483 1192 Creatoris
517 1141 683 1189 iniuria
709 1179 719 1199 ‚
764 1151 912 1189 tamen
945 1140 992 1187 id
1027 1140 1289 1206 plerumque
1322 1150 1548 1205 praestare
1583 1141 1748 1206 impos-

263 1219 397 1269 sibile
419 1228 511 1276 est3
540 1235 645 1265 nam
671 1235 809 1283 pravo
834 1234 916 1266 suo
940 1217 1143 1282 exemplo
1169 1216 1286 1265 filios
1319 1235 1372 1265 ac
1407 1217 1621 1265 familiam
1646 1234 1748 1283 per-

257 1306 418 1354 vertet;
441 1313 580 1361 quare
598 1295 713 1342 idem
734 1304 802 1342 est
818 1293 936 1342 nolle
954 1294 1149 1342 converti
1168 1311 1220 1342 ac
1236 1294 1350 1343 velle
1367 1293 1599 1342 discedere
1621 1295 1740 1358 (44).

258 1374 310 1421 Id
345 1373 457 1422 forte
490 1372 664 1420 admitti
701 1381 854 1436 posset
886 1370 976 1418 illis
1011 1371 1058 1417 in
1092 1370 1349 1434 regionibus
1374 1371 1420 1417 in
1446 1371 1613 1436 quibus
1647 1371 1746 1436 lege

259 1449 564 1499 ecclesiastica
592 1448 860 1497 cohabitatio
888 1447 1035 1495 fidelis
1066 1464 1167 1494 cum
1190 1446 1362 1494 infideli
1387 1447 1624 1495 interdicta
1649 1458 1740 1506 est;

258 1524 460 1574 infidelis
484 1524 629 1582 enim,
659 1524 738 1589 qui
773 1541 870 1571 eam
903 1522 1045 1587 legem
1079 1523 1227 1580 novit,
1256 1532 1299 1570 et
1323 1523 1615 1572 nihilominus
1638 1540 1746 1575 con-

259 1603 372 1653 verti
403 1602 575 1659 renuit,
605 1600 793 1666 perinde
826 1610 895 1648 est
928 1617 980 1648 ac
1005 1600 1043 1648 si
1067 1599 1260 1648 declaret
1283 1617 1332 1648 se
1355 1599 1588 1648 discedere
1609 1599 1739 1649 velle.

263 1679 363 1736 Quo
398 1679 445 1726 in
479 1695 588 1726 casu
622 1688 774 1743 posset
807 1677 954 1725 fidelis
989 1677 1046 1725 ad
1081 1694 1195 1725 nova
1226 1686 1328 1725 vota
1362 1677 1575 1734 transire,
1614 1688 1747 1742 prout

260 1754 465 1804 nonnulli
494 1754 692 1802 sentiunt
719 1755 836 1817 (45).
859 1753 939 1801 Ast
962 1753 1164 1802 absolute
1198 1754 1244 1800 id
1279 1753 1451 1807 admitti
1487 1771 1576 1802 non
1610 1771 1746 1819 posse

262 1832 461 1889 videtur3
500 1831 539 1879 si
575 1831 693 1879 enim
726 1848 798 1878 res
834 1831 896 1878 ita
927 1848 976 1878 se
1011 1829 1215 1887 haberet,
1251 1847 1465 1895 quorsum
1490 1830 1535 1877 in
1559 1830 1654 1878 iure
1677 1847 1747 1879 ca-

264 1909 425 1958 nonico
453 1918 517 1956 tot
549 1908 782 1974 appositae
816 1906 1043 1955 clausulae
1076 1906 1293 1963 fuissent,
1322 1907 1360 1954 si
1391 1904 1482 1955 illis
1515 1906 1746 1955 attenden-

262 1987 372 2035 dum
407 1984 591 2034 minime
626 1984 739 2033 soret
766 1983 892 2047 (46)?

356 2160 423 2201 (43)
441 2159 673 2193 CLVerricelli
689 2169 746 2201 op.
762 2161 811 2192 De
831 2159 1028 2201 apostolicis
1048 2158 1270 2192 missionibus
1285 2158 1348 2192 loc.
1361 2159 1416 2192 cit.
1431 2158 1510 2192 dub.
1525 2160 1611 2192 XVI.
1626 2164 1737 2195 n.187.

259 2213 315 2246 ubi
328 2213 437 2255 plures
449 2222 507 2255 pro
523 2213 584 2245 hac
598 2213 757 2246 sententia
768 2213 886 2253 allegat
899 2214 1058 2245 auctores

356 2266 422 2307 (44)
442 2267 493 2299 lta
514 2274 555 2298 ex
580 2274 606 2298 s.
625 2264 823 2306 Augustino,
840 2266 878 2297 ut
892 2265 954 2306 ipsi
978 2264 1155 2305 affirmant,
1170 2264 1228 2297 lib.
1245 2266 1271 2298 Ι,
1288 2266 1339 2298 De
1360 2263 1552 2298 adulterin.
1573 2266 1744 2306 coniuqiis

260 2319 385 2350 c.X1X.
395 2318 539 2350 Sancliez
554 2317 611 2349 lib.
625 2318 698 2348 Vll.
715 2316 799 2358 disp.
813 2319 865 2349 74.
880 2325 912 2349 n.
926 2321 955 2349 9.
970 2317 1153 2358 Henriquez
1168 2316 1227 2349 lib.
1241 2318 1285 2349 11.
1299 2325 1369 2358 cap.
1384 2322 1414 2350 8.
1428 2317 1551 2359 aliique
1563 2318 1733 2358 colligunt.

358 2369 424 2411 (45)
446 2369 577 2402 Scilicet
591 2370 689 2401 sotus
706 2369 739 2400 in
758 2371 788 2401 4.
802 2368 837 2400 d.
850 2373 900 2401 39.
916 2377 950 2410 q.
965 2377 1021 2402 un.
1037 2370 1098 2401 art.
1112 2371 1142 2401 4.
1153 2369 1296 2402 Sanchez
1310 2370 1371 2402 loc.
1381 2370 1437 2402 cit.
1451 2370 1635 2403 Comitolus
1647 2367 1741 2402 nm.

260 2431 332 2464 cap.
356 2426 428 2455 124.
443 2431 476 2454 n.
494 2427 524 2455 6.
539 2422 670 2454 Cornel.
688 2430 707 2453 a
721 2420 845 2462 Lapide
860 2421 893 2452 in
909 2422 935 2452 l.
953 2422 1028 2454 Cor.
1043 2422 1115 2454 vu.
1129 2430 1163 2454 n.
1181 2422 1430 2454 175.Verricelli
1447 2422 1510 2454 loc.
1528 2423 1583 2454 cit.
1595 2431 1628 2453 n.
1649 2425 1717 2454 183.

358 2474 424 2515 (46)
448 2474 503 2507 Sic
516 2474 603 2506 enim
626 2474 659 2505 in
680 2482 751 2514 cap.
770 2475 918 2510 Quanto.
936 2475 986 2506 De
1006 2473 1168 2507 divortiis
1192 2474 1363 2507 statuitur:
1383 2475 1441 2507 «Si
1464 2475 1544 2507 alter
1565 2474 1744 2507 infidelium

262 2528 437 2569 coniugum
452 2526 494 2559 ad
512 2526 608 2560 fidem
624 2527 819 2559 catholicam
832 2528 1050 2569 convertatur,
1059 2528 1140 2560 alter
1148 2536 1227 2561 vero
1238 2528 1290 2561 vel
1305 2528 1395 2561 nullo
1408 2527 1518 2567 modo,
1531 2527 1582 2559 vel
1593 2535 1660 2559 non
1669 2527 1743 2559 sine

262 2579 476 2621 blasphemia
494 2578 608 2612 divim?
627 2581 775 2612 nominis
790 2604 799 2620 ,
822 2580 874 2612 vel
891 2580 929 2612 ut
941 2589 1016 2613 eum
1037 2580 1203 2622 pertrahat
1218 2579 1260 2612 ad
1277 2581 1413 2613 mortale
1426 2581 1593 2622 peccatum
1604 2578 1633 2612 ei
1645 2579 1741 2611 coha-

260 2633 364 2666 bitare
385 2632 546 2674 noluerit;
560 2633 618 2674 qui
630 2633 843 2675 relinquitur,
859 2633 902 2666 ad
917 2633 1077 2675 secunda,
1087 2634 1114 2666 si
1126 2634 1285 2675 voluerit,
1302 2634 1379 2666 vota
1396 2632 1567 2666 transibit»
1580 2633 1630 2664 Ita
1645 2631 1742 2664 etiam

260 2685 295 2718 in
310 2694 381 2727 cap.
399 2685 610 2719 Gaudemus.
633 2685 851 2727 Vidimusque
873 2685 907 2718 id
929 2694 1078 2728 expresse
1093 2685 1295 2719 declaratum
1311 2694 1330 2718 a
1345 2694 1411 2718 sac.
1427 2692 1575 2725 congreg.
1590 2683 1742 2724 concilii,

261 2739 294 2772 et
309 2747 328 2772 a
341 2739 568 2773 constitution.
582 2740 769 2782 pontificiis.

357 2793 510 2826 Ceterum
534 2794 757 2827 controversia
774 2793 894 2835 pendet
910 2793 951 2827 ab
967 2793 1182 2835 intelligentia
1200 2793 1373 2827 verborum
1391 2800 1418 2823 s.
1433 2790 1525 2823 Pauli
1543 2791 1579 2823 St
1594 2788 1743 2823 discedit

264 2841 436 2886 discedat,
461 2853 545 2888 quae
573 2845 628 2879 alii
659 2846 843 2888 intelligunt
867 2846 909 2879 de
933 2846 1077 2880 consilio
1095 2855 1170 2880 cum
1189 2855 1215 2879 s.
1231 2844 1409 2886 Augustino
1428 2844 1451 2877 Ι.
1474 2842 1573 2876 c.alii
1588 2841 1740 2885 deprae-
