1980 3260
236 277 325 309 cir.
345 276 405 309 111.
422 275 476 309 ns
491 274 1004 310 civ.r0·rnsr.rn1nc.mr.
1022 278 1180 311 namn
1199 279 1430 311 umam.
1452 277 1497 310 u.
1542 263 1629 309 475

173 353 364 401 subditis
398 352 746 408 communicare,
787 354 963 418 ipsique
995 354 1166 402 sincere
1200 355 1397 419 aperire,
1440 354 1625 410 referre,

172 429 396 477 declarare
423 427 657 475 teneberis.
681 430 767 476 Nec
796 430 930 478 satis:
953 430 1031 478 sed
1066 448 1164 478 cum
1180 468 1190 486 ,
1213 442 1262 480 ut
1293 431 1357 486 fit,
1388 431 1630 496 aliquando

174 504 449 570 peccaveris,
478 504 677 567 iniunget
703 505 782 551 tibi
806 522 971 570 poenas
996 506 1229 570 expiandis
1251 506 1517 571 luendisque
1539 506 1629 554 illis

172 580 328 628 erratis
350 618 361 636 ,
405 597 645 645 earumque
680 581 819 628 aderit
853 592 1046 629 secretus
1083 581 1156 630 ille
1195 582 1400 647 quidem,
1438 593 1482 630 at
1514 593 1630 630 certe

172 673 352 704 severus
375 666 563 703 exactor.
593 656 708 712 Quid
733 674 966 705 memorem
1002 658 1089 704 alia
1107 695 1117 714 ,
1145 675 1258 723 quae
1292 658 1370 705 tibi
1396 657 1484 705 iam
1506 658 1630 706 licita

173 742 324 797 putas,
363 749 478 797 quae
520 742 624 780 tunc
657 732 809 780 illicita
843 734 989 781 futura
1022 744 1126 781 sunt
1165 743 1247 781 etc.
1282 734 1414 781 Porro
1448 734 1484 781 si
1521 733 1630 781 haec

171 806 351 873 aliaque
381 807 600 856 eiusmodi
623 825 708 855 non
733 824 874 872 pauca
901 810 1003 873 quis
1038 807 1228 873 principi
1252 808 1540 856 christianam
1573 808 1631 856 le-

171 899 271 946 gem
305 883 556 948 professuro
591 883 776 948 proponi
810 894 1021 948 possunt,
1052 901 1154 932 eum
1199 883 1380 931 minime
1413 883 1630 931 deterrere

171 962 335 1011 debent
358 964 611 1029 quominus,
644 975 693 1012 ut
727 975 930 1013 aeternae
957 965 1134 1013 animae
1150 982 1258 1013 suae
1291 965 1420 1013 saluti
1455 964 1630 1030 prospi-

174 1039 294 1097 ciat,
329 1041 530 1088 eamdem
566 1039 877 1107 amplectatur,
914 1041 1053 1089 multo
1088 1051 1204 1089 certe
1236 1041 1384 1088 minus
1418 1058 1517 1088 eum
1552 1041 1631 1088 ab·

172 1125 362 1165 stertere
395 1134 447 1164 ac
492 1117 714 1165 retrahere
747 1116 877 1166 debet
912 1116 1142 1181 potestatis
1178 1117 1409 1164 cuiusdam
1449 1115 1631 1164 amissio

175 1189 310 1239 relate
327 1191 383 1239 ad
402 1192 718 1257 impedimenta
741 1192 905 1257 quihus
941 1191 1065 1240 irrita
1089 1191 1198 1240 fiant
1232 1191 1508 1240 subditorum
1534 1208 1631 1239 suo—

172 1283 270 1314 rum
300 1268 506 1331 coniugia
543 1271 659 1331 (56).

264 1343 332 1391 Ad
373 1343 555 1392 alteram
593 1362 696 1393 vero
735 1345 854 1410 quod
893 1345 1045 1393 attinet
1083 1344 1383 1411 responsionis
1424 1355 1624 1409 partem,

168 1437 286 1484 quae
319 1420 457 1468 afficit
488 1421 780 1469 emolumenta
824 1438 876 1469 ac
911 1421 1115 1477 foenora,
1155 1438 1269 1486 quae
1304 1421 1348 1467 in
1387 1420 1630 1468 christiana

172 1495 385 1560 religione
420 1497 696 1563 principibus
726 1497 1010 1553 obvenirent,
1049 1497 1400 1544 animadvertunt
1423 1495 1628 1544 catholici

174 1570 383 1635 theologi,
405 1572 545 1620 solam
578 1589 679 1620 esse
710 1572 998 1621 christianam
1031 1572 1286 1636 religionem
1311 1589 1427 1638 quae
1459 1571 1627 1619 efficaci

172 1647 340 1696 ratione
378 1648 563 1714 populos
597 1649 654 1695 ad
691 1648 1024 1714 obsequendum
1055 1648 1330 1713 principibus
1364 1648 1534 1712 adigat,
1561 1658 1632 1696 ut·

171 1733 271 1787 pote
303 1741 419 1788 quae
452 1742 528 1772 eos
572 1724 779 1772 subiiciat
811 1724 1086 1772 obedientiae
1118 1724 1395 1789 principibus
1429 1723 1625 1780 debitae,

171 1815 258 1846 non
302 1798 446 1846 solum
490 1811 666 1866 propter
708 1801 819 1847 iram
841 1837 852 1857 ‚
902 1800 980 1847 sed
1025 1801 1156 1848 etiam
1196 1810 1371 1864 propter
1420 1801 1630 1847 conscien-

173 1875 294 1921 tiam.
331 1876 435 1939 Ipsa
468 1886 536 1923 est
569 1893 683 1940 quae
711 1893 816 1923 vera
847 1876 1099 1941 principum
1133 1876 1370 1923 efficaciter
1403 1875 1631 1940 solideque

173 1960 347 1998 tueatur
386 1951 500 1999 iura.
537 1953 641 2016 Ipsa
682 1951 869 2016 impedit
905 1952 1144 2017 quominus
1190 1952 1414 2016 quispiam
1446 1950 1515 1999 vel
1557 1967 1631 1998 so-

171 2026 259 2074 lam
291 2027 599 2091 cogitationem
634 2028 851 2084 admittat,
889 2045 1002 2093 quae
1036 2027 1280 2091 principem
1314 2027 1481 2083 laedat,
1519 2045 1631 2092 quo-

169 2103 321 2150 minus*
350 2103 406 2150 de
438 2120 491 2151 eo
523 2103 803 2170 obloquatur,
841 2104 881 2151 ei
916 2120 1004 2151 non
1038 2103 1310 2168 obtemperet
1343 2103 1389 2150 in
1422 2103 1629 2151 omnibus

166 2196 283 2243 quae
301 2179 615 2227 conscientiam
643 2197 731 2227 non
749 2179 941 2236 laedant,
960 2180 1121 2227 tributa
1146 2197 1232 2228 non
1252 2179 1408 2236 solvat,
1432 2179 1627 2227 debitum

166 2255 207 2301 ei
241 2271 327 2301 non
363 2254 639 2318 impertiatur
663 2254 897 2310 honorem,
922 2266 1054 2319 atque
1086 2266 1134 2302 ut
1165 2254 1299 2303 verbo
1330 2255 1478 2302 omnia
1511 2272 1630 2303 com·

169 2330 357 2394 plectar,
379 2330 502 2377 illum
521 2341 744 2395 tamquam
761 2331 842 2378 Dei
861 2331 1110 2379 ministrum
1145 2332 1190 2378 in
1223 2331 1386 2378 bonum
1423 2348 1507 2378 non
1529 2347 1628 2395 spe-

167 2417 285 2463 ctet,
327 2407 458 2472 eique
491 2418 716 2473 tamquam
750 2409 830 2455 Dei
871 2408 1014 2473 ipsius
1047 2425 1279 2473 personam
1315 2408 1479 2471 gerenti
1516 2408 1628 2454 intra

166 2500 276 2530 suae
309 2484 539 2548 potestatis
566 2484 678 2532 fines
712 2502 796 2532 non
831 2485 1117 2550 obsequatur.
1146 2484 1183 2532 A
1204 2485 1368 2550 quibus
1401 2483 1625 2539 omnibus,

167 2559 233 2606 uti
264 2560 534 2624 experientia
569 2577 655 2608 non
682 2560 816 2609 semel
853 2560 1072 2625 patefecit,
1102 2560 1232 2624 longe
1265 2559 1427 2607 absunt
1458 2559 1534 2623 qui
1568 2559 1630 2606 vi-

260 2754 326 2795 (56)
347 2757 395 2788 lta
413 2756 538 2797 egregie
559 2755 592 2787 in
615 2756 794 2789 Launoium
825 2756 958 2798 eiusque
979 2757 1115 2789 asseclas
1134 2757 1297 2796 intorquet
1318 2756 1542 2795 argumentum
1564 2764 1630 2796 quo

167 2807 229 2847 ipsi
250 2807 390 2840 maxime
416 2808 593 2841 abutuntur
618 2809 819 2843 Leuillerius.
847 2810 906 2843 Cui
929 2810 1061 2851 quidem
1091 2809 1260 2841 retorsioni
1282 2808 1322 2840 ad
1346 2809 1507 2840 hominem
1529 2808 1632 2840 factae

167 2858 247 2891 nituit
261 2859 356 2891 solidi
372 2860 483 2900 reponi
503 2861 607 2900 potest
622 2861 662 2894 ad
678 2870 748 2894 eam
768 2861 972 2896 eludendam.
988 2862 1037 2894 Cf.
1052 2870 1105 2902 op.
1119 2861 1173 2893 cit.
1188 2861 1432 2894 Observatione
1445 2863 1515 2894 vu.
1529 2861 1557 2901 §.
1572 2862 1625 2892 lv.
