1980 3260
232 238 322 284 312
539 250 620 282 un.
649 250 695 281 11.
725 248 839 282 sscr.
867 249 898 280 1.
926 249 979 279 nr.
1010 246 1175 280 pornsr.
1205 246 1372 285 nectes.

322 330 423 376 Tria
461 329 580 376 enim
621 327 903 392 potissimum
943 335 1078 382 sunt,
1117 342 1234 390 quae
1267 325 1315 371 in
1350 326 1535 394 materia
1565 344 1700 392 quam

225 421 453 454 versamus
487 404 770 469 potissimum
805 401 1062 468 quaerenda
1093 402 1328 449 videntur:
1369 401 1538 449 scilicet
1570 405 1704 468 quid-

226 497 328 528 nam
353 479 542 527 ecclesia
566 479 635 527 vel
666 479 867 527 statuerit
891 478 962 526 vel
985 477 1303 535 declaraverit,
1332 488 1410 525 aut
1439 478 1598 526 saltem
1622 496 1706 529 sua

224 555 385 619 agendi
412 555 582 602 ratione
607 555 803 602 insinuet
829 555 971 620 primo
996 553 1179 619 quidem
1203 552 1342 601 relate
1360 553 1417 601 ad
1438 553 1704 602 solutionem

224 631 529 694 coniugiorum
568 631 675 678 dum
712 630 823 678 alter
855 640 1026 678 tantum
1060 648 1113 678 ex
1147 629 1406 678 infidelibus
1440 629 1706 694 coniugibus

224 707 517 765 convertitur;
547 707 710 754 deinde
738 707 874 754 relate
907 706 964 754 ad
993 705 1401 754 ratihabitationem
1424 705 1496 753 vel
1519 705 1706 754 solutio-

222 801 324 831 nem
348 784 657 848 coniugiorum
684 801 801 849 quae
824 800 926 830 cum
951 782 1104 848 aliquo
1129 782 1449 847 impedimento
1473 782 1520 829 in
1544 782 1706 830 infide-

220 859 343 908 litate
367 871 592 908 contracta
624 860 825 917 fuerant;
855 859 1050 924 denique
1078 858 1213 906 relate
1236 858 1294 905 ad
1317 851 1702 923 dispensationem

221 935 278 983 ab
308 936 626 1001 impedimento
648 936 925 1002 disparitatis
951 935 1096 984 cultus
1111 973 1121 993 ‚
1145 951 1262 1000 quae
1285 934 1406 982 fideli
1431 935 1706 1001 quandoque

221 1013 479 1061 conceditur
510 1023 560 1061 ut
593 1013 924 1061 matrimonium
958 1012 1074 1059 inire
1106 1010 1250 1076 possit
1282 1027 1384 1058 cum
1414 1011 1602 1058 infideli.

318 1090 386 1137 Ad
421 1090 615 1155 primum
639 1089 759 1155 quod
783 1089 940 1137 attinet
962 1088 1083 1135 haud
1107 1079 1294 1134 dissolvi
1325 1086 1575 1134 infidelium
1598 1104 1706 1135 con-

219 1165 391 1229 iugium
416 1183 495 1231 per
515 1165 729 1230 baptismi
761 1164 1090 1230 susceptionem
1124 1173 1269 1211 ratum
1300 1172 1369 1211 est
1396 1163 1517 1228 apud
1547 1179 1704 1212 omnes

220 1241 344 1290 iuxta
377 1253 601 1307 receptum
636 1242 747 1290 illud
785 1241 896 1288 iuris
935 1240 1146 1288 effatum:
1178 1240 1376 1287 Crimina
1409 1241 1457 1287 in
1492 1240 1704 1304 baptismo

217 1319 446 1366 solvuntur
462 1337 547 1365 non
570 1319 772 1382 coniuqia
794 1319 912 1380 (27),
935 1316 1055 1381 quod
1080 1316 1286 1364 innititur
1301 1316 1501 1382 Apostoli
1524 1316 1699 1366 verbis:

222 1413 245 1438 (ι
267 1394 312 1439 Si
338 1394 442 1458 quis
473 1394 608 1441 frater
630 1410 812 1440 uxorem
839 1392 974 1440 habet
1001 1391 1255 1450 infidelem,
1278 1403 1322 1440 et
1342 1392 1455 1441 haec
1482 1393 1705 1442 consentit

217 1469 422 1516 habitare
460 1486 561 1517 cum
596 1469 696 1527 illo,
736 1487 824 1517 non
860 1468 1056 1516 dimittat
1089 1468 1211 1516 illam
1252 1470 1371 1532 (28).
1390 1488 1414 1515 »
1440 1469 1507 1517 Ex
1535 1469 1704 1555 quibus

217 1544 367 1608 colligi
403 1545 533 1593 facile
568 1555 714 1610 potest
747 1545 1067 1592 habitationem
1101 1544 1248 1592 fidelis
1277 1545 1481 1609 coniugis
1505 1562 1607 1593 cum
1631 1546 1704 1593 in-

217 1623 339 1670 fideli
372 1634 475 1688 post
507 1625 870 1680 conversionem,
904 1623 1079 1692 secluso
1109 1623 1331 1688 periculo,
1365 1624 1536 1672 licitam
1569 1640 1696 1682 esse,

218 1710 350 1764 prout
373 1700 523 1765 reipsa
546 1702 704 1766 primis
729 1701 947 1750 ecclesiae
976 1700 1142 1749 seculis
1165 1717 1254 1748 non
1277 1701 1410 1748 modo
1443 1700 1589 1757 licita,
1619 1699 1701 1749 sed

216 1776 403 1842 insuper
423 1779 681 1826 necessaria
703 1777 974 1843 quandoque
997 1777 1105 1834 fuit,
1134 1794 1251 1842 quae
1275 1787 1429 1843 postea
1447 1777 1495 1824 in
1518 1769 1704 1825 arbitrio

218 1853 365 1901 fidelis
392 1855 594 1903 conversi
618 1855 771 1903 relicta
805 1866 897 1912 est,
930 1871 1012 1902 nec
1045 1854 1135 1901 nisi
1170 1871 1272 1902 cum
1305 1854 1480 1902 iudaeis
1515 1854 1562 1900 in
1589 1869 1701 1902 non-

218 1928 355 1976 nullis
391 1931 645 1994 regionibus
680 1931 766 1978 fuit
797 1931 977 1978 demum
1013 1930 1238 1995 prohibita
1265 1931 1383 1993 (29).
1643 1923 1645 1925 ¹

315 2005 452 2054 Posse
474 2017 621 2055 tamen
645 2008 903 2072 coniugium
932 2007 1120 2055 dissolvi
1145 2024 1247 2054 cum
1271 2006 1383 2054 alter
1400 1999 1707 2065 convertitur-‚³

217 2091 263 2128 et
290 2081 451 2128 coniux
479 2082 590 2130 alter
616 2084 662 2130 in
689 2102 772 2132 sua
801 2094 1030 2149 permanet
1058 2082 1347 2140 infidelitate,
1374 2100 1457 2131 nec
1478 2082 1575 2131 vult
1598 2083 1701 2132 sine

218 2157 386 2205 iniuria
409 2158 628 2207 Creatoris
663 2178 763 2208 cum
799 2171 924 2226 parte
958 2160 1081 2208 fideli
1117 2160 1376 2208 cohabitare
1399 2160 1580 2209 omnino
1607 2177 1698 2208 cer-

217 2244 311 2281 tum
334 2244 417 2282 est.
447 2234 527 2282 Ast
549 2235 594 2281 id
618 2254 706 2283 non
731 2237 779 2284 fit
813 2255 867 2285 ex
902 2237 1162 2285 auctoritate
1195 2236 1413 2284 ecclesiae
1429 2275 1439 2294 ,
1467 2253 1584 2302 quae
1607 2254 1698 2285 non

216 2319 364 2374 potest
395 2309 666 2368 dissolvere,
700 2312 820 2376 quod
849 2314 969 2361 Deus
999 2313 1253 2370 coniunxit,
1293 2330 1440 2378 neque
1470 2313 1528 2360 ad
1552 2313 1599 2360 id
1623 2330 1701 2378 po-

217 2394 422 2433 testatem
461 2384 579 2433 hanc
610 2403 638 2432 a
666 2387 759 2434 Deo
791 2399 859 2435 est
893 2399 1122 2446 assecuta,
1162 2388 1243 2437 sed
1275 2388 1532 2436 immediate
1566 2406 1594 2437 a
1615 2389 1697 2436 Dei

216 2460 452 2526 privilegio
469 2461 515 2507 in
534 2461 638 2508 fidei
665 2461 884 2530 savorem,
913 2474 961 2510 ut
989 2464 1170 2529 exponit
1197 2481 1298 2512 cum
1326 2464 1549 2512 communi
1575 2463 1700 2512 theo-

313 2640 379 2682 (27)
401 2641 503 2674 sicin
516 2649 608 2674 conc.
618 2641 774 2674 meldensi
792 2641 909 2674 celebr.
919 2651 972 2674 an.
982 2646 1052 2676 845.
1061 2652 1133 2686 cap.
1146 2649 1173 2677 1.
1185 2643 1388 2684 habeturque
1402 2650 1473 2684 cap.
1490 2642 1527 2685 st
1540 2642 1630 2684 quis.
1643 2645 1695 2675 28.

213 2704 247 2736 q.
257 2698 287 2727 2.
297 2694 483 2727 etiterum
472 2703 508 2727 m
523 2700 596 2736 cap.
610 2694 793 2737 Numquid
811 2700 862 2728 28.
871 2704 905 2736 q
920 2700 947 2728 ι.
956 2705 996 2728 ex
1014 2695 1460 2738 1nnooent101.ep.22.etin
1474 2703 1546 2737 cap.
1561 2696 1699 2734 Quanto

214 2747 258 2781 de
271 2747 454 2788 divertite,-
470 2749 504 2781 et
523 2756 594 2789 cap.
610 2747 808 2781 Gaudemus
828 2756 866 2781 ex
889 2750 1078 2783 Innocentio
1094 2751 1153 2783 111

310 2800 376 2841 (28)
399 2802 426 2833 1.
445 2802 522 2834 Gor.
543 2802 616 2834 Vll.
637 2805 686 2834 12.

311 2854 378 2895 (29)
398 2853 449 2887 Cf
457 2854 610 2888 PontIum
619 2863 672 2897 op.
682 2854 737 2889 cit.
750 2854 807 2888 lib.
818 2856 890 2888 VII.
900 2864 929 2888 c.
937 2856 1080 2889 XLVIII.
1092 2856 1146 2889 ubi
1157 2856 1198 2890 de
1206 2857 1269 2890 hoc
1278 2856 1466 2897 argumento
1477 2855 1695 2898 copiooeagit.
