1980 3260
333 245 423 291 278
638 256 718 288 LIB-
747 255 793 287 11.
822 253 936 286 sEcr.
966 253 996 284 l.
1024 253 1077 284 DE
1101 251 1266 284 POTEST.
1297 251 1462 284 Eccms.

330 334 512 383 Parisiis
547 333 671 397 prius
705 331 914 387 civiliter,
953 329 1115 377 deinde
1147 345 1252 376 vero
1290 345 1439 376 coram
1479 331 1675 379 ministro
1722 352 1802 382 an-

329 411 500 475 glicano
533 409 580 455 in
613 407 734 453 domo
766 406 962 453 ministri
990 405 1105 468 reqii
1137 404 1388 451 britannici.

426 485 553 532 Hanc
577 483 741 548 excipit
765 481 968 550 quaestio
991 480 1216 546 opposita,
1245 480 1417 529 scilicet
1443 498 1622 540 eorum,
1649 483 1728 548 qui
1750 503 1804 534 ex

328 561 438 609 locis
471 560 548 607 ubi
583 570 807 624 receptum
829 568 963 623 atque
986 557 1033 604 in
1055 574 1143 605 usu
1165 567 1235 605 est
1256 557 1485 606 decretum
1514 558 1805 608 tridentinum

327 653 378 684 se
409 635 640 684 conferunt
672 634 719 681 in
753 633 889 682 alium
922 632 1068 681 locum
1101 631 1179 680 ubi
1214 632 1334 680 idem
1367 632 1594 682 decretum
1627 651 1711 683 nec
1742 652 1807 683 re-

329 722 505 777 ceptum
538 728 684 776 neque
717 710 764 758 in
803 727 892 758 usu
924 720 1014 767 est,
1051 720 1103 758 ut
1142 709 1206 756 ihi
1249 709 1367 758 inire
1410 710 1588 776 possint
1624 710 1806 777 nuptias

328 788 428 837 sine
478 787 663 853 parochi
714 787 982 853 praesentia.
1034 786 1268 851 Proposita
1315 786 1428 835 haec
1473 786 1558 835 fuit
1601 787 1807 854 quaestio

326 863 384 911 ab
409 863 751 930 archiepiscopo
784 880 928 927 goano
962 862 1009 909 in
1043 862 1186 910 Indiis
1220 862 1458 911 Benedicto
1488 863 1600 910 XIV.
1628 864 1805 912 Etenim

325 939 447 989 haud
481 957 581 989 raro
614 939 866 998 accidebat,
894 949 943 987 ut
976 939 1131 1005 sponsi
1166 955 1221 986 ex
1253 938 1332 987 illa
1364 939 1559 988 dioecesi
1582 940 1630 988 in
1654 941 1806 1006 proxi-

324 1033 447 1063 mum
479 1016 747 1064 territorium
789 1033 837 1063 se
876 1015 1150 1072 conferrent,
1186 1025 1237 1063 ut
1272 1014 1549 1063 clandestine
1579 1017 1804 1066 matrimo-

325 1092 451 1140 nium
467 1092 758 1150 celebrarent,
772 1109 910 1158 quum
929 1091 991 1138 ibi
1011 1091 1285 1156 publicatum
1314 1108 1404 1139 non
1425 1091 1558 1140 fuerit
1577 1091 1804 1142 decretum

326 1169 616 1218 tridentinum
644 1207 654 1227 ,
692 1168 856 1217 deinde
894 1168 1109 1232 coniuges
1143 1167 1200 1215 ad
1234 1167 1416 1233 propria
1448 1168 1800 1218 revertebantur.

323 1246 694 1311 Sapientissimus
728 1245 925 1311 pontifex
963 1244 1020 1292 ad
1066 1243 1193 1291 illum
1233 1243 1418 1308 scripsit
1455 1243 1677 1293 celebrem
1711 1245 1804 1312 epi-

324 1322 484 1371 stolam
517 1324 658 1386 Super
696 1321 956 1387 quibusdam
994 1319 1141 1367 dubiis
1168 1320 1498 1385 respicientibus
1529 1321 1804 1371 validitatem

323 1399 694 1462 matrimoniorum
722 1399 878 1461 (175),
908 1396 956 1443 in
990 1413 1102 1461 qua,
1140 1396 1207 1444 uti
1242 1395 1380 1454 solet,
1406 1396 1547 1446 variis
1579 1397 1803 1463 theologo-

322 1490 422 1521 rum
457 1490 510 1521 ac
553 1472 665 1520 iuris
706 1471 910 1521 canonici
955 1471 1242 1537 interpretum
1282 1471 1516 1520 sententiis
1554 1472 1796 1538 expositis,

321 1547 566 1605 concludit,
596 1546 769 1595 nullum
793 1546 970 1595 illorum
994 1564 1095 1595 esse
1117 1546 1392 1595 censendum
1414 1547 1673 1612 coniugium
1687 1585 1698 1606 ,
1721 1548 1801 1615 qui

322 1625 414 1673 illic
446 1624 720 1673 celebrarent
751 1623 829 1671 ubi
863 1634 1089 1688 receptum
1122 1640 1211 1671 non
1234 1633 1304 1671 est
1325 1622 1617 1671 tridentinum
1648 1623 1803 1673 decre-

322 1712 415 1749 tum
449 1719 537 1750 non
572 1700 788 1749 habentes
822 1700 918 1748 sive
941 1700 1209 1747 domicilium
1240 1710 1320 1748 aut
1351 1700 1482 1764 quasi
1511 1699 1797 1750 domicilium.

323 1777 433 1825 Cum
464 1793 569 1826 vero
602 1776 798 1825 dubitari
833 1787 985 1842 posset
1016 1776 1241 1842 quodnam
1275 1776 1487 1842 temporis
1517 1776 1800 1826 intervallum

323 1854 571 1920 requiratur
593 1854 651 1902 ad
675 1855 805 1919 quasi
825 1854 1094 1901 domicilium
1115 1853 1487 1919 comparandum,
1516 1853 1670 1902 statuit
1689 1871 1802 1920 pon-

322 1930 447 1978 tifex:
480 1951 502 1976 «
520 1930 648 1987 Quod
672 1941 913 1996 antequam
930 1930 1262 1979 matrimonium
1279 1930 1589 1988 contrahatur,
1608 1933 1802 1995 spatium

322 2007 474 2054 saltem
506 2008 635 2055 unius
667 2008 824 2055 mensis
858 2007 935 2055 ille
958 2007 1036 2072 qui
1061 2006 1303 2064 contrahit,
1331 2005 1601 2054 habitaverit
1622 2006 1671 2053 in
1698 2006 1798 2057 loco

322 2081 400 2129 ubi
437 2083 766 2130 matrimonium
805 2082 1067 2131 celebratur.
1095 2102 1118 2128 »
1155 2081 1386 2130 Eiusmodi
1420 2092 1568 2130 autem
1601 2082 1798 2148 spatium

323 2158 445 2206 iuxta
468 2158 619 2207 civiles
643 2160 823 2224 quidem
846 2159 968 2224 leges
990 2159 1185 2217 varium,
1212 2158 1393 2223 longius
1415 2175 1576 2225 nempe
1602 2158 1675 2208 vel
1696 2158 1799 2207 bre-

321 2233 422 2282 vius
456 2251 556 2282 esse
588 2246 755 2299 potest3
784 2236 864 2284 sed
898 2235 1087 2284 ecclesia
1109 2235 1166 2282 ad
1190 2235 1308 2283 hanc
1331 2234 1531 2285 civilium
1554 2233 1704 2300 legum
1725 2253 1800 2286 va-

322 2309 521 2358 rietatem
555 2327 643 2358 non
677 2312 864 2360 attendit
898 2312 1193 2378 sequiturque
1215 2312 1262 2359 in
1286 2312 1411 2378 praxi
1435 2312 1508 2360 ius
1531 2311 1799 2361 ecclesiasti-

321 2403 426 2434 cum
459 2403 550 2452 quo
583 2386 740 2434 saltem
774 2389 908 2436 unius
942 2390 1112 2437 mensis
1142 2389 1338 2455 spatium
1362 2388 1604 2454 requiritur
1626 2406 1680 2438 ac
1701 2388 1798 2438 suf-

322 2463 431 2511 ficit.
447 2464 559 2511 Nam
573 2481 779 2528 congreg.
799 2466 975 2513 concilii
989 2467 1035 2513 in
1049 2485 1188 2516 causa
1206 2466 1574 2533 aquisgranensi,
1592 2465 1797 2515 consulta

322 2556 458 2604 super
486 2539 714 2588 validitate
736 2540 969 2588 cuiusdam
992 2543 1262 2591 matrimonii
1284 2541 1556 2608 Aquisgrani
1586 2540 1796 2590 celebrati

320 2626 424 2681 post
445 2615 767 2681 aliquantulam
791 2633 959 2664 moram
978 2617 1024 2664 in
1042 2618 1119 2666 illa
1136 2619 1329 2676 civitate,
1351 2617 1526 2666 censuit
1541 2616 1796 2681 exprimen-

320 2692 428 2739 dum
450 2702 643 2757 tempus,
657 2708 746 2757 quo
765 2692 1073 2742 contrahentes
1085 2693 1357 2759 Aquisgrani
1375 2701 1656 2748 manserunt;
1674 2691 1795 2757 quod

321 2767 360 2818 si
396 2768 526 2817 suerit
558 2768 711 2816 saltem
743 2769 873 2816 unius
905 2771 1077 2826 mensis,
1107 2770 1300 2819 dandam
1324 2786 1413 2818 esse
1437 2768 1696 2818 decisionem
1712 2785 1795 2836 pro

414 2879 502 2922 (175)
522 2880 616 2924 Apud
638 2890 665 2914 s.
684 2881 820 2915 Mariam
842 2881 998 2915 maiorem
1020 2881 1074 2917 die
1104 2885 1152 2916 17.
1170 2882 1265 2917 Mart.
1283 2884 1373 2916 1758.
