1980 3260
13 1010 21 1062 :aa
15 950 23 1000 ..νώ
14 871 23 936 ῥητῇ,
14 843 16 852 κ
15 824 16 829 Α

276 246 365 277 GAP.
382 245 428 277 11.
446 245 496 276 DE
516 243 629 276 mccl..
647 243 809 276 romsr.
826 242 969 276 coNsr.
987 242 1073 274 mr.
1091 242 1216 275 una.
1231 243 1314 275 Dm.
1329 243 1422 275 AM.
1438 242 1499 275 111.
1572 230 1630 274 63

181 323 351 386 tigerit,
379 321 627 386 debentque
650 321 768 384 leges
793 320 1021 368 hominum
1039 319 1080 366 ei
1098 319 1253 368 cedere
1278 320 1376 368 sine
1398 319 1489 368 ullo
1512 336 1636 368 scru-

180 398 334 464 pulo.»
363 399 456 446 Hoc
478 398 659 463 quidem
692 397 894 461 generale
927 407 994 444 est
1026 395 1203 443 Lutheri
1238 397 1521 461 principium.
1549 397 1635 444 Sed

181 476 287 542 quid
322 477 418 542 ipse
452 475 655 538 intelligit
688 492 766 539 per
801 475 909 538 leqes
934 474 1185 520 hominum?
1218 474 1352 537 Leges
1388 491 1443 521 ne
1476 474 1638 539 princi-

184 552 325 617 pum?
356 552 560 607 Minime;
588 561 638 598 ut
668 561 786 616 patet
807 568 860 597 ex
883 549 1243 598 antecedentibus
1266 560 1310 597 et
1333 551 1637 615 consequenti·

182 629 290 683 bus,
328 645 407 676 seu
441 645 494 674 ex
526 627 659 674 totius
692 626 902 674 orationis
935 636 1154 673 contextu.

277 702 566 750 Praemiserat
581 702 720 748 enim:
741 701 892 756 «Quid
911 712 1056 748 autem
1074 702 1272 750 dicemus
1290 702 1346 750 de
1364 702 1515 767 impiis
1532 701 1637 766 legi-

182 781 267 828 bus
300 778 551 833 hominum,
585 776 747 840 quibus
781 776 865 823 hoc
897 777 1014 825 vitae
1048 794 1186 839 genus
1219 778 1432 825 divinitus
1467 779 1638 826 institu-

183 866 297 911 tum,
334 863 402 901 est
436 853 675 907 irretitum,
713 869 891 899 sursum
922 869 972 899 ac
1006 852 1212 899 deorsum
1248 853 1487 900 iactatum?
1517 854 1638 902 Deus

181 930 320 987 bone,
365 929 519 977 horror
557 940 624 976 est
662 928 885 975 intendere
925 928 969 974 in
1013 930 1287 974 temeritatem
1324 931 1639 977 romanensium

185 1017 490 1072 tyrannorum;
517 1006 627 1053 adeo
661 1023 739 1070 pro
772 1004 957 1052 libidine
991 1022 1072 1052 sua
1105 1005 1431 1063 dirimentium,
1460 1023 1636 1053 rursum

182 1082 428 1146 cogentium
451 1081 730 1128 matrimonia
751 1081 899 1142 (75).»
926 1080 1136 1128 Homines
1170 1081 1326 1144 igitur,
1359 1081 1547 1129 Luthero
1571 1082 1640 1128 in-

184 1168 391 1224 terprete,
430 1169 532 1206 sunt
563 1174 828 1204 romanenses
863 1158 1065 1222 tyranni,
1105 1157 1313 1204 nimirum
1347 1175 1456 1205 rom.
1496 1158 1640 1222 ponti-

185 1234 290 1282 fices
324 1251 582 1299 eorumque,
609 1243 658 1280 ut
680 1233 777 1298 ipse
800 1233 1019 1298 loquitur,
1047 1233 1279 1281 officiales.
1309 1235 1453 1298 Pergit
1476 1233 1638 1281 deinde

184 1321 226 1358 et
258 1311 504 1375 improbata
535 1312 710 1357 Summa
742 1310 967 1373 Anqelica,
1013 1327 1127 1375 quae
1170 1310 1226 1357 ad
1270 1311 1639 1358 confessariorum

186 1387 519 1434 instructionem
558 1387 754 1434 confecta
793 1386 933 1433 suerat
954 1424 963 1442 ,
1004 1396 1046 1433 et
1085 1386 1131 1432 in
1175 1404 1263 1451 qua
1300 1387 1451 1433 XVlll.
1492 1403 1641 1433 recen-

187 1463 396 1511 sebantur
419 1463 747 1529 impedimenta,
774 1463 956 1510 «Verum
982 1463 1175 1526 gaudeo,
1199 1462 1365 1527 inquit,
1387 1462 1484 1510 istis
1509 1462 1641 1509 dede-

186 1539 351 1588 corosis
383 1539 555 1603 legibus
593 1558 718 1587 suam
758 1540 933 1587 tandem
974 1540 1212 1603 contigisse
1241 1539 1449 1602 gloriam;
1485 1556 1641 1603 nempe

185 1632 334 1663 earum
357 1615 571 1663 beneficio
588 1615 720 1662 hodie
738 1633 1004 1662 romanenses
1022 1616 1123 1663 facti
1143 1625 1246 1663 sunt
1263 1615 1636 1662 nundinatores...

185 1690 224 1738 Ο
257 1690 393 1754 digna
426 1692 698 1755 Pontificibus
737 1693 892 1738 nostris
933 1692 1191 1755 negotiatio,
1235 1710 1367 1757 quam
1398 1709 1476 1756 pro
1510 1708 1641 1739 evan-

187 1767 291 1831 gelii
324 1767 594 1824 ministerio,
632 1767 751 1833 quod
787 1786 892 1833 prae
925 1769 1139 1825 avaritia,
1186 1779 1229 1816 et
1262 1768 1499 1815 ambitione
1539 1784 1643 1814 con-

189 1853 384 1891 temnunt
401 1846 494 1906 (76)
512 1843 522 1890 1
541 1865 562 1889 »
584 1845 699 1908 Ergo
722 1844 786 1891 illi
810 1845 1011 1893 homines
1042 1855 1145 1892 sunt
1168 1845 1402 1909 pontifices.
1434 1843 1519 1891 Sed
1550 1860 1642 1890 rur-

189 1937 288 1968 sum
311 1921 591 1985 prosequitur
607 1922 846 1969 Lutherus:
869 1922 1010 1969 «Dico
1034 1932 1200 1978 tamen,
1223 1931 1264 1968 et
1280 1920 1398 1985 quod
1417 1920 1462 1966 in
1479 1937 1550 1967 me
1572 1930 1640 1966 est

188 1995 324 2053 facio,
363 2012 548 2044 monens
582 2008 624 2044 et
657 2015 815 2060 rogans
850 2015 1002 2045 omnes
1039 1997 1288 2044 sacerdotes
1323 2006 1365 2044 et
1397 1996 1574 2052 fratres,
1603 1995 1641 2042 si

186 2071 376 2118 viderint
407 2071 588 2136 aliquod
627 2073 1012 2138 impedimentum,
1051 2072 1097 2118 in
1130 2090 1217 2137 quo
1245 2073 1370 2136 Papa
1402 2081 1545 2136 potest
1574 2071 1643 2117 di-

188 2163 422 2211 spensare,
451 2157 494 2194 et
517 2149 636 2213 quod
672 2166 759 2196 non
789 2159 856 2195 est
885 2148 929 2194 in
959 2148 1183 2213 Scriptura
1210 2164 1492 2212 expressum,
1520 2156 1569 2194 ut
1591 2164 1643 2194 ea

188 2222 466 2270 matrimonia
489 2224 770 2280 confirment,
799 2241 912 2289 quae
941 2235 1092 2272 contra
1124 2224 1458 2278 ecclesiasticas,
1499 2233 1644 2287 tyran-

188 2301 308 2346 nicas
329 2300 398 2346 vel
420 2301 662 2365 pontificias
687 2302 796 2364 leqes
820 2300 981 2348 fuerint
1009 2310 1229 2348 contracta
1252 2301 1400 2363 (77).»
1424 2299 1531 2346 Heic
1555 2316 1643 2346 non

191 2392 370 2439 egemus
394 2377 717 2424 commentariis
742 2377 799 2424 ad
822 2395 1072 2441 germanam
1095 2377 1272 2425 Lutheri
1295 2387 1487 2424 mentem
1519 2394 1644 2424 asse-

190 2452 426 2517 quendam.
462 2453 546 2501 Sed
580 2471 814 2518 pergamus
853 2455 1129 2520 insequentia
1165 2454 1300 2502 verba
1333 2454 1514 2501 afferre:
1547 2473 1569 2498 α
1591 2453 1646 2499 Et

192 2528 317 2594 Papa
332 2567 343 2585 ,
367 2530 541 2587 scribit,
562 2532 631 2578 vel
653 2532 869 2596 episcopus
885 2533 953 2579 vel
970 2532 1170 2597 officialis
1187 2569 1197 2586 ,
1227 2532 1265 2580 si
1290 2531 1544 2579 dissolverit
1566 2529 1647 2577 ali-

191 2605 309 2670 quod
335 2607 657 2655 matrimonium
682 2618 828 2655 contra
853 2609 983 2673 leqem
995 2610 1198 2674 papalem
1216 2618 1512 2664 contractum,
1534 2606 1646 2654 anti-

290 2752 355 2793 (75)
373 2753 443 2786 Fol.
460 2758 529 2787 295.
549 2754 600 2786 ed.
617 2754 671 2786 cit.
690 2756 797 2789 recto.

287 2805 353 2844 (78)
375 2806 457 2838 lhid.

288 2858 352 2896 (77)
375 2857 456 2890 lbid.
482 2868 589 2891 verso.
