<?xml version="1.0" encoding="UTF-8"?>
<!DOCTYPE html PUBLIC "-//W3C//DTD XHTML 1.0 Transitional//EN"
    "http://www.w3.org/TR/xhtml1/DTD/xhtml1-transitional.dtd">
<html xmlns="http://www.w3.org/1999/xhtml" xml:lang="en" lang="en">
 <head>
  <title>
</title>
<meta http-equiv="Content-Type" content="text/html;charset=utf-8" />
  <meta name='ocr-system' content='tesseract 3.04.00' />
  <meta name='ocr-capabilities' content='ocr_page ocr_carea ocr_par ocr_line ocrx_word'/>
</head>
<body>
  <div class='ocr_page' id='page_1' title='image "a603380702perruoft_0112.png"; bbox 0 0 1980 3260; ppageno 0'>
   <div class='ocr_carea' id='block_1_1' title="bbox 364 233 1490 278">
    <p class='ocr_par' dir='ltr' id='par_1_1' title="bbox 364 233 1490 278">
     <span class='ocr_line' id='line_1_1' title="bbox 364 233 1490 278; baseline -0.003 0"><span class='ocrx_word' id='word_1_1' title='bbox 364 233 453 278; x_wconf 85' lang='lat'><strong>108</strong></span> <span class='ocrx_word' id='word_1_2' title='bbox 668 244 748 274; x_wconf 77' lang='lat' dir='ltr'><strong>mn.</strong></span> <span class='ocrx_word' id='word_1_3' title='bbox 778 242 824 273; x_wconf 85' lang='lat'><strong>11.</strong></span> <span class='ocrx_word' id='word_1_4' title='bbox 854 243 968 274; x_wconf 76' lang='lat' dir='ltr'><strong>sacr.</strong></span> <span class='ocrx_word' id='word_1_5' title='bbox 996 242 1025 273; x_wconf 92' lang='lat'><strong>1.</strong></span> <span class='ocrx_word' id='word_1_6' title='bbox 1054 241 1106 273; x_wconf 73' lang='lat' dir='ltr'><strong>ns</strong></span> <span class='ocrx_word' id='word_1_7' title='bbox 1131 240 1296 272; x_wconf 74' lang='lat' dir='ltr'><strong>rorssr.</strong></span> <span class='ocrx_word' id='word_1_8' title='bbox 1326 242 1490 275; x_wconf 65' lang='lat' dir='ltr'><strong>nectes.</strong></span> 
     </span>
    </p>
   </div>
   <div class='ocr_carea' id='block_1_2' title="bbox 352 318 1825 1866">
    <p class='ocr_par' dir='ltr' id='par_1_2' title="bbox 355 318 1819 609">
     <span class='ocr_line' id='line_1_2' title="bbox 358 318 1818 387; baseline -0.001 -17"><span class='ocrx_word' id='word_1_9' title='bbox 358 331 567 387; x_wconf 86' lang='lat' dir='ltr'><strong>possunt,</strong></span> <span class='ocrx_word' id='word_1_10' title='bbox 612 320 706 365; x_wconf 90' lang='lat' dir='ltr'><strong>iure</strong></span> <span class='ocrx_word' id='word_1_11' title='bbox 746 319 925 382; x_wconf 91' lang='lat' dir='ltr'><strong>proprio</strong></span> <span class='ocrx_word' id='word_1_12' title='bbox 952 318 1213 382; x_wconf 88' lang='lat' dir='ltr'><strong>dispensare</strong></span> <span class='ocrx_word' id='word_1_13' title='bbox 1251 319 1492 380; x_wconf 78' lang='lat' dir='ltr'>generatim</span> <span class='ocrx_word' id='word_1_14' title='bbox 1530 320 1587 366; x_wconf 88' lang='lat' dir='ltr'><strong>ab</strong></span> <span class='ocrx_word' id='word_1_15' title='bbox 1629 321 1818 386; x_wconf 89' lang='lat' dir='ltr'><strong>impedi-</strong></span> 
     </span>
     <span class='ocr_line' id='line_1_3' title="bbox 358 393 1818 458; baseline 0.001 -15"><span class='ocrx_word' id='word_1_16' title='bbox 358 397 514 444; x_wconf 87' lang='lat' dir='ltr'><strong>mentis</strong></span> <span class='ocrx_word' id='word_1_17' title='bbox 549 394 881 450; x_wconf 83' lang='lat' dir='ltr'><strong>matrimonii;»</strong></span> <span class='ocrx_word' id='word_1_18' title='bbox 919 411 1053 458; x_wconf 90' lang='lat' dir='ltr'><strong>quam</strong></span> <span class='ocrx_word' id='word_1_19' title='bbox 1086 393 1249 441; x_wconf 91' lang='lat' dir='ltr'><strong>deinde</strong></span> <span class='ocrx_word' id='word_1_20' title='bbox 1277 394 1404 441; x_wconf 88' lang='lat' dir='ltr'><strong>docte</strong></span> <span class='ocrx_word' id='word_1_21' title='bbox 1436 394 1624 451; x_wconf 83' lang='lat' dir='ltr'>evincit,</span> <span class='ocrx_word' id='word_1_22' title='bbox 1661 397 1818 445; x_wconf 84' lang='lat' dir='ltr'><strong>dissol-</strong></span> 
     </span>
     <span class='ocr_line' id='line_1_4' title="bbox 355 469 1819 534; baseline 0.001 -17"><span class='ocrx_word' id='word_1_23' title='bbox 355 472 504 534; x_wconf 85' lang='lat' dir='ltr'><strong>vitque</strong></span> <span class='ocrx_word' id='word_1_24' title='bbox 537 487 589 517; x_wconf 89' lang='lat' dir='ltr'><strong>ea</strong></span> <span class='ocrx_word' id='word_1_25' title='bbox 621 486 736 534; x_wconf 87' lang='lat' dir='ltr'><strong>quae</strong></span> <span class='ocrx_word' id='word_1_26' title='bbox 770 469 826 516; x_wconf 89' lang='lat' dir='ltr'><strong>ab</strong></span> <span class='ocrx_word' id='word_1_27' title='bbox 859 469 1131 516; x_wconf 86' lang='lat' dir='ltr'><strong>adversariis</strong></span> <span class='ocrx_word' id='word_1_28' title='bbox 1175 479 1327 516; x_wconf 89' lang='lat' dir='ltr'><strong>contra</strong></span> <span class='ocrx_word' id='word_1_29' title='bbox 1358 486 1457 516; x_wconf 91' lang='lat' dir='ltr'><strong>eam</strong></span> <span class='ocrx_word' id='word_1_30' title='bbox 1494 470 1643 518; x_wconf 81' lang='lat' dir='ltr'><strong>afferri</strong></span> <span class='ocrx_word' id='word_1_31' title='bbox 1676 471 1819 521; x_wconf 85' lang='lat' dir='ltr'><strong>solent</strong></span> 
     </span>
     <span class='ocr_line' id='line_1_5' title="bbox 355 547 756 609; baseline -0.007 -15"><span class='ocrx_word' id='word_1_32' title='bbox 355 550 610 609; x_wconf 82' lang='lat' dir='ltr'><strong>argumenta</strong></span> <span class='ocrx_word' id='word_1_33' title='bbox 638 547 756 607; x_wconf 77' lang='lat'>(52).</span> 
     </span>
    </p>

    <p class='ocr_par' dir='ltr' id='par_1_3' title="bbox 355 619 1820 910">
     <span class='ocr_line' id='line_1_6' title="bbox 450 619 1820 685; baseline 0.004 -19"><span class='ocrx_word' id='word_1_34' title='bbox 450 620 624 669; x_wconf 85' lang='lat' dir='ltr'><strong>Nullum</strong></span> <span class='ocrx_word' id='word_1_35' title='bbox 650 620 784 683; x_wconf 79' lang='lat' dir='ltr'><strong>igitur</strong></span> <span class='ocrx_word' id='word_1_36' title='bbox 805 619 990 667; x_wconf 84' lang='lat' dir='ltr'><strong>dubium</strong></span> <span class='ocrx_word' id='word_1_37' title='bbox 1015 619 1180 668; x_wconf 83' lang='lat' dir='ltr'><strong>moveri</strong></span> <span class='ocrx_word' id='word_1_38' title='bbox 1203 630 1349 685; x_wconf 90' lang='lat' dir='ltr'><strong>potest</strong></span> <span class='ocrx_word' id='word_1_39' title='bbox 1375 620 1431 667; x_wconf 89' lang='lat' dir='ltr'><strong>de</strong></span> <span class='ocrx_word' id='word_1_40' title='bbox 1453 621 1675 669; x_wconf 89' lang='lat' dir='ltr'><strong>communi</strong></span> <span class='ocrx_word' id='word_1_41' title='bbox 1700 621 1820 671; x_wconf 81' lang='lat' dir='ltr'><strong>theo·</strong></span> 
     </span>
     <span class='ocr_line' id='line_1_7' title="bbox 356 695 1820 761; baseline 0.003 -19"><span class='ocrx_word' id='word_1_42' title='bbox 356 696 552 758; x_wconf 81' lang='lat' dir='ltr'><strong>logorum</strong></span> <span class='ocrx_word' id='word_1_43' title='bbox 586 695 904 743; x_wconf 86' lang='lat' dir='ltr'><strong>catholicorum</strong></span> <span class='ocrx_word' id='word_1_44' title='bbox 927 697 1146 744; x_wconf 89' lang='lat' dir='ltr'><strong>sententia</strong></span> <span class='ocrx_word' id='word_1_45' title='bbox 1168 696 1288 760; x_wconf 90' lang='lat' dir='ltr'><strong>quod</strong></span> <span class='ocrx_word' id='word_1_46' title='bbox 1322 696 1547 761; x_wconf 89' lang='lat' dir='ltr'><strong>episcopis</strong></span> <span class='ocrx_word' id='word_1_47' title='bbox 1577 698 1712 745; x_wconf 86' lang='lat' dir='ltr'><strong>tribui</strong></span> <span class='ocrx_word' id='word_1_48' title='bbox 1747 716 1820 747; x_wconf 76' lang='lat' dir='ltr'><strong>nc-</strong></span> 
     </span>
     <span class='ocr_line' id='line_1_8' title="bbox 355 771 1820 837; baseline 0.002 -20"><span class='ocrx_word' id='word_1_49' title='bbox 355 781 489 835; x_wconf 88' lang='lat' dir='ltr'><strong>queat</strong></span> <span class='ocrx_word' id='word_1_50' title='bbox 521 771 783 827; x_wconf 72' lang='lat' dir='ltr'>auctoritas,</span> <span class='ocrx_word' id='word_1_51' title='bbox 820 789 901 819; x_wconf 89' lang='lat' dir='ltr'><strong>seu</strong></span> <span class='ocrx_word' id='word_1_52' title='bbox 931 771 1116 819; x_wconf 74' lang='lat' dir='ltr'><strong>facultas</strong></span> <span class='ocrx_word' id='word_1_53' title='bbox 1151 771 1377 818; x_wconf 83' lang='lat' dir='ltr'><strong>relaxandi</strong></span> <span class='ocrx_word' id='word_1_54' title='bbox 1409 771 1505 820; x_wconf 89' lang='lat' dir='ltr'><strong>iure</strong></span> <span class='ocrx_word' id='word_1_55' title='bbox 1534 773 1714 837; x_wconf 89' lang='lat' dir='ltr'><strong>proprio</strong></span> <span class='ocrx_word' id='word_1_56' title='bbox 1740 774 1820 820; x_wconf 92' lang='lat' dir='ltr'><strong>im-</strong></span> 
     </span>
     <span class='ocr_line' id='line_1_9' title="bbox 356 846 1335 910; baseline 0.001 -18"><span class='ocrx_word' id='word_1_57' title='bbox 356 846 609 910; x_wconf 88' lang='lat' dir='ltr'><strong>pedimenta</strong></span> <span class='ocrx_word' id='word_1_58' title='bbox 641 846 896 910; x_wconf 81' lang='lat' dir='ltr'><strong>coniugium</strong></span> <span class='ocrx_word' id='word_1_59' title='bbox 928 846 1179 894; x_wconf 86' lang='lat' dir='ltr'><strong>dirimentia</strong></span> <span class='ocrx_word' id='word_1_60' title='bbox 1217 849 1335 909; x_wconf 76' lang='lat'>(53).</span> 
     </span>
    </p>

    <p class='ocr_par' dir='ltr' id='par_1_4' title="bbox 353 923 1820 1215">
     <span class='ocr_line' id='line_1_10' title="bbox 451 923 1818 1008; baseline 0.003 -39"><span class='ocrx_word' id='word_1_61' title='bbox 451 924 577 971; x_wconf 89' lang='lat' dir='ltr'><strong>Nunc</strong></span> <span class='ocrx_word' id='word_1_62' title='bbox 601 941 705 971; x_wconf 83' lang='lat' dir='ltr'><strong>vero</strong></span> <span class='ocrx_word' id='word_1_63' title='bbox 729 924 907 971; x_wconf 84' lang='lat' dir='ltr'><strong>deinum</strong></span> <span class='ocrx_word' id='word_1_64' title='bbox 936 923 1132 1008; x_wconf 85' lang='lat' dir='ltr'><strong>idipsum</strong></span> <span class='ocrx_word' id='word_1_65' title='bbox 1168 923 1439 971; x_wconf 81' lang='lat' dir='ltr'><strong>adstruimus</strong></span> <span class='ocrx_word' id='word_1_66' title='bbox 1473 924 1732 972; x_wconf 88' lang='lat' dir='ltr'><strong>auctoritate</strong></span> <span class='ocrx_word' id='word_1_67' title='bbox 1752 942 1818 973; x_wconf 88' lang='lat' dir='ltr'><strong>ro-</strong></span> 
     </span>
     <span class='ocr_line' id='line_1_11' title="bbox 355 1000 1819 1084; baseline 0.001 -38"><span class='ocrx_word' id='word_1_68' title='bbox 355 1017 587 1047; x_wconf 86' lang='lat' dir='ltr'><strong>manorum</strong></span> <span class='ocrx_word' id='word_1_69' title='bbox 622 1000 906 1084; x_wconf 85' lang='lat' dir='ltr'><strong>pontificum,</strong></span> <span class='ocrx_word' id='word_1_70' title='bbox 945 1000 1021 1064; x_wconf 91' lang='lat' dir='ltr'><strong>qui</strong></span> <span class='ocrx_word' id='word_1_71' title='bbox 1051 1010 1303 1048; x_wconf 84' lang='lat' dir='ltr'><strong>constanter</strong></span> <span class='ocrx_word' id='word_1_72' title='bbox 1334 1017 1434 1047; x_wconf 88' lang='lat' dir='ltr'><strong>sese</strong></span> <span class='ocrx_word' id='word_1_73' title='bbox 1461 1017 1514 1047; x_wconf 91' lang='lat' dir='ltr'><strong>ac</strong></span> <span class='ocrx_word' id='word_1_74' title='bbox 1541 1001 1709 1049; x_wconf 86' lang='lat' dir='ltr'><strong>fortiter</strong></span> <span class='ocrx_word' id='word_1_75' title='bbox 1738 1018 1819 1066; x_wconf 81' lang='lat' dir='ltr'><strong>op-</strong></span> 
     </span>
     <span class='ocr_line' id='line_1_12' title="bbox 353 1075 1820 1159; baseline 0 -37"><span class='ocrx_word' id='word_1_76' title='bbox 353 1086 597 1159; x_wconf 80' lang='lat' dir='ltr'><strong>posuerunt</strong></span> <span class='ocrx_word' id='word_1_77' title='bbox 625 1075 681 1123; x_wconf 90' lang='lat' dir='ltr'><strong>iis</strong></span> <span class='ocrx_word' id='word_1_78' title='bbox 712 1075 787 1140; x_wconf 91' lang='lat' dir='ltr'><strong>qui</strong></span> <span class='ocrx_word' id='word_1_79' title='bbox 820 1075 1062 1123; x_wconf 89' lang='lat' dir='ltr'><strong>machinati</strong></span> <span class='ocrx_word' id='word_1_80' title='bbox 1094 1085 1198 1122; x_wconf 90' lang='lat' dir='ltr'><strong>sunt</strong></span> <span class='ocrx_word' id='word_1_81' title='bbox 1224 1075 1439 1122; x_wconf 85' lang='lat' dir='ltr'><strong>adversus</strong></span> <span class='ocrx_word' id='word_1_82' title='bbox 1465 1075 1587 1123; x_wconf 89' lang='lat' dir='ltr'><strong>sedis</strong></span> <span class='ocrx_word' id='word_1_83' title='bbox 1611 1076 1820 1155; x_wconf 85' lang='lat' dir='ltr'><strong>apostoli-</strong></span> 
     </span>
     <span class='ocr_line' id='line_1_13' title="bbox 355 1150 1437 1235; baseline -0.002 -36"><span class='ocrx_word' id='word_1_84' title='bbox 355 1168 432 1199; x_wconf 88' lang='lat' dir='ltr'><strong>cae</strong></span> <span class='ocrx_word' id='word_1_85' title='bbox 468 1151 538 1198; x_wconf 91' lang='lat' dir='ltr'><strong>ius</strong></span> <span class='ocrx_word' id='word_1_86' title='bbox 569 1162 617 1198; x_wconf 89' lang='lat' dir='ltr'><strong>ut</strong></span> <span class='ocrx_word' id='word_1_87' title='bbox 646 1151 757 1198; x_wconf 93' lang='lat' dir='ltr'><strong>illud</strong></span> <span class='ocrx_word' id='word_1_88' title='bbox 794 1151 839 1197; x_wconf 90' lang='lat' dir='ltr'><strong>in</strong></span> <span class='ocrx_word' id='word_1_89' title='bbox 866 1151 1099 1235; x_wconf 87' lang='lat' dir='ltr'><strong>episcopos</strong></span> <span class='ocrx_word' id='word_1_90' title='bbox 1136 1150 1437 1197; x_wconf 81' lang='lat' dir='ltr'><strong>transferrent.</strong></span> 
     </span>
    </p>

    <p class='ocr_par' dir='ltr' id='par_1_5' title="bbox 352 1225 1825 1827">
     <span class='ocr_line' id='line_1_14' title="bbox 449 1225 1820 1291; baseline -0.001 -17"><span class='ocrx_word' id='word_1_91' title='bbox 449 1227 642 1274; x_wconf 89' lang='lat' dir='ltr'><strong>Primum</strong></span> <span class='ocrx_word' id='word_1_92' title='bbox 678 1227 812 1274; x_wconf 90' lang='lat' dir='ltr'><strong>huius</strong></span> <span class='ocrx_word' id='word_1_93' title='bbox 842 1227 904 1273; x_wconf 89' lang='lat' dir='ltr'><strong>rei</strong></span> <span class='ocrx_word' id='word_1_94' title='bbox 928 1227 1239 1273; x_wconf 85' lang='lat' dir='ltr'><strong>documentum</strong></span> <span class='ocrx_word' id='word_1_95' title='bbox 1275 1226 1333 1273; x_wconf 91' lang='lat' dir='ltr'><strong>sit</strong></span> <span class='ocrx_word' id='word_1_96' title='bbox 1365 1225 1592 1291; x_wconf 83' lang='lat' dir='ltr'><strong>encyclica</strong></span> <span class='ocrx_word' id='word_1_97' title='bbox 1621 1226 1820 1273; x_wconf 85' lang='lat' dir='ltr'><strong>Clemen-</strong></span> 
     </span>
     <span class='ocr_line' id='line_1_15' title="bbox 355 1302 1819 1368; baseline 0 -18"><span class='ocrx_word' id='word_1_98' title='bbox 355 1303 411 1351; x_wconf 88' lang='lat' dir='ltr'><strong>tis</strong></span> <span class='ocrx_word' id='word_1_99' title='bbox 436 1305 516 1349; x_wconf 84' lang='lat' dir='ltr'><strong>XI.</strong></span> <span class='ocrx_word' id='word_1_100' title='bbox 545 1304 603 1350; x_wconf 90' lang='lat' dir='ltr'><strong>ad</strong></span> <span class='ocrx_word' id='word_1_101' title='bbox 627 1303 989 1368; x_wconf 84' lang='lat' dir='ltr'><strong>archiepiscopos</strong></span> <span class='ocrx_word' id='word_1_102' title='bbox 1024 1313 1071 1349; x_wconf 66' lang='lat' dir='ltr'><strong>et⁴</strong></span> <span class='ocrx_word' id='word_1_103' title='bbox 1098 1302 1334 1366; x_wconf 91' lang='lat' dir='ltr'><strong>episcopos</strong></span> <span class='ocrx_word' id='word_1_104' title='bbox 1367 1302 1685 1367; x_wconf 85' lang='lat' dir='ltr'><strong>Hispaniarum</strong></span> <span class='ocrx_word' id='word_1_105' title='bbox 1713 1302 1819 1350; x_wconf 84' lang='lat' dir='ltr'><strong>data</strong></span> 
     </span>
     <span class='ocr_line' id='line_1_16' title="bbox 352 1377 1819 1444; baseline 0.001 -18"><span class='ocrx_word' id='word_1_106' title='bbox 352 1396 425 1426; x_wconf 87' lang='lat' dir='ltr'><strong>an.</strong></span> <span class='ocrx_word' id='word_1_107' title='bbox 456 1381 598 1425; x_wconf 78' lang='lat'>1709.</span> <span class='ocrx_word' id='word_1_108' title='bbox 632 1379 741 1426; x_wconf 91' lang='lat' dir='ltr'><strong>Cum</strong></span> <span class='ocrx_word' id='word_1_109' title='bbox 778 1379 894 1425; x_wconf 90' lang='lat' dir='ltr'><strong>enim</strong></span> <span class='ocrx_word' id='word_1_110' title='bbox 929 1377 1166 1443; x_wconf 85' lang='lat' dir='ltr'><strong>Philippus</strong></span> <span class='ocrx_word' id='word_1_111' title='bbox 1197 1379 1246 1425; x_wconf 91' lang='lat' dir='ltr'><strong>V.</strong></span> <span class='ocrx_word' id='word_1_112' title='bbox 1275 1378 1464 1443; x_wconf 83' lang='lat' dir='ltr'><strong>Hispan.</strong></span> <span class='ocrx_word' id='word_1_113' title='bbox 1498 1396 1575 1426; x_wconf 86' lang='lat' dir='ltr'><strong>rex</strong></span> <span class='ocrx_word' id='word_1_114' title='bbox 1597 1378 1683 1426; x_wconf 88' lang='lat' dir='ltr'><strong>hoe</strong></span> <span class='ocrx_word' id='word_1_115' title='bbox 1717 1379 1819 1444; x_wconf 84' lang='lat' dir='ltr'><strong>ipso</strong></span> 
     </span>
     <span class='ocr_line' id='line_1_17' title="bbox 353 1455 1818 1521; baseline 0.001 -19"><span class='ocrx_word' id='word_1_116' title='bbox 353 1472 469 1502; x_wconf 90' lang='lat' dir='ltr'><strong>anno</strong></span> <span class='ocrx_word' id='word_1_117' title='bbox 484 1493 494 1511; x_wconf 98' lang='lat'><strong>,</strong></span> <span class='ocrx_word' id='word_1_118' title='bbox 526 1455 665 1502; x_wconf 90' lang='lat' dir='ltr'><strong>eiecto</strong></span> <span class='ocrx_word' id='word_1_119' title='bbox 695 1455 939 1519; x_wconf 86' lang='lat' dir='ltr'><strong>apostolico</strong></span> <span class='ocrx_word' id='word_1_120' title='bbox 961 1455 1116 1503; x_wconf 90' lang='lat' dir='ltr'><strong>nuntio</strong></span> <span class='ocrx_word' id='word_1_121' title='bbox 1131 1492 1141 1512; x_wconf 96' lang='lat'><strong>,</strong></span> <span class='ocrx_word' id='word_1_122' title='bbox 1169 1456 1392 1521; x_wconf 78' lang='lat' dir='ltr'><strong>vetitoque</strong></span> <span class='ocrx_word' id='word_1_123' title='bbox 1414 1473 1694 1521; x_wconf 89' lang='lat' dir='ltr'><strong>quocumque</strong></span> <span class='ocrx_word' id='word_1_124' title='bbox 1716 1473 1818 1504; x_wconf 91' lang='lat' dir='ltr'><strong>cum</strong></span> 
     </span>
     <span class='ocr_line' id='line_1_18' title="bbox 356 1531 1821 1597; baseline 0.002 -20"><span class='ocrx_word' id='word_1_125' title='bbox 356 1549 536 1579; x_wconf 88' lang='lat' dir='ltr'><strong>romana</strong></span> <span class='ocrx_word' id='word_1_126' title='bbox 568 1532 692 1579; x_wconf 87' lang='lat' dir='ltr'><strong>curia</strong></span> <span class='ocrx_word' id='word_1_127' title='bbox 733 1531 998 1580; x_wconf 89' lang='lat' dir='ltr'><strong>commercio</strong></span> <span class='ocrx_word' id='word_1_128' title='bbox 1015 1569 1026 1588; x_wconf 94' lang='lat'><strong>,</strong></span> <span class='ocrx_word' id='word_1_129' title='bbox 1065 1531 1290 1597; x_wconf 88' lang='lat' dir='ltr'><strong>episcopis</strong></span> <span class='ocrx_word' id='word_1_130' title='bbox 1323 1532 1485 1596; x_wconf 82' lang='lat' dir='ltr'><strong>agendi</strong></span> <span class='ocrx_word' id='word_1_131' title='bbox 1519 1532 1731 1580; x_wconf 89' lang='lat' dir='ltr'><strong>rationem</strong></span> <span class='ocrx_word' id='word_1_132' title='bbox 1765 1549 1821 1580; x_wconf 79' lang='lat' dir='ltr'><strong>ac</strong></span> 
     </span>
     <span class='ocr_line' id='line_1_19' title="bbox 354 1607 1819 1672; baseline 0.001 -18"><span class='ocrx_word' id='word_1_133' title='bbox 354 1607 537 1655; x_wconf 89' lang='lat' dir='ltr'><strong>sormam</strong></span> <span class='ocrx_word' id='word_1_134' title='bbox 566 1608 956 1672; x_wconf 82' lang='lat' dir='ltr'><strong>praescripsisset,</strong></span> <span class='ocrx_word' id='word_1_135' title='bbox 978 1607 1098 1656; x_wconf 88' lang='lat' dir='ltr'><strong>illico</strong></span> <span class='ocrx_word' id='word_1_136' title='bbox 1121 1626 1326 1656; x_wconf 90' lang='lat' dir='ltr'><strong>summus</strong></span> <span class='ocrx_word' id='word_1_137' title='bbox 1342 1608 1417 1656; x_wconf 90' lang='lat' dir='ltr'><strong>hic</strong></span> <span class='ocrx_word' id='word_1_138' title='bbox 1434 1608 1631 1672; x_wconf 83' lang='lat' dir='ltr'><strong>pontifex</strong></span> <span class='ocrx_word' id='word_1_139' title='bbox 1651 1608 1819 1656; x_wconf 70' lang='lat' dir='ltr'><strong>&#39;iisdem</strong></span> 
     </span>
     <span class='ocr_line' id='line_1_20' title="bbox 355 1683 1817 1748; baseline 0.002 -19"><span class='ocrx_word' id='word_1_140' title='bbox 355 1683 635 1748; x_wconf 89' lang='lat' dir='ltr'><strong>praesulibus</strong></span> <span class='ocrx_word' id='word_1_141' title='bbox 659 1684 888 1732; x_wconf 87' lang='lat' dir='ltr'><strong>mandavit</strong></span> <span class='ocrx_word' id='word_1_142' title='bbox 910 1701 967 1731; x_wconf 91' lang='lat' dir='ltr'><strong>ne</strong></span> <span class='ocrx_word' id='word_1_143' title='bbox 991 1683 1082 1731; x_wconf 91' lang='lat' dir='ltr'><strong>illis</strong></span> <span class='ocrx_word' id='word_1_144' title='bbox 1102 1684 1455 1732; x_wconf 71' lang='lat' dir='ltr'><strong>«beneficiamm</strong></span> <span class='ocrx_word' id='word_1_145' title='bbox 1479 1684 1817 1741; x_wconf 74' lang='lat' dir='ltr'><strong>collationibus,</strong></span> 
     </span>
     <span class='ocr_line' id='line_1_21' title="bbox 354 1760 1825 1866; baseline 0.001 -59"><span class='ocrx_word' id='word_1_146' title='bbox 354 1760 743 1825; x_wconf 76' lang='lat' dir='ltr'><strong>dispensationibus</strong></span> <span class='ocrx_word' id='word_1_147' title='bbox 766 1763 897 1809; x_wconf 82' lang='lat' dir='ltr'><strong>etiam</strong></span> <span class='ocrx_word' id='word_1_148' title='bbox 917 1762 1335 1817; x_wconf 67' lang='lat' dir='ltr'><strong>matrimonialibus,</strong></span> <span class='ocrx_word' id='word_1_149' title='bbox 1364 1761 1618 1809; x_wconf 90' lang='lat' dir='ltr'><strong>recursibus</strong></span> <span class='ocrx_word' id='word_1_150' title='bbox 1633 1799 1644 1818; x_wconf 92' lang='lat'>‚</span> <span class='ocrx_word' id='word_1_151' title='bbox 1671 1761 1825 1866; x_wconf 57' lang='lat' dir='ltr'><strong>appel-</strong></span> 
     </span>
    </p>
   </div>
   <div class='ocr_carea' id='block_1_3' title="bbox 349 1902 1825 2896">
    <p class='ocr_par' dir='ltr' id='par_1_6' title="bbox 441 1902 1209 1945">
     <span class='ocr_line' id='line_1_22' title="bbox 441 1902 1209 1945; baseline 0.003 -11"><span class='ocrx_word' id='word_1_152' title='bbox 441 1902 505 1943; x_wconf 84' lang='lat'>(52)</span> <span class='ocrx_word' id='word_1_153' title='bbox 527 1905 577 1934; x_wconf 81' lang='lat' dir='ltr'><strong>De</strong></span> <span class='ocrx_word' id='word_1_154' title='bbox 601 1904 756 1935; x_wconf 82' lang='lat' dir='ltr'><strong>matrim.</strong></span> <span class='ocrx_word' id='word_1_155' title='bbox 778 1904 858 1936; x_wconf 88' lang='lat' dir='ltr'><strong>tom.</strong></span> <span class='ocrx_word' id='word_1_156' title='bbox 890 1905 933 1935; x_wconf 90' lang='lat'><strong>11.</strong></span> <span class='ocrx_word' id='word_1_157' title='bbox 952 1912 984 1936; x_wconf 86' lang='lat' dir='ltr'><strong>n.</strong></span> <span class='ocrx_word' id='word_1_158' title='bbox 1007 1908 1099 1936; x_wconf 77' lang='lat'>1068.</span> <span class='ocrx_word' id='word_1_159' title='bbox 1117 1913 1209 1945; x_wconf 83' lang='lat' dir='ltr'><strong>seqq.</strong></span> 
     </span>
    </p>

    <p class='ocr_par' dir='ltr' id='par_1_7' title="bbox 349 1935 1825 2896">
     <span class='ocr_line' id='line_1_23' title="bbox 442 1935 1819 1998; baseline 0.001 -11"><span class='ocrx_word' id='word_1_160' title='bbox 442 1955 506 1995; x_wconf 78' lang='lat'>(53)</span> <span class='ocrx_word' id='word_1_161' title='bbox 527 1957 574 1987; x_wconf 84' lang='lat' dir='ltr'><strong>En</strong></span> <span class='ocrx_word' id='word_1_162' title='bbox 598 1955 716 1996; x_wconf 88' lang='lat' dir='ltr'><strong>quibus</strong></span> <span class='ocrx_word' id='word_1_163' title='bbox 733 1956 840 1989; x_wconf 82' lang='lat' dir='ltr'><strong>verbis</strong></span> <span class='ocrx_word' id='word_1_164' title='bbox 860 1956 894 1988; x_wconf 89' lang='lat' dir='ltr'><strong>in</strong></span> <span class='ocrx_word' id='word_1_165' title='bbox 912 1956 997 1989; x_wconf 83' lang='lat' dir='ltr'><strong>coll.</strong></span> <span class='ocrx_word' id='word_1_166' title='bbox 1010 1956 1245 1997; x_wconf 67' lang='lat' dir='ltr'><strong>Andeqavem.</strong></span> <span class='ocrx_word' id='word_1_167' title='bbox 1259 1965 1372 1990; x_wconf 80' lang='lat' dir='ltr'><strong>sensus</strong></span> <span class='ocrx_word' id='word_1_168' title='bbox 1386 1956 1628 1998; x_wconf 83' lang='lat' dir='ltr'><strong>praecipuorum</strong></span> <span class='ocrx_word' id='word_1_169' title='bbox 1650 1956 1684 1988; x_wconf 76' lang='lat' dir='ltr'><strong>in</strong></span> <span class='ocrx_word' id='word_1_170' title='bbox 1703 1935 1819 1990; x_wconf 78' lang='lat' dir='ltr'><strong>Galliis</strong></span> 
     </span>
     <span class='ocr_line' id='line_1_24' title="bbox 352 2007 1819 2051; baseline 0.001 -12"><span class='ocrx_word' id='word_1_171' title='bbox 352 2007 573 2048; x_wconf 81' lang='lat' dir='ltr'><strong>theologorum</strong></span> <span class='ocrx_word' id='word_1_172' title='bbox 588 2008 648 2040; x_wconf 85' lang='lat' dir='ltr'><strong>hac</strong></span> <span class='ocrx_word' id='word_1_173' title='bbox 658 2017 754 2050; x_wconf 86' lang='lat' dir='ltr'><strong>super</strong></span> <span class='ocrx_word' id='word_1_174' title='bbox 764 2018 798 2041; x_wconf 87' lang='lat' dir='ltr'><strong>re</strong></span> <span class='ocrx_word' id='word_1_175' title='bbox 811 2010 1002 2050; x_wconf 85' lang='lat' dir='ltr'><strong>proponitur</strong></span> <span class='ocrx_word' id='word_1_176' title='bbox 1013 2019 1084 2051; x_wconf 90' lang='lat' dir='ltr'><strong>pag.</strong></span> <span class='ocrx_word' id='word_1_177' title='bbox 1089 2012 1160 2042; x_wconf 75' lang='lat'>524.</span> <span class='ocrx_word' id='word_1_178' title='bbox 1171 2010 1275 2042; x_wconf 82' lang='lat' dir='ltr'><strong>«c&#39;est</strong></span> <span class='ocrx_word' id='word_1_179' title='bbox 1285 2019 1328 2042; x_wconf 91' lang='lat' dir='ltr'><strong>un</strong></span> <span class='ocrx_word' id='word_1_180' title='bbox 1338 2009 1510 2042; x_wconf 76' lang='lat' dir='ltr'><strong>sentiment</strong></span> <span class='ocrx_word' id='word_1_181' title='bbox 1517 2008 1819 2042; x_wconf 65' lang='lat' dir='ltr'><strong>writersellement</strong></span> 
     </span>
     <span class='ocr_line' id='line_1_25' title="bbox 353 2059 1820 2104; baseline 0.001 -12"><span class='ocrx_word' id='word_1_182' title='bbox 353 2059 464 2093; x_wconf 80' lang='lat' dir='ltr'><strong>admis</strong></span> <span class='ocrx_word' id='word_1_183' title='bbox 489 2060 568 2092; x_wconf 83' lang='lat' dir='ltr'><strong>dans</strong></span> <span class='ocrx_word' id='word_1_184' title='bbox 590 2061 621 2093; x_wconf 83' lang='lat' dir='ltr'><strong>la</strong></span> <span class='ocrx_word' id='word_1_185' title='bbox 638 2062 757 2094; x_wconf 85' lang='lat' dir='ltr'><strong>morale</strong></span> <span class='ocrx_word' id='word_1_186' title='bbox 782 2064 814 2094; x_wconf 86' lang='lat' dir='ltr'><strong>et</strong></span> <span class='ocrx_word' id='word_1_187' title='bbox 835 2063 869 2095; x_wconf 82' lang='lat' dir='ltr'><strong>la</strong></span> <span class='ocrx_word' id='word_1_188' title='bbox 883 2062 1052 2104; x_wconf 76' lang='lat' dir='ltr'><strong>discipline</strong></span> <span class='ocrx_word' id='word_1_189' title='bbox 1065 2063 1318 2104; x_wconf 70' lang='lat' dir='ltr'><strong>ecclesiastique.</strong></span> <span class='ocrx_word' id='word_1_190' title='bbox 1337 2087 1346 2095; x_wconf 90' lang='lat'><strong>.</strong></span> <span class='ocrx_word' id='word_1_191' title='bbox 1363 2086 1372 2093; x_wconf 89' lang='lat'><strong><em>.</em></strong></span> <span class='ocrx_word' id='word_1_192' title='bbox 1393 2087 1401 2094; x_wconf 90' lang='lat'><strong>.</strong></span> <span class='ocrx_word' id='word_1_193' title='bbox 1418 2065 1482 2095; x_wconf 78' lang='lat' dir='ltr'><strong>Les</strong></span> <span class='ocrx_word' id='word_1_194' title='bbox 1501 2062 1701 2103; x_wconf 69' lang='lat' dir='ltr'><strong>theologicus</strong></span> <span class='ocrx_word' id='word_1_195' title='bbox 1720 2063 1754 2094; x_wconf 79' lang='lat' dir='ltr'><strong>et</strong></span> <span class='ocrx_word' id='word_1_196' title='bbox 1773 2062 1820 2094; x_wconf 75' lang='lat' dir='ltr'><strong>les</strong></span> 
     </span>
     <span class='ocr_line' id='line_1_26' title="bbox 353 2113 1820 2156; baseline 0.001 -12"><span class='ocrx_word' id='word_1_197' title='bbox 353 2113 533 2145; x_wconf 51' lang='lat' dir='ltr'><strong>canonistas</strong></span> <span class='ocrx_word' id='word_1_198' title='bbox 556 2113 709 2155; x_wconf 53' lang='lat' dir='ltr'><strong>francilis,</strong></span> <span class='ocrx_word' id='word_1_199' title='bbox 724 2115 769 2147; x_wconf 87' lang='lat' dir='ltr'><strong>les</strong></span> <span class='ocrx_word' id='word_1_200' title='bbox 792 2116 865 2156; x_wconf 86' lang='lat' dir='ltr'><strong>plus</strong></span> <span class='ocrx_word' id='word_1_201' title='bbox 881 2115 1024 2148; x_wconf 57' lang='lat' dir='ltr'><strong>attach&amp;</strong></span> <span class='ocrx_word' id='word_1_202' title='bbox 1049 2116 1068 2147; x_wconf 76' lang='lat' dir='ltr'><strong>a</strong></span> <span class='ocrx_word' id='word_1_203' title='bbox 1094 2125 1153 2148; x_wconf 88' lang='lat' dir='ltr'><strong>nos</strong></span> <span class='ocrx_word' id='word_1_204' title='bbox 1170 2116 1343 2156; x_wconf 54' lang='lat' dir='ltr'><strong>mammes,</strong></span> <span class='ocrx_word' id='word_1_205' title='bbox 1360 2115 1423 2147; x_wconf 80' lang='lat' dir='ltr'><strong>tels</strong></span> <span class='ocrx_word' id='word_1_206' title='bbox 1442 2116 1659 2156; x_wconf 69' lang='lat' dir='ltr'><strong>quapontas,</strong></span> <span class='ocrx_word' id='word_1_207' title='bbox 1681 2114 1820 2154; x_wconf 79' lang='lat' dir='ltr'><strong>Habert,</strong></span> 
     </span>
     <span class='ocr_line' id='line_1_27' title="bbox 354 2161 1821 2209; baseline 0.001 -11"><span class='ocrx_word' id='word_1_208' title='bbox 354 2166 385 2198; x_wconf 89' lang='lat' dir='ltr'><strong>le</strong></span> <span class='ocrx_word' id='word_1_209' title='bbox 402 2174 434 2207; x_wconf 89' lang='lat' dir='ltr'><strong>p.</strong></span> <span class='ocrx_word' id='word_1_210' title='bbox 455 2165 633 2198; x_wconf 82' lang='lat' dir='ltr'><strong>Alexandre</strong></span> <span class='ocrx_word' id='word_1_211' title='bbox 647 2191 656 2207; x_wconf 91' lang='lat'><strong>,</strong></span> <span class='ocrx_word' id='word_1_212' title='bbox 677 2168 814 2208; x_wconf 82' lang='lat' dir='ltr'><strong>Fleury‚</strong></span> <span class='ocrx_word' id='word_1_213' title='bbox 834 2169 1015 2209; x_wconf 75' lang='lat' dir='ltr'><strong>Tourner,</strong></span> <span class='ocrx_word' id='word_1_214' title='bbox 1037 2163 1220 2209; x_wconf 56' lang='lat' dir='ltr'><strong>cubasset,</strong></span> <span class='ocrx_word' id='word_1_215' title='bbox 1247 2167 1475 2206; x_wconf 75' lang='lat' dir='ltr'><strong>l’Herminier,</strong></span> <span class='ocrx_word' id='word_1_216' title='bbox 1499 2161 1821 2208; x_wconf 72' lang='lat' dir='ltr'><strong>measse,&#39;1esoon-</strong></span> 
     </span>
     <span class='ocr_line' id='line_1_28' title="bbox 352 2218 1820 2262; baseline 0.001 -12"><span class='ocrx_word' id='word_1_217' title='bbox 352 2218 496 2251; x_wconf 73' lang='lat' dir='ltr'><strong>fereuces</strong></span> <span class='ocrx_word' id='word_1_218' title='bbox 509 2218 549 2250; x_wconf 86' lang='lat' dir='ltr'><strong>de</strong></span> <span class='ocrx_word' id='word_1_219' title='bbox 570 2219 678 2259; x_wconf 83' lang='lat' dir='ltr'><strong>Paris,</strong></span> <span class='ocrx_word' id='word_1_220' title='bbox 693 2219 734 2252; x_wconf 86' lang='lat' dir='ltr'><strong>de</strong></span> <span class='ocrx_word' id='word_1_221' title='bbox 753 2222 863 2260; x_wconf 73' lang='lat' dir='ltr'><strong>Lucon</strong></span> <span class='ocrx_word' id='word_1_222' title='bbox 874 2245 884 2260; x_wconf 86' lang='lat'><strong>,</strong></span> <span class='ocrx_word' id='word_1_223' title='bbox 901 2222 1041 2253; x_wconf 85' lang='lat' dir='ltr'><strong>Boucbel</strong></span> <span class='ocrx_word' id='word_1_224' title='bbox 1053 2245 1063 2262; x_wconf 87' lang='lat'><strong>‚</strong></span> <span class='ocrx_word' id='word_1_225' title='bbox 1084 2221 1168 2254; x_wconf 82' lang='lat' dir='ltr'><strong>ainsi</strong></span> <span class='ocrx_word' id='word_1_226' title='bbox 1182 2230 1247 2262; x_wconf 74' lang='lat' dir='ltr'><strong>quc</strong></span> <span class='ocrx_word' id='word_1_227' title='bbox 1259 2221 1396 2253; x_wconf 79' lang='lat' dir='ltr'><strong>Rebufi’e</strong></span> <span class='ocrx_word' id='word_1_228' title='bbox 1405 2244 1415 2261; x_wconf 93' lang='lat'><strong>‚</strong></span> <span class='ocrx_word' id='word_1_229' title='bbox 1429 2221 1506 2257; x_wconf 70' lang='lat' dir='ltr'><strong>tous</strong></span> <span class='ocrx_word' id='word_1_230' title='bbox 1521 2220 1730 2260; x_wconf 67' lang='lat' dir='ltr'><strong>l&#39;enseignent</strong></span> <span class='ocrx_word' id='word_1_231' title='bbox 1743 2228 1820 2251; x_wconf 84' lang='lat' dir='ltr'><strong>una·</strong></span> 
     </span>
     <span class='ocr_line' id='line_1_29' title="bbox 350 2271 1823 2317; baseline 0 -13"><span class='ocrx_word' id='word_1_232' title='bbox 350 2271 526 2304; x_wconf 88' lang='lat' dir='ltr'><strong>nimement</strong></span> <span class='ocrx_word' id='word_1_233' title='bbox 539 2296 545 2302; x_wconf 93' lang='lat'><strong><em>.</em></strong></span> <span class='ocrx_word' id='word_1_234' title='bbox 556 2296 563 2302; x_wconf 88' lang='lat'><strong>.</strong></span> <span class='ocrx_word' id='word_1_235' title='bbox 574 2295 581 2302; x_wconf 92' lang='lat'><strong><em>.</em></strong></span> <span class='ocrx_word' id='word_1_236' title='bbox 594 2273 682 2303; x_wconf 80' lang='lat' dir='ltr'><strong>Deux</strong></span> <span class='ocrx_word' id='word_1_237' title='bbox 697 2281 739 2303; x_wconf 92' lang='lat' dir='ltr'><strong>ou</strong></span> <span class='ocrx_word' id='word_1_238' title='bbox 752 2273 830 2304; x_wconf 90' lang='lat' dir='ltr'><strong>trois</strong></span> <span class='ocrx_word' id='word_1_239' title='bbox 843 2275 972 2306; x_wconf 85' lang='lat' dir='ltr'><strong>auteurs</strong></span> <span class='ocrx_word' id='word_1_240' title='bbox 983 2299 992 2313; x_wconf 94' lang='lat'><strong><em>‚</em></strong></span> <span class='ocrx_word' id='word_1_241' title='bbox 1011 2274 1113 2315; x_wconf 84' lang='lat' dir='ltr'><strong>parmi</strong></span> <span class='ocrx_word' id='word_1_242' title='bbox 1130 2283 1211 2306; x_wconf 86' lang='lat' dir='ltr'><strong>nous</strong></span> <span class='ocrx_word' id='word_1_243' title='bbox 1225 2298 1234 2314; x_wconf 92' lang='lat'><strong>,</strong></span> <span class='ocrx_word' id='word_1_244' title='bbox 1250 2273 1447 2314; x_wconf 88' lang='lat' dir='ltr'><strong>seulement,</strong></span> <span class='ocrx_word' id='word_1_245' title='bbox 1460 2272 1618 2317; x_wconf 76' lang='lat' dir='ltr'><strong>semblent</strong></span> <span class='ocrx_word' id='word_1_246' title='bbox 1628 2271 1823 2312; x_wconf 81' lang='lat' dir='ltr'><strong>s’expliquer</strong></span> 
     </span>
     <span class='ocr_line' id='line_1_30' title="bbox 353 2321 1819 2367; baseline 0.001 -13"><span class='ocrx_word' id='word_1_247' title='bbox 353 2323 567 2356; x_wconf 73' lang='lat' dir='ltr'><strong>diversement</strong></span> <span class='ocrx_word' id='word_1_248' title='bbox 587 2332 650 2363; x_wconf 87' lang='lat' dir='ltr'><strong>que</strong></span> <span class='ocrx_word' id='word_1_249' title='bbox 671 2323 718 2355; x_wconf 86' lang='lat' dir='ltr'><strong>les</strong></span> <span class='ocrx_word' id='word_1_250' title='bbox 740 2325 866 2364; x_wconf 81' lang='lat' dir='ltr'><strong>autres,</strong></span> <span class='ocrx_word' id='word_1_251' title='bbox 894 2325 1051 2367; x_wconf 86' lang='lat' dir='ltr'><strong>Gerbais,</strong></span> <span class='ocrx_word' id='word_1_252' title='bbox 1067 2326 1180 2359; x_wconf 89' lang='lat' dir='ltr'><strong>Gibert</strong></span> <span class='ocrx_word' id='word_1_253' title='bbox 1201 2326 1236 2359; x_wconf 88' lang='lat' dir='ltr'><strong>&#39;et</strong></span> <span class='ocrx_word' id='word_1_254' title='bbox 1256 2325 1439 2358; x_wconf 87' lang='lat' dir='ltr'><strong>Lacombe.</strong></span> <span class='ocrx_word' id='word_1_255' title='bbox 1468 2321 1486 2329; x_wconf 89' lang='grc'>”</span> <span class='ocrx_word' id='word_1_256' title='bbox 1484 2324 1633 2357; x_wconf 72' lang='lat' dir='ltr'><strong>‚Eucor&#39;e&#39;</strong></span> <span class='ocrx_word' id='word_1_257' title='bbox 1655 2323 1819 2365; x_wconf 86' lang='lat' dir='ltr'><strong>lorsqu’on</strong></span> 
     </span>
     <span class='ocr_line' id='line_1_31' title="bbox 353 2374 1819 2419; baseline 0 -11"><span class='ocrx_word' id='word_1_258' title='bbox 353 2375 398 2408; x_wconf 75' lang='lat' dir='ltr'><strong>les</strong></span> <span class='ocrx_word' id='word_1_259' title='bbox 413 2375 560 2409; x_wconf 76' lang='lat' dir='ltr'><strong>examine</strong></span> <span class='ocrx_word' id='word_1_260' title='bbox 578 2374 618 2406; x_wconf 89' lang='lat' dir='ltr'><strong>de</strong></span> <span class='ocrx_word' id='word_1_261' title='bbox 640 2375 733 2416; x_wconf 75' lang='lat' dir='ltr'><strong>pres,</strong></span> <span class='ocrx_word' id='word_1_262' title='bbox 755 2376 783 2407; x_wconf 76' lang='lat' dir='ltr'><strong>si</strong></span> <span class='ocrx_word' id='word_1_263' title='bbox 806 2376 871 2408; x_wconf 88' lang='lat' dir='ltr'><strong>l’on</strong></span> <span class='ocrx_word' id='word_1_264' title='bbox 884 2386 923 2408; x_wconf 86' lang='lat' dir='ltr'><strong>en</strong></span> <span class='ocrx_word' id='word_1_265' title='bbox 936 2380 1066 2419; x_wconf 83' lang='lat' dir='ltr'><strong>excepte</strong></span> <span class='ocrx_word' id='word_1_266' title='bbox 1088 2378 1270 2419; x_wconf 86' lang='lat' dir='ltr'><strong>Lacombe,</strong></span> <span class='ocrx_word' id='word_1_267' title='bbox 1288 2378 1346 2419; x_wconf 85' lang='lat' dir='ltr'><strong>qui</strong></span> <span class='ocrx_word' id='word_1_268' title='bbox 1361 2378 1415 2412; x_wconf 73' lang='lat' dir='ltr'><strong>n&#39;a</strong></span> <span class='ocrx_word' id='word_1_269' title='bbox 1438 2377 1537 2418; x_wconf 74' lang='lat' dir='ltr'><strong>po’unt.</strong></span> <span class='ocrx_word' id='word_1_270' title='bbox 1550 2376 1680 2409; x_wconf 70' lang='lat' dir='ltr'><strong>dismte</strong></span> <span class='ocrx_word' id='word_1_271' title='bbox 1697 2376 1738 2408; x_wconf 85' lang='lat' dir='ltr'><strong>la</strong></span> <span class='ocrx_word' id='word_1_272' title='bbox 1742 2384 1819 2416; x_wconf 83' lang='lat' dir='ltr'><strong>que-</strong></span> 
     </span>
     <span class='ocr_line' id='line_1_32' title="bbox 349 2428 1823 2487; baseline 0.001 -27"><span class='ocrx_word' id='word_1_273' title='bbox 349 2429 455 2468; x_wconf 86' lang='lat' dir='ltr'><strong>stion,</strong></span> <span class='ocrx_word' id='word_1_274' title='bbox 477 2429 524 2461; x_wconf 68' lang='lat' dir='ltr'><strong>1ae</strong></span> <span class='ocrx_word' id='word_1_275' title='bbox 550 2430 672 2470; x_wconf 81' lang='lat' dir='ltr'><strong>autres,</strong></span> <span class='ocrx_word' id='word_1_276' title='bbox 703 2438 743 2460; x_wconf 91' lang='lat' dir='ltr'><strong>ne</strong></span> <span class='ocrx_word' id='word_1_277' title='bbox 776 2429 991 2470; x_wconf 82' lang='lat' dir='ltr'><strong>s&#39;expliquent</strong></span> <span class='ocrx_word' id='word_1_278' title='bbox 1016 2441 1080 2472; x_wconf 87' lang='lat' dir='ltr'><strong>que</strong></span> <span class='ocrx_word' id='word_1_279' title='bbox 1106 2432 1202 2465; x_wconf 90' lang='lat' dir='ltr'><strong>d’une</strong></span> <span class='ocrx_word' id='word_1_280' title='bbox 1235 2432 1387 2470; x_wconf 68' lang='lat' dir='ltr'><strong>muniere</strong></span> <span class='ocrx_word' id='word_1_281' title='bbox 1400 2430 1539 2487; x_wconf 71' lang='lat' dir='ltr'><strong>timide,</strong></span> <span class='ocrx_word' id='word_1_282' title='bbox 1571 2429 1765 2476; x_wconf 74' lang='lat' dir='ltr'><strong>incertaine,</strong></span> <span class='ocrx_word' id='word_1_283' title='bbox 1789 2428 1823 2461; x_wconf 79' lang='lat' dir='ltr'><strong>et</strong></span> 
     </span>
     <span class='ocr_line' id='line_1_33' title="bbox 351 2466 1822 2524; baseline -0.001 -10"><span class='ocrx_word' id='word_1_284' title='bbox 351 2482 425 2514; x_wconf 56' lang='lat' dir='ltr'><strong>ires·</strong></span> <span class='ocrx_word' id='word_1_285' title='bbox 415 2491 489 2523; x_wconf 88' lang='lat' dir='ltr'><strong>-peu</strong></span> <span class='ocrx_word' id='word_1_286' title='bbox 503 2481 633 2523; x_wconf 84' lang='lat' dir='ltr'><strong>capable</strong></span> <span class='ocrx_word' id='word_1_287' title='bbox 647 2481 688 2514; x_wconf 87' lang='lat' dir='ltr'><strong>de</strong></span> <span class='ocrx_word' id='word_1_288' title='bbox 711 2491 883 2515; x_wconf 85' lang='lat' dir='ltr'><strong>rassurer.›</strong></span> <span class='ocrx_word' id='word_1_289' title='bbox 883 2483 1007 2524; x_wconf 84' lang='lat' dir='ltr'><strong>Apud</strong></span> <span class='ocrx_word' id='word_1_290' title='bbox 1021 2485 1165 2517; x_wconf 70' lang='lat' dir='ltr'><strong>Carriere</strong></span> <span class='ocrx_word' id='word_1_291' title='bbox 1180 2487 1230 2518; x_wconf 87' lang='lat' dir='ltr'><strong>De</strong></span> <span class='ocrx_word' id='word_1_292' title='bbox 1252 2466 1405 2518; x_wconf 72' lang='lat' dir='ltr'><strong>matrim.</strong></span> <span class='ocrx_word' id='word_1_293' title='bbox 1418 2478 1506 2516; x_wconf 61' lang='lat' dir='ltr'><strong>&#39;toni</strong></span> <span class='ocrx_word' id='word_1_294' title='bbox 1529 2485 1570 2514; x_wconf 92' lang='lat'><strong>11.</strong></span> <span class='ocrx_word' id='word_1_295' title='bbox 1592 2492 1625 2514; x_wconf 90' lang='lat' dir='ltr'><strong>n.</strong></span> <span class='ocrx_word' id='word_1_296' title='bbox 1647 2479 1734 2515; x_wconf 72' lang='lat'>(073&#39;</span> <span class='ocrx_word' id='word_1_297' title='bbox 1757 2475 1822 2518; x_wconf 86' lang='lat' dir='ltr'><strong>Qui</strong></span> 
     </span>
     <span class='ocr_line' id='line_1_34' title="bbox 354 2534 1820 2578; baseline 0 -12"><span class='ocrx_word' id='word_1_298' title='bbox 354 2534 463 2566; x_wconf 85' lang='lat' dir='ltr'><strong>addit:</strong></span> <span class='ocrx_word' id='word_1_299' title='bbox 490 2536 531 2566; x_wconf 89' lang='lat' dir='ltr'><strong>Et</strong></span> <span class='ocrx_word' id='word_1_300' title='bbox 557 2543 667 2567; x_wconf 85' lang='lat' dir='ltr'><strong>revera</strong></span> <span class='ocrx_word' id='word_1_301' title='bbox 693 2535 848 2576; x_wconf 84' lang='lat' dir='ltr'><strong>pleraque</strong></span> <span class='ocrx_word' id='word_1_302' title='bbox 870 2536 999 2568; x_wconf 80' lang='lat' dir='ltr'><strong>ritualia</strong></span> <span class='ocrx_word' id='word_1_303' title='bbox 1023 2538 1192 2571; x_wconf 84' lang='lat' dir='ltr'><strong>remittunt</strong></span> <span class='ocrx_word' id='word_1_304' title='bbox 1217 2537 1258 2570; x_wconf 81' lang='lat' dir='ltr'><strong>ad</strong></span> <span class='ocrx_word' id='word_1_305' title='bbox 1281 2544 1367 2570; x_wconf 73' lang='lat' dir='ltr'><strong>sum.</strong></span> <span class='ocrx_word' id='word_1_306' title='bbox 1394 2535 1599 2578; x_wconf 65' lang='lat' dir='ltr'><strong>pontificati,</strong></span> <span class='ocrx_word' id='word_1_307' title='bbox 1623 2537 1670 2568; x_wconf 90' lang='lat' dir='ltr'><strong>et</strong></span> <span class='ocrx_word' id='word_1_308' title='bbox 1677 2534 1720 2566; x_wconf 69' lang='lat' dir='ltr'><strong>nd</strong></span> <span class='ocrx_word' id='word_1_309' title='bbox 1745 2539 1820 2566; x_wconf 71' lang='lat' dir='ltr'><strong>etim</strong></span> 
     </span>
     <span class='ocr_line' id='line_1_35' title="bbox 351 2587 1822 2640; baseline -0.002 -19"><span class='ocrx_word' id='word_1_310' title='bbox 351 2589 524 2621; x_wconf 84' lang='lat' dir='ltr'><strong>recurrunt</strong></span> <span class='ocrx_word' id='word_1_311' title='bbox 547 2588 693 2640; x_wconf 88' lang='lat' dir='ltr'><strong>plerique</strong></span> <span class='ocrx_word' id='word_1_312' title='bbox 717 2588 857 2636; x_wconf 81' lang='lat' dir='ltr'><strong>episcopi</strong></span> <span class='ocrx_word' id='word_1_313' title='bbox 884 2598 941 2630; x_wconf 92' lang='lat' dir='ltr'><strong>pro</strong></span> <span class='ocrx_word' id='word_1_314' title='bbox 961 2589 1143 2623; x_wconf 85' lang='lat' dir='ltr'><strong>obtinendis</strong></span> <span class='ocrx_word' id='word_1_315' title='bbox 1166 2591 1319 2635; x_wconf 83' lang='lat' dir='ltr'><strong>indultis</strong></span> <span class='ocrx_word' id='word_1_316' title='bbox 1341 2589 1417 2639; x_wconf 70' lang='lat' dir='ltr'><strong>iiis</strong></span> <span class='ocrx_word' id='word_1_317' title='bbox 1424 2589 1521 2623; x_wconf 83' lang='lat' dir='ltr'><strong>adiici</strong></span> <span class='ocrx_word' id='word_1_318' title='bbox 1541 2589 1686 2636; x_wconf 64' lang='lat' dir='ltr'><strong>possem</strong></span> <span class='ocrx_word' id='word_1_319' title='bbox 1692 2587 1822 2623; x_wconf 74' lang='lat' dir='ltr'><strong>rimnlia</strong></span> 
     </span>
     <span class='ocr_line' id='line_1_36' title="bbox 349 2630 1824 2685; baseline -0.001 -13"><span class='ocrx_word' id='word_1_320' title='bbox 349 2640 555 2673; x_wconf 86' lang='lat' dir='ltr'><strong>ecclesiarum</strong></span> <span class='ocrx_word' id='word_1_321' title='bbox 580 2637 854 2681; x_wconf 86' lang='lat' dir='ltr'><strong>germanicarum,</strong></span> <span class='ocrx_word' id='word_1_322' title='bbox 884 2643 921 2673; x_wconf 87' lang='lat' dir='ltr'><strong>nt</strong></span> <span class='ocrx_word' id='word_1_323' title='bbox 947 2643 1086 2682; x_wconf 74' lang='lat' dir='ltr'><strong>Aqenda</strong></span> <span class='ocrx_word' id='word_1_324' title='bbox 1123 2645 1237 2676; x_wconf 88' lang='lat' dir='ltr'><strong>eccles.</strong></span> <span class='ocrx_word' id='word_1_325' title='bbox 1265 2635 1458 2685; x_wconf 78' lang='lat' dir='ltr'><strong>coloniensis</strong></span> <span class='ocrx_word' id='word_1_326' title='bbox 1483 2650 1535 2673; x_wconf 88' lang='lat' dir='ltr'><strong>an.</strong></span> <span class='ocrx_word' id='word_1_327' title='bbox 1568 2630 1824 2680; x_wconf 57' lang='lat' dir='ltr'><strong>172⁰.)19enda</strong></span> 
     </span>
     <span class='ocr_line' id='line_1_37' title="bbox 350 2688 1823 2736; baseline -0.001 -11"><span class='ocrx_word' id='word_1_328' title='bbox 350 2693 546 2735; x_wconf 80' lang='lat' dir='ltr'><strong>metropolit.</strong></span> <span class='ocrx_word' id='word_1_329' title='bbox 575 2694 728 2726; x_wconf 84' lang='lat' dir='ltr'><strong>ecclesiae</strong></span> <span class='ocrx_word' id='word_1_330' title='bbox 762 2695 970 2736; x_wconf 82' lang='lat' dir='ltr'><strong>moguntinae</strong></span> <span class='ocrx_word' id='word_1_331' title='bbox 1008 2700 1096 2728; x_wconf 83' lang='grc'>1695</span> <span class='ocrx_word' id='word_1_332' title='bbox 1134 2697 1277 2729; x_wconf 85' lang='lat' dir='ltr'><strong>Ritnale</strong></span> <span class='ocrx_word' id='word_1_333' title='bbox 1286 2696 1470 2728; x_wconf 77' lang='lat' dir='ltr'><strong>trevirense</strong></span> <span class='ocrx_word' id='word_1_334' title='bbox 1490 2688 1720 2734; x_wconf 69' lang='lat' dir='ltr'><strong>Lunenburgi</strong></span> <span class='ocrx_word' id='word_1_335' title='bbox 1732 2694 1823 2728; x_wconf 73' lang='grc'><strong>1767.</strong></span> 
     </span>
     <span class='ocr_line' id='line_1_38' title="bbox 352 2746 1824 2789; baseline -0.001 -11"><span class='ocrx_word' id='word_1_336' title='bbox 352 2746 494 2787; x_wconf 74' lang='lat' dir='ltr'><strong>Ayenda</strong></span> <span class='ocrx_word' id='word_1_337' title='bbox 514 2747 705 2788; x_wconf 77' lang='lat' dir='ltr'><strong>pastoral-is</strong></span> <span class='ocrx_word' id='word_1_338' title='bbox 733 2747 888 2779; x_wconf 82' lang='lat' dir='ltr'><strong>dioecesis</strong></span> <span class='ocrx_word' id='word_1_339' title='bbox 917 2750 1176 2782; x_wconf 83' lang='lat' dir='ltr'><strong>monasteriensis</strong></span> <span class='ocrx_word' id='word_1_340' title='bbox 1205 2753 1292 2782; x_wconf 81' lang='lat'>1712.</span> <span class='ocrx_word' id='word_1_341' title='bbox 1322 2749 1372 2782; x_wconf 78' lang='lat' dir='ltr'><strong>ci.</strong></span> <span class='ocrx_word' id='word_1_342' title='bbox 1400 2748 1540 2789; x_wconf 89' lang='lat' dir='ltr'><strong>primum</strong></span> <span class='ocrx_word' id='word_1_343' title='bbox 1565 2746 1824 2788; x_wconf 83' lang='lat' dir='ltr'><strong>supplementum</strong></span> 
     </span>
     <span class='ocr_line' id='line_1_39' title="bbox 354 2798 1825 2843; baseline -0.001 -12"><span class='ocrx_word' id='word_1_344' title='bbox 354 2800 407 2831; x_wconf 78' lang='lat' dir='ltr'><strong>Au</strong></span> <span class='ocrx_word' id='word_1_345' title='bbox 432 2798 600 2832; x_wconf 71' lang='lat' dir='ltr'><strong>veritable</strong></span> <span class='ocrx_word' id='word_1_346' title='bbox 621 2800 694 2831; x_wconf 70' lang='lat' dir='ltr'><strong>etat</strong></span> <span class='ocrx_word' id='word_1_347' title='bbox 721 2799 770 2832; x_wconf 82' lang='lat' dir='ltr'><strong>du</strong></span> <span class='ocrx_word' id='word_1_348' title='bbox 793 2799 964 2840; x_wconf 56' lang='lat' dir='ltr'><strong>different</strong></span> <span class='ocrx_word' id='word_1_349' title='bbox 991 2801 1084 2833; x_wconf 74' lang='lat' dir='ltr'><strong>eleve</strong></span> <span class='ocrx_word' id='word_1_350' title='bbox 1108 2804 1205 2834; x_wconf 85' lang='lat' dir='ltr'><strong>entre</strong></span> <span class='ocrx_word' id='word_1_351' title='bbox 1230 2800 1376 2843; x_wconf 70' lang='lat' dir='ltr'><strong>lesieye</strong></span> <span class='ocrx_word' id='word_1_352' title='bbox 1382 2800 1598 2843; x_wconf 69' lang='lat' dir='ltr'><strong>apostolique</strong></span> <span class='ocrx_word' id='word_1_353' title='bbox 1619 2801 1654 2832; x_wconf 77' lang='lat' dir='ltr'><strong>et</strong></span> <span class='ocrx_word' id='word_1_354' title='bbox 1672 2799 1722 2832; x_wconf 73' lang='lat' dir='ltr'><strong>&#39;les</strong></span> <span class='ocrx_word' id='word_1_355' title='bbox 1738 2799 1825 2830; x_wconf 72' lang='lat' dir='ltr'><strong>trois</strong></span> 
     </span>
     <span class='ocr_line' id='line_1_40' title="bbox 353 2851 1242 2896; baseline 0.002 -11"><span class='ocrx_word' id='word_1_356' title='bbox 353 2851 518 2886; x_wconf 70' lang='lat' dir='ltr'><strong>electeurs</strong></span> <span class='ocrx_word' id='word_1_357' title='bbox 543 2852 816 2896; x_wconf 64' lang='lat' dir='ltr'><strong>ecclesiastiques</strong></span> <span class='ocrx_word' id='word_1_358' title='bbox 843 2852 1010 2893; x_wconf 79' lang='lat' dir='ltr'><strong>(Auctore</strong></span> <span class='ocrx_word' id='word_1_359' title='bbox 1030 2855 1072 2887; x_wconf 78' lang='lat' dir='ltr'><strong>ci.</strong></span> <span class='ocrx_word' id='word_1_360' title='bbox 1088 2854 1242 2894; x_wconf 83' lang='lat' dir='ltr'><strong>Feller).</strong></span> 
     </span>
    </p>
   </div>
  </div>
 </body>
</html>
