1980 3260
362 223 419 267 154
674 234 751 264 Lux.
781 233 825 263 11.
856 233 967 264 sacr,
998 233 1026 263 ι.
1055 231 1106 262 ni:
1132 231 1294 262 rorasr·
1324 231 1489 264 nectas.

361 330 448 379 quo
475 310 636 373 bigami
664 309 932 373 repelluntur
953 308 1007 355 ad
1031 307 1330 362 ordinatione3
1356 307 1470 352 XIX.
1503 324 1591 371 quo
1614 320 1817 356 arcentur

359 407 385 436 a
416 389 551 442 clero,
579 385 656 450 qui
679 385 791 432 duas
816 401 985 432 sorores
1010 382 1238 438 duxerint3
1267 382 1434 428 XXVII.
1462 399 1551 446 quo
1577 383 1815 445 prohiben-

358 466 427 510 tur
448 460 653 523 coniugia
676 460 847 507 clericis
881 458 1077 522 innuptis
1095 495 1105 514 ,
1139 457 1333 521 exceptis
1368 466 1538 503 tantum
1577 455 1816 507 lectoribus*

358 548 400 584 et
416 536 693 591 cantoribus,
724 553 803 582 seu
826 533 1105 581 constituitur
1128 532 1491 597 impedimentum
1515 531 1680 579 ordinis
1695 569 1707 587 ,
1737 550 1814 583 cu·-

358 613 427 659 ius
459 611 642 659 canonis
661 648 670 666 ,
707 619 856 674 utpote
888 609 964 673 qui
1001 608 1183 672 propius
1213 608 1268 654 ad
1304 625 1394 654 rem
1430 618 1623 655 nostram
1654 608 1812 666 faciat,-

357 687 488 736 verba
522 687 629 733 haec
663 696 797 732 sunt:
841 684 1086 748 «Innuptis
1120 695 1264 731 autem
1288 722 1297 740 ,
1331 684 1407 748 qui
1442 684 1498 731 ad
1530 684 1696 732 clerum
1719 701 1817 749 pro-

357 762 467 809 vecti
491 771 618 817 sunt,
647 760 943 825 praecipimus
960 798 970 816 ,
999 771 1046 806 ut
1062 760 1099 806 si
1117 759 1358 816 voluerint,
1388 777 1547 807 uxores
1565 761 1806 825 accipiant,

357 837 434 884 sed
457 836 667 891 lectores,
695 844 982 898 cantoresque
1000 834 1307 881 tantummodo
1335 836 1452 896 (53).
1471 854 1493 879 »
1515 835 1571 881 Hi
1594 852 1725 900 porro
1746 853 1816 884 ca·

357 930 520 969 nones,
559 911 712 959 saltem
738 927 881 974 usque
904 910 960 957 ad
984 910 1422 974 quinquagesimum,
1449 928 1475 957 a
1507 911 1615 958 viris
1642 922 1817 975 aposto-

358 987 484 1043 licis,
519 987 602 1034 hoc
631 996 717 1039 est,
746 985 942 1033 secundo
964 985 1160 1041 labente,
1189 996 1232 1032 et
1254 985 1430 1032 ineunte
1455 986 1581 1034 tertio
1603 1003 1630 1033 a
1653 986 1816 1034 Christi

358 1063 583 1111 nativitate
606 1061 753 1109 seculo
776 1061 999 1109 constituti
1024 1070 1126 1108 sunt
1148 1078 1199 1107 ac
1221 1078 1381 1124 magno
1405 1078 1581 1125 semper
1603 1062 1650 1108 in
1675 1063 1816 1126 pretio

358 1139 403 1184 in
437 1138 621 1185 ecclesia
653 1137 794 1184 habiti
832 1138 947 1199 (54).
986 1135 1204 1199 Origenes
1243 1136 1455 1200 supponit
1485 1137 1621 1184 latam
1654 1138 1711 1185 ab
1743 1154 1816 1185 ec·-

357 1214 492 1261 clesia
537 1213 699 1276 legem,
742 1230 841 1260 cum
881 1212 1071 1259 affirmat
1098 1229 1195 1258 eam
1233 1230 1320 1259 non
1348 1212 1580 1261 admittere
1613 1213 1816 1277 digamos

359 1290 404 1335 in
433 1289 596 1337 clerum
631 1288 852 1336 scribens:
890 1288 1047 1334 «Sicut
1070 1287 1127 1334 ab
1152 1287 1465 1335 ecclesiasticis
1493 1288 1813 1351 dignitatibus,

357 1382 443 1411 non
470 1365 613 1411 solum
636 1364 892 1420 fornicatio,
919 1364 995 1411 sed
1020 1373 1059 1409 et
1076 1365 1250 1427 nuptiae
1268 1363 1506 1428 repellunt;
1534 1382 1679 1430 neque
1696 1366 1814 1413 enim

358 1440 620 1504 episcopus,
643 1457 722 1486 nec
748 1439 979 1504 presbyter
1000 1477 1010 1495 ,
1038 1456 1119 1486 nec
1141 1439 1354 1487 diaconus
1374 1478 1383 1496 ,
1413 1456 1495 1486 nec
1517 1439 1654 1487 vidua
1689 1441 1818 1502 (dia-

358 1516 562 1577 conissa)
595 1525 775 1578 possunt
807 1532 892 1561 esse
920 1515 1087 1578 diqami
1120 1517 1235 1576 (55).
1262 1534 1284 1560 »

452 1590 517 1636 Ad
551 1591 632 1638 has
665 1590 876 1637 ecclesiae
919 1590 1038 1653 leges
1072 1601 1222 1654 aperte
1246 1591 1403 1638 alludit
1426 1609 1463 1639 s.
1490 1592 1686 1656 Ignatius
1709 1592 1815 1639 dum

358 1668 401 1711 in
431 1667 562 1730 epist.
590 1666 645 1712 ad
670 1665 957 1731 Polycarpum
989 1666 1270 1730 praescribit,
1298 1678 1347 1714 ut
1374 1668 1526 1732 sponsi
1555 1677 1598 1715 et
1625 1685 1816 1732 sponsae

358 1742 406 1787 de
434 1743 640 1788 sententia
673 1743 861 1804 episcopi
886 1742 1139 1804 coniugium
1169 1742 1354 1796 faciant,
1391 1760 1481 1807 quo
1514 1744 1696 1807 nuptiae
1728 1745 1817 1790 sint

357 1817 597 1864 secundum
631 1818 882 1864 Dominum.
918 1817 1014 1863 Alia
1046 1817 1306 1865 documenta
1341 1835 1394 1865 ex
1428 1818 1567 1866 tribus
1625 1818 1817 1867 rioribus

357 1881 516 1929 seculis
544 1882 866 1944 praetermitto,
895 1899 994 1928 cum
1026 1898 1079 1929 ea
1104 1899 1219 1946 quae
1247 1882 1473 1930 attulimus
1504 1883 1581 1930 suf
1610 1883 1730 1931 ciant
1759 1883 1815 1931 ad

358 1956 675 2003 ostendendum
703 1957 820 2021 quod
845 1957 1154 2021 proposuimus
1172 1996 1182 2014 ,
1211 1975 1369 2022 nempe
1401 1957 1632 2006 ecclesiam
1656 1958 1818 2022 iugiter

447 2060 510 2101 (53)
532 2062 569 2092 In
592 2062 735 2094 versione
756 2063 810 2094 cit.
834 2063 912 2095 alias
930 2064 979 2095 est
996 2064 1080 2095 XIX.

447 2112 512 2151 (54)
530 2112 580 2144 Cf.
603 2113 811 2145 Guillelmum
836 2115 1039 2155 Beveregium
1074 2117 1119 2147 Dc
1140 2115 1329 2148 canonibus
1356 2116 1553 2157 apostolicis
1577 2115 1750 2150 iudicium
1773 2115 1816 2149 de

348 2172 498 2196 numero
519 2166 553 2196 et
577 2167 783 2197 auctoritate
808 2175 978 2200 canonum
1003 2168 1268 2209 apostolicorum
1288 2168 1317 2210 §.
1338 2170 1378 2200 X.
1397 2169 1453 2209 qui
1468 2168 1609 2201 ostendit
1628 2169 1694 2202 iam
1710 2178 1730 2201 a
1749 2178 1816 2202 ma-

354 2217 477 2248 ioribus
509 2217 606 2249 fuisse
636 2220 778 2258 receptos
811 2227 946 2251 canones
979 2221 1076 2260 istos,
1099 2222 1131 2253 et
1156 2221 1264 2253 seculo
1289 2223 1331 2253 11.
1359 2221 1485 2253 labente
1509 2223 1542 2254 et
1565 2221 1661 2254 tertio
1689 2221 1817 2254 ineunte

357 2269 457 2305 fuisse
481 2270 643 2303 collectos.
667 2271 756 2312 Apud
779 2272 971 2304 cotelerium
992 2275 1198 2307 sanctorum
1220 2275 1386 2315 patrum,
1413 2276 1476 2316 qui
1500 2273 1709 2315 temporibus
1736 2283 1815 2316 apo-

355 2321 484 2354 stolicis
492 2321 706 2362 floruerunt.
726 2324 926 2363 Antwerpiae
950 2329 1037 2356 1698.
1055 2325 1119 2356 vol.
1146 2327 1172 2356 1.
1190 2334 1261 2366 pag.
1279 2328 1349 2358 431.
1367 2325 1409 2357 cf.
1433 2326 1529 2357 etiam
1546 2324 1626 2357 ibid.
1650 2333 1721 2366 pag.
1742 2328 1813 2359 42⁴.

354 2373 497 2417 eiusdem
518 2374 668 2406 cotelerii
687 2375 726 2406 de
747 2375 798 2407 his
819 2376 992 2408 canonibus
1014 2376 1195 2409 iudicium.

445 2427 510 2467 (55)
531 2429 626 2459 Hom.
649 2428 748 2459 XVII.
772 2428 805 2459 in
827 2429 905 2460 Luc.
923 2437 995 2469 opp.
1013 2429 1065 2461 ed.
1088 2429 1128 2461 de
1147 2431 1193 2462 La
1211 2432 1279 2463 Rue
1294 2432 1372 2463 tom.
1392 2430 1450 2462 111.
1470 2438 1542 2470 pag.
1565 2434 1636 2462 953.

443 2481 516 2512 Huc
534 2480 653 2521 pariter
682 2480 861 2513 referuntur
886 2489 968 2521 quae
990 2481 1102 2513 scribit
1127 2483 1342 2516 Tertullianus
1368 2483 1403 2515 in
1423 2481 1481 2515 lib.
1503 2483 1554 2514 De
1573 2485 1823 2524 monoqamia,·

355 2541 424 2573 cap.
441 2534 512 2565 xli.
532 2533 566 2566 in
580 2542 646 2574 quo
662 2533 762 2574 legem
780 2533 899 2565 iamdiu
915 2534 949 2565 in
968 2535 1102 2566 ecclesia
1119 2537 1326 2569 constitutam
1342 2544 1380 2568 ac
1397 2534 1524 2568 firmam
1545 2536 1718 2578 supponit;
1737 2535 1815 2569 dum

350 2584 435 2616 enim
459 2585 530 2617 vult
544 2584 827 2618 indiscriminatim
846 2586 997 2619 omnibus
1017 2589 1250 2628 monogamiam
1263 2597 1333 2622 esse
1352 2596 1577 2630 communem,
1599 2590 1693 2631 urget
1711 2597 1816 2622 exelu-

352 2637 441 2677 plum
457 2637 554 2678 cleri,
570 2639 624 2679 qui
642 2638 731 2670 illam
747 2639 886 2680 profiteri
900 2639 1066 2672 tenebatur
1081 2642 1252 2683 antequam
1267 2641 1308 2674 ad
1326 2641 1559 2675 ecclesiasticos
1572 2641 1692 2683 gradus
1706 2650 1813 2684 ascen·

353 2689 443 2721 deret
460 2690 577 2722 «Unde
589 2690 675 2723 enim
687 2715 696 2732 ‚
716 2691 823 2732 inquit
833 2716 843 2732 ,
860 2691 998 2733 episcopi
1022 2693 1055 2724 et
1070 2693 1195 2726 clerus?
1209 2702 1317 2727 nonne
1339 2693 1380 2727 de
1395 2693 1566 2727 omnibus?
1578 2694 1612 2727 Si
1626 2703 1693 2727 non
1706 2702 1818 2727 omnes

353 2743 572 2782 monogamiae
592 2744 760 2783 tenentur,
784 2743 868 2776 unde
889 2745 1068 2785 monogami
1083 2747 1117 2777 in
1132 2747 1276 2779 clerum?
1292 2748 1342 2779 An
1361 2745 1443 2779 ordo
1463 2746 1583 2788 aliquis
1602 2755 1748 2781 seorsum
1762 2746 1816 2779 de-

354 2793 442 2827 bebit
464 2794 587 2828 institui
606 2804 869 2837 monogamorum
881 2820 890 2836 ,
913 2796 954 2829 de
973 2806 1038 2838 quo
1060 2798 1195 2832 adlectio
1217 2799 1272 2831 fiat
1290 2798 1323 2831 in
1343 2799 1509 2831 clei-uma
