1980 3260
241 240 338 275 uxr.
357 243 402 275 11.
421 243 472 276 mr
491 243 631 276 roras.
652 244 1120 278 rnmc.r1u.‹:1n.nnn.
1140 244 1301 276 cumsr.
1321 245 1411 276 m.
1432 245 1493 276 111.
1549 230 1633 275 401

165 319 452 369 decernimus
487 338 589 370 esse
623 322 933 370 sanciendam:
962 322 1219 387 nullamque
1242 322 1368 370 vobis
1393 323 1553 369 exinde
1577 322 1640 368 iu-

165 395 326 444 bemus
352 397 446 444 fleri
472 398 801 462 quaestionem,
829 397 1008 463 quando
1032 408 1076 445 et
1099 398 1218 461 leges
1243 408 1419 446 nostrae
1444 398 1634 462 permitti

166 471 393 534 voluntate
416 473 721 530 consentiunt,
743 484 787 520 et
802 487 903 521 vota
918 484 1066 521 vestra
1090 474 1337 538 praesentis
1362 474 1639 521 auctoritatis

162 545 382 595 beneficio
428 549 713 596 firmaverunt
748 551 899 611 (93).»
926 549 1098 596 Exinde
1132 549 1198 596 tit.
1229 550 1274 595 in
1299 549 1406 597 Cod.
1438 567 1546 597 rom.
1577 550 1639 595 De

162 624 328 686 nuptiis
344 641 426 688 per
446 626 701 689 rescriptum
730 642 810 672 seu
843 625 898 673 de
923 626 1256 690 dispensatione
1280 626 1326 672 in
1347 626 1534 691 nuptiis.

261 697 389 746 Tales
427 708 531 746 sunt
565 700 709 763 leges,
738 718 852 765 quae
876 701 932 747 ad
960 702 1184 765 propriam
1213 719 1394 748 causam
1430 701 1638 748 tuendam

160 777 210 819 in
227 773 425 821 medium
451 776 679 839 proferunt
702 777 964 824 adversarii.
986 778 1145 824 Verum
1164 794 1215 823 ex
1235 777 1307 823 his
1328 776 1641 824 subducendae

161 848 208 895 in
242 849 400 914 primis
434 861 561 907 sunt,
593 869 708 915 quae
737 869 791 898 ex
829 851 1082 899 auctoribus
1123 852 1306 916 paganis
1343 852 1503 915 puerili
1541 869 1641 898 eru-

156 923 346 973 ditionis
373 926 667 974 ostentatione
691 926 958 990 allegantur,
981 944 1096 992 quae
1121 927 1317 991 profecto
1334 927 1390 974 ad
1409 945 1500 973 rem
1518 945 1641 991 prae-

155 1006 334 1049 sentem
369 1001 523 1050 referri
559 1014 807 1067 nequeunt,
842 1020 941 1050 cum
976 1021 1063 1051 non
1100 1014 1255 1067 agatur
1279 1004 1324 1049 in
1350 1003 1440 1050 illis
1464 1003 1520 1049 de
1546 1021 1641 1049 ma-

158 1079 381 1127 trimoniis
414 1080 674 1146 christianis
693 1118 703 1136 ,
743 1097 823 1127 seu
857 1080 915 1127 de
948 1091 1224 1127 sacramento
1255 1098 1282 1126 a
1310 1080 1488 1127 Christo
1517 1081 1642 1127 insti-

155 1163 271 1203 tuto.
310 1155 383 1204 Sic
416 1156 581 1222 pariter
626 1156 883 1221 seponenda
922 1166 990 1204 est
1032 1156 1222 1221 epistola
1246 1156 1513 1221 *Symmachi
1556 1156 1638 1203 viri

156 1231 356 1299 ethnici,
394 1244 438 1280 et
470 1232 768 1298 supplicantis
795 1250 875 1298 pro
899 1233 1113 1297 rescripto
1137 1232 1182 1279 in
1214 1233 1406 1280 savorem
1441 1233 1635 1295 coniugii

157 1309 323 1372 pagani
365 1310 483 1372 (94).

254 1384 524 1431 veniendum
561 1385 697 1448 igitur
729 1395 797 1432 est
830 1385 887 1433 ad
922 1385 1042 1449 leges
1076 1384 1279 1433 conditas
1314 1385 1370 1432 ab
1400 1385 1637 1449 imperato-

158 1460 283 1509 ribus
317 1471 360 1508 et
394 1460 574 1524 regibus
607 1461 895 1519 christianis,
934 1461 1100 1526 quibus
1135 1461 1388 1527 promiscue
1428 1461 1635 1508 omnibus

153 1547 278 1585 certa
300 1537 519 1603 quaedam
543 1547 748 1586 vetantur
771 1538 1021 1595 connubia,
1050 1549 1093 1586 et
1116 1538 1173 1585 ad
1199 1538 1440 1602 rescripta,
1469 1538 1633 1602 quibus

155 1613 365 1679 apposita
400 1613 657 1661 relaxantur
690 1613 1024 1679 impedimenta.
1064 1614 1159 1661 Hae
1199 1613 1319 1677 leges
1362 1614 1546 1679 itaque,
1586 1625 1635 1661 ut

154 1689 269 1739 alias
315 1690 540 1748 diximus,
580 1691 800 1754 attingunt
835 1690 978 1739 solum
1012 1691 1330 1756 impedimenta
1361 1691 1533 1746 civilia,
1573 1691 1636 1738 ci-

153 1766 358 1832 vilesque
391 1766 601 1824 effectus,
629 1784 717 1815 non
742 1777 888 1814 autem
921 1767 1150 1815 vinculum
1188 1767 1365 1831 ipsum,
1396 1768 1457 1814 ita
1479 1778 1529 1814 ut
1553 1767 1637 1815 hoc

155 1843 328 1891 irritum
364 1843 476 1891 foret
509 1843 553 1890 in
588 1843 885 1900 conscientia,
925 1843 963 1891 si
1000 1854 1152 1891 contra
1198 1843 1345 1907 legum
1382 1844 1635 1891 sanctiones

149 1920 411 1985 ooniugium
447 1920 604 1967 initum
639 1920 819 1977 suisset;
859 1937 911 1967 ac
946 1920 1157 1984 proinde,
1197 1920 1317 1985 quod
1351 1937 1631 1984 consequens

146 2006 246 2054 est,
282 1996 583 2045 relaxationes
618 2015 644 2044 a
680 1996 959 2063 principibus
995 2014 1075 2061 per
1109 1996 1373 2061 rescriptum
1406 1996 1536 2043 datae
1567 1996 1631 2042 ef-

148 2073 293 2122 fectus
327 2074 495 2139 pariter
527 2073 682 2122 civiles
718 2083 1014 2138 externosque
1049 2072 1278 2129 afficiunt,
1307 2072 1368 2119 ita
1391 2083 1465 2128 ut,
1495 2071 1534 2119 si
1559 2071 1633 2119 ob-

143 2159 270 2198 tenta
303 2149 492 2197 facultas
534 2150 696 2198 fuisset
728 2149 812 2197 has
862 2149 1152 2198 contrahendi
1199 2149 1408 2213 nuptias,
1443 2148 1517 2196 ius
1554 2148 1635 2195 ha-

148 2226 329 2274 beretur
361 2226 418 2274 ad
454 2226 604 2273 civilia
634 2226 788 2273 omnia
821 2225 1055 2290 privilegia
1078 2226 1184 2273 huic
1208 2225 1342 2273 statui
1373 2224 1544 2273 adnexa
1579 2243 1632 2272 ex

249 2398 315 2439 (93)
338 2399 465 2439 integra
486 2398 626 2430 formula
648 2398 766 2439 legitur
782 2397 837 2430 lib.
854 2399 926 2430 vn.
949 2399 1135 2430 Variarum
1156 2396 1300 2430 eiusdem
1320 2395 1517 2429 cassiodorii
1537 2404 1566 2426 n.
1582 2398 1630 2427 46.

144 2453 233 2493 opp.
255 2451 308 2484 ed.
330 2453 358 2484 1.
375 2451 496 2484 Gai-etii
514 2452 666 2484 monaehi
692 2452 844 2484 maurini.
861 2451 1052 2492 Rothomagi
1072 2454 1160 2484 1679.
1178 2452 1258 2483 tom.
1275 2452 1301 2482 1.
1321 2458 1393 2490 pag.
1415 2454 1484 2481 123.

246 2503 312 2544 (94)
333 2503 477 2545 Epistola
492 2503 633 2536 adducta
643 2513 665 2536 a
679 2504 790 2536 Nestio
805 2512 870 2536 non
883 2505 932 2536 est
947 2502 1219 2535 n.1.iibrix.sed
1236 2502 1393 2542 reperitur
1410 2501 1442 2532 in
1457 2500 1630 2532 Auctuario

148 2557 390 2598 symmachiano
404 2556 466 2590 sub
480 2566 512 2589 n.
530 2559 577 2589 14.
591 2557 643 2590 ed.
662 2557 752 2589 Paris
770 2557 929 2590 1604.Hic
939 2556 1152 2596 Symmachus
1171 2556 1226 2588 ille
1244 2555 1330 2587 idem
1348 2555 1415 2593 est,
1432 2554 1489 2593 qui
1504 2553 1634 2585 nomine

144 2611 280 2643 senatus
294 2610 414 2643 direxit
429 2610 642 2643 Relationem
662 2610 703 2642 ad
716 2610 980 2643 'Valentinianum
997 2612 1179 2651 Augustum
1201 2609 1241 2641 de
1264 2607 1436 2649 repetenda
1457 2615 1512 2638 ara
1526 2607 1632 2638 Victo-

148 2663 240 2704 riae,
260 2663 366 2705 deque
388 2663 572 2704 sumptibus
597 2663 866 2696 ceremoniarum.
885 2665 919 2696 S.
936 2663 1126 2696 Ambrosius
1150 2663 1206 2695 ubi
1228 2661 1260 2693 id
1282 2660 1456 2701 comperit,
1479 2659 1577 2691 misso
1597 2659 1632 2690 ii-

148 2715 234 2748 helio
257 2715 298 2748 ad
322 2715 550 2757 imperatorem
573 2716 770 2757 postulavit,
793 2717 831 2748 ut
851 2715 893 2748 ad
913 2724 949 2749 se
966 2716 1158 2749 Relationis
1187 2714 1383 2754 exemplaria
1405 2711 1630 2752 dirigerentur,

143 2768 201 2800 cui
217 2768 285 2810 ipse
299 2777 355 2810 per
369 2768 497 2810 singula
518 2777 730 2810 responsurus
746 2770 842 2802 esset.
861 2770 934 2807 Qua
954 2769 1133 2802 Relatione
1155 2768 1315 2808 accepta,
1342 2765 1448 2805 inquit
1476 2764 1631 2796 Paulinus

151 2820 316 2861 presbyter
344 2820 489 2854 eiusdem
510 2821 725 2863 biographus,
748 2822 1044 2862 praeclarissimum
1066 2821 1211 2853 libellum
1238 2817 1447 2858 conscripsit,
1467 2818 1631 2848 utcontra

147 2873 233 2906 nihil
257 2883 399 2916 unquam
423 2875 555 2908 auderet
582 2876 794 2917 Symmachus
819 2876 872 2907 vir
893 2874 1177 2916 eloquentissimus
1199 2871 1401 2912 respondere.

232 2928 267 2964 11
1523 2927 1566 2957 26
