1980 3260
363 222 452 268 366
616 232 697 265 tm.
725 231 773 264 11.
800 230 915 264 scer.
944 229 1117 263 Auem.
1144 229 1196 261 ns
1232 228 1399 261 rorssr.
1428 229 1570 264 cwm.

361 309 561 376 expedit,
597 308 833 356 convenire
867 307 1176 372 compellimus
1199 344 1210 363 ‚
1256 306 1395 354 laicos
1440 307 1734 371 permittimus
1764 310 1833 356 -in-

363 398 544 436 teresse.
583 384 639 433 Ut
669 401 786 449 quae
820 401 847 431 a
879 384 984 432 solis
1011 383 1287 449 pontificibus
1332 382 1576 431 ordinanda
1609 393 1710 431 sunt
1733 420 1761 440 ,Δ
1786 396 1836 434 et

362 460 555 527 populus
588 460 731 525 possit
762 477 1004 524 agnoscere
1025 460 1178 522 (24).»
1193 459 1310 523 Ergo
1342 458 1508 507 frustra
1533 458 1831 524 Spalatends,

361 536 587 585 Launoius
629 536 852 602 ceterique
893 553 1047 584 eorum
1091 545 1330 584 sectatores
1365 535 1437 584 his
1485 535 1735 584 innituntur
1775 536 1835 584 ad

360 611 593 677 proprium
626 611 801 660 axioma
836 611 1130 669 firmandum,
1158 628 1259 659 cum
1287 628 1342 659 ex
1365 611 1423 659 iis
1455 611 1727 660 contrarium
1748 610 1836 660 'ht-

362 686 520 734 beatur
541 687 660 750 (25).

461 762 510 809 Id
530 763 682 827 ipsum
699 761 874 810 dicatur
888 761 947 809 de
963 761 1166 810 conciliis
1183 762 1440 819 avernensi,
1462 772 1506 810 et
1525 761 1755 811 turonensi
1768 761 1831 809 11.

358 856 480 905 quae
502 856 582 904 pro
607 856 656 887 se
680 839 845 905 profert
866 839 931 886 De
947 838 1150 887 Dominis
1174 838 1402 888 scribens:
1424 838 1712 887 «Avernense
1732 855 1838 888 vem

359 914 529 980 gradus
554 914 732 963 eosdem
748 953 759 973 ,
789 915 982 980 primum
1010 925 1056 963 et
1086 915 1330 963 secundum
1360 932 1720 981 quaquaversum
1743 932 1839 963 ma—

364 991 575 1040 trimonia
607 991 732 1040 nulla
763 991 881 1040 effici
916 991 1066 1049 docet,
1104 1002 1238 1057 atque
1270 1009 1326 1040 ex
1357 991 1578 1048 Levitico,
1605 1002 1726 1039 etex
1757 1008 1839 1039 na-

362 1067 498 1116 turali
534 1069 756 1134 aequitate
770 1106 781 1125 ,
814 1068 871 1116 ab
906 1068 1107 1134 exemplo
1129 1067 1356 1133 Apostoli,
1383 1076 1431 1116 et‘
1449 1067 1628 1116 statutis
1660 1078 1838 1133 patrum

361 1144 474 1193 istas
498 1144 752 1193 corroborat
774 1145 1114 1210 prohibitiones.
1133 1144 1352 1192 Turonica
1377 1144 1579 1211 synodus
1597 1143 1737 1193 altera
1758 1161 1841 1211 pro

361 1219 438 1269 his
474 1220 588 1285 ipsis
622 1220 1022 1284 consanguinitatis
1047 1231 1091 1268 et
1106 1221 1373 1278 affinitatis,
1408 1237 1497 1269 non
1530 1220 1648 1269 ultra
1679 1238 1840 1270 secun-

361 1294 473 1355 dum
508 1297 695 1360 gradum
740 1296 1071 1361 impedimentis
1115 1297 1436 1345 confirmandis
1468 1297 1608 1346 utitur
1646 1297 1840 1363 primum

364 1371 555 1421 Levitico
570 1410 580 1429 ,
608 1371 770 1420 deinde
793 1372 978 1420 resumit
999 1390 1194 1421 canones
1218 1373 1596 1432 aurelianensem,
1615 1391 1841 1439 epaonen-

360 1464 460 1495 sem
482 1485 492 1505 ‚
531 1458 574 1495 et
604 1465 895 1497 avernensem
934 1450 1085 1512 (26).»
1118 1451 1228 1498 Nam
1262 1450 1363 1516 ipso
1403 1461 1608 1516 apostata
1639 1450 1804 1499 fatente
1826 1489 1836 1507 ,

364 1523 544 1572 Levitici
579 1534 746 1572 statuta
768 1525 915 1591 quoad
937 1525 1207 1574 christianos
1223 1526 1314 1574 vim
1333 1525 1558 1575 habebant
1573 1544 1627 1575 ex
1644 1537 1842 1593 accepta·

366 1599 485 1648 tione
508 1600 741 1649 ecclesiae.
771 1601 882 1649 Cum
911 1612 1139 1668 praeterea
1163 1603 1320 1651 eadem
1338 1603 1527 1652 concilia
1550 1603 1842 1669 profiteantur

367 1692 419 1726 se
441 1676 645 1742 Apostoli
669 1688 713 1726 et
729 1688 908 1742 patrum
937 1689 1101 1726 statuta
1125 1680 1396 1738 consectari,
1418 1680 1642 1746 quomodo
1668 1697 1722 1729 ea
1745 1697 1844 1745 pro-

367 1751 481 1800 ferre
513 1753 656 1818 potuit
682 1753 740 1800 ad
769 1753 1046 1818 probandum
1070 1772 1265 1803 canones
1299 1772 1349 1803 se
1381 1755 1656 1804 conformare
1679 1754 1727 1802 in
1751 1765 1843 1803 sta-

365 1827 544 1876 tuendis
580 1829 913 1894 impedimentis
947 1830 1122 1894 legibus
1153 1831 1406 1897 principum
1430 1831 1700 1880 secularium
1717 1829 1845 1895 (27st

461 1995 527 2037 (24)
548 1998 586 2029 in
609 1997 751 2031 collect.
769 1998 986 2041 amplissima
1004 1999 1130 2033 concil.
1148 2000 1274 2032 Veneta
1293 2000 1374 2033 tom.
1389 2001 1476 2033 vlu.
1491 2000 1556 2032 col.
1571 2004 1644 2033 556.

463 2049 527 2089 (25)
548 2051 621 2083 Huc
651 2052 774 2092 spectat
797 2060 894 2084 causa
911 2076 921 2093 ,
950 2061 1034 2092 quae
1060 2052 1180 2094 agitata
1200 2053 1250 2086 est
1270 2052 1304 2085 in
1325 2052 1464 2086 concilio
1485 2052 1680 2094 lugdunensi
1700 2053 1729 2086 1.
1744 2052 1845 2094 paulo

367 2101 440 2142 post
461 2110 638 2142 epaonense
653 2103 814 2137 celebrato
827 2104 889 2137 sub
901 2104 1015 2138 eodem
1036 2114 1063 2138 s.
1074 2105 1280 2146 Viventiolo,
1295 2105 1336 2138 de
1351 2104 1494 2146 quodam
1506 2104 1591 2146 regis
1605 2113 1633 2138 s.
1644 2104 1844 2147 sigismundi

365 2153 515 2187 ministro
529 2157 659 2189 nomine
672 2157 834 2198 stephano
850 2157 908 2199 qni
925 2157 1066 2190 duxerat
1085 2157 1255 2190 defunctae
1276 2158 1389 2190 uxoris
1411 2166 1556 2190 sororc-
1567 2169 1578 2199 ς
1590 2157 1743 2199 quamvis
1754 2157 1843 2190 enim

366 2214 422 2249 rex
445 2206 475 2239 ei
495 2208 744 2250 suffragaretur,
765 2211 875 2243 tamen
896 2219 1077 2252 numquam
1105 2209 1225 2243 adduci
1256 2212 1432 2252 potuerunt
1455 2211 1582 2252 patres,
1602 2211 1642 2243 ut
1660 2211 1766 2243 ratum
1787 2210 1844 2244 ha·

367 2255 480 2293 bei-ent
500 2260 586 2292 istud
607 2262 813 2303 coniugium,
836 2272 875 2296 ac
896 2263 1083 2296 ministrum
1103 2263 1197 2296 illum
1218 2263 1434 2306 poenitentiae
1453 2263 1662 2297 addixerunt.
1686 2263 1737 2296 cf.
1755 2263 1844 2306 apud

366 2312 575 2345 Sirmondum
591 2313 653 2346 loc.
667 2314 722 2347 cit.
735 2324 807 2356 pag.
824 2321 883 2349 202
900 2325 991 2358 seqq.

466 2366 600 2407 Insuper
620 2368 728 2407 patres
748 2368 878 2400 concilii
907 2369 1090 2410 agathensis
1111 2368 1154 2401 ad
1174 2368 1433 2402 confirmandum
1463 2368 1732 2410 impedimentum
1752 2368 1843 2410 voti,

365 2417 478 2460 quoad
495 2418 699 2460 presbyteros
714 2421 747 2452 et
759 2420 914 2454 diaconos
928 2430 964 2454 se
980 2422 1075 2455 unice
1090 2422 1234 2455 referunt
1253 2422 1288 2455 in
1305 2430 1378 2455 can.
1392 2423 1449 2454 lx.
1465 2421 1508 2454 ad
1522 2421 1646 2455 statuta
1665 2429 1750 2455 rom.
1764 2428 1844 2463 pon·

366 2470 491 2503 titicum
515 2470 621 2504 Siricii
635 2473 669 2504 et
683 2473 862 2505 innocentii
875 2475 902 2505 Ι.

463 2524 531 2565 (26)
551 2523 636 2556 lbid.

462 2575 529 2618 (27)
545 2576 651 2619 Atque
672 2577 736 2610 huc
755 2578 892 2610 refertur
905 2579 1060 2620 praefatio
1074 2580 1203 2614 concilii
1214 2580 1398 2614 turonensis
1408 2589 1450 2614 ex
1457 2587 1524 2621 qua
1531 2579 1653 2612 clarius
1665 2580 1798 2621 apparet
1809 2587 1847 2613 se

367 2628 499 2671 propria
513 2629 704 2663 auctoritate
719 2630 950 2672 impedimenta
967 2633 1188 2666 constituisse:
1207 2647 1223 2662 κ
1239 2636 1354 2675 Magna
1374 2633 1424 2666 est
1442 2633 1478 2665 in
1497 2633 1568 2674 ipsa
1587 2632 1760 2666 severitate
1777 2632 1845 2674 pie·

367 2682 435 2722 tas,
459 2690 516 2723 per
535 2691 634 2723 quam
655 2682 783 2715 tollitur
804 2683 959 2724 peccandi
980 2685 1128 2718 facultas.
1149 2688 1232 2719 Nam
1255 2686 1311 2719 ubi
1334 2686 1448 2719 insana
1468 2685 1600 2718 libertas
1620 2685 1752 2726 generat
1769 2683 1842 2717 vul·

367 2742 462 2775 nera,
478 2734 690 2768 sacerdotalis
709 2734 870 2768 districtio
891 2735 949 2768 dat
970 2736 1140 2770 medelam.
1157 2739 1362 2780 Quapropter
1379 2737 1511 2770 Christo
1529 2737 1683 2778 auspice,
1699 2736 1735 2770 in
1753 2737 1844 2770 turo·

368 2786 440 2819 nica
455 2787 589 2820 civitate
609 2787 748 2820 concilio
764 2788 999 2830 concordante,
1019 2789 1111 2823 iuxta
1125 2790 1367 2824 conniventiam
1382 2789 1607 2831 gloriosissimi
1622 2789 1748 2823 domini
1758 2790 1843 2822 cm·

368 2839 478 2875 riberti
495 2841 579 2883 regis
594 2841 784 2883 annuentis,
796 2842 971 2877 coadunati
985 2851 1043 2888 pro
1058 2852 1137 2887 pace
1150 2846 1182 2877 et
1195 2844 1406 2877 instructione
1420 2843 1592 2885 ecclesiae,
1607 2844 1842 2886 opportunum
