1980 3260
263 264 354 295 cn».
371 265 414 295 v.
431 264 481 294 m:
503 262 785 295 ach.ror.1N
800 263 917 295 caus.
936 263 1061 295 nnn.
1078 262 1126 293 Ac
1142 263 1184 294 lN
1202 263 1343 295 spons.
1362 264 1454 295 Aur.
1476 264 1505 294 1.
1581 250 1669 295 183

197 358 311 387 mere
334 341 644 387 ecclesiasticas
659 378 670 396 ,
694 358 846 404 easque
870 350 1079 404 quantum
1107 340 1166 387 ad
1187 342 1475 388 substantiam
1498 358 1665 397 eorum,

200 417 258 463 ad
287 417 471 467 iudicem
500 418 832 464 ecclesiasticum
854 418 1071 480 privative
1097 427 1311 480 spectare,
1340 418 1533 481 nihilque
1558 420 1672 465 circa

199 511 344 540 eorum
365 494 641 541 validitatem
670 504 710 540 et
734 493 1052 540 invaliditatem
1084 493 1268 540 iudicem
1297 494 1531 540 secularem
1548 512 1671 558 posse

200 570 446 624 decernere,
485 587 530 615 eo
565 570 679 632 quod
713 569 790 615 hae
823 579 981 615 natura
1014 587 1095 616 sua
1137 571 1225 616 sint
1257 587 1366 616 mere
1400 571 1665 633 spirituales.

199 646 260 692 Et
280 662 383 692 sane
406 645 448 691 si
467 647 660 707 quaestio
684 655 878 691 vertatur
901 645 951 691 de
974 645 1200 692 validitate
1219 647 1356 709 ipsius
1380 648 1666 700 matrimonii,

198 722 317 768 solus
352 720 485 767 iudea)
519 722 831 766 ecclesiasticus
865 731 925 767 est
959 731 1219 786 competens,
1258 724 1429 786 ipseque
1471 724 1588 769 solus
1622 722 1671 768 de

201 799 280 845 hac
313 798 557 861 quaestione
587 813 831 860 coqnoscere
859 808 1013 861 potest.
1036 818 1058 842 »

296 873 520 920 Hactenus
549 872 730 937 quidem
757 874 861 920 Pius
886 874 955 919 VI.
988 873 1065 938 qui
1089 874 1251 921 deinde
1270 875 1414 938 pergit
1438 875 1547 922 haec
1572 877 1671 940 ipsa

198 949 500 1006 communire,
540 959 672 1013 atque
698 966 725 995 a
761 949 987 996 nonnullis
1017 967 1132 1014 quae
1165 949 1314 996 afferri
1349 963 1671 998 consueverunt

198 1025 535 1073 difficultatibus
560 1025 781 1090 expedire.
811 1025 873 1072 Ac
906 1036 1134 1089 praeterea
1167 1026 1331 1073 adiecit
1353 1036 1521 1072 certum
1546 1045 1661 1083 esse,

199 1119 289 1149 non
324 1119 400 1149 eos
430 1102 562 1150 modo
597 1102 674 1166 qui
708 1102 867 1149 docent
890 1102 946 1149 ad
972 1120 1170 1149 summas
1197 1112 1439 1167 potestates
1465 1113 1668 1166 spectare

200 1179 335 1226 huius
363 1179 502 1226 seculi
535 1179 655 1242 leges
688 1178 744 1226 de
776 1179 943 1243 nuptiis
970 1179 1110 1236 ferre,
1147 1179 1226 1226 sed
1254 1196 1330 1226 eos
1355 1197 1563 1244 quoque,
1593 1180 1669 1244 qui

199 1255 328 1302 sactis
353 1255 436 1302 hoc
460 1256 606 1320 ipsum
630 1255 893 1303 confirmant
920 1273 1020 1303 can.
1050 1257 1146 1301 XII.
1187 1256 1458 1303 anathemati
1492 1256 1670 1303 concilii

198 1331 426 1378 tridentini
461 1331 677 1379 obnoxios
701 1349 817 1379 esse.

297 1408 502 1472 Denique
541 1409 658 1455 idem
689 1408 885 1472 pontisex
919 1409 1264 1474 propositionem
1299 1410 1444 1454 LVIII.
1482 1410 1672 1473 pseudo-

198 1484 361 1549 synodi
395 1484 677 1548 pistoriensis
713 1505 735 1529 «
757 1503 873 1550 quae
898 1486 1051 1532 statuit
1081 1485 1309 1550 sponsalia
1341 1485 1518 1550 proprie
1552 1485 1671 1533 dicta

197 1571 345 1608 actum
373 1579 493 1608 mere
526 1562 701 1610 civilem
726 1563 976 1619 continere,
1015 1563 1092 1627 qui
1122 1562 1178 1609 ad
1204 1562 1534 1608 matrimonium
1559 1562 1674 1608 cele—

197 1636 418 1684 brandum
452 1638 677 1702 disponit,
717 1639 962 1703 eademque
985 1639 1183 1686 civilium
1218 1639 1366 1701 legum
1397 1638 1672 1702 praescripto

197 1714 378 1761 omnino
396 1713 838 1778 subiacere—quasi
858 1715 981 1761 actus
1005 1714 1249 1778 disponens
1274 1714 1329 1760 ad
1348 1724 1672 1761 sacramentum

198 1807 288 1837 non
318 1789 547 1837 subiaceat
567 1790 651 1836 sub
685 1790 771 1837 hac
794 1791 964 1838 ratione
988 1791 1073 1837 iuri
1098 1791 1314 1838 ecclesiae
1332 1810 1353 1835 »
1381 1790 1672 1838 damnavit—-

202 1866 268 1913 uti
301 1867 463 1931 salsam
482 1903 495 1921 ,
525 1867 636 1912 iuris
665 1867 865 1913 ecclesiae
899 1866 1040 1930 quoad
1072 1868 1244 1929 effectus
1278 1868 1407 1913 etiam
1440 1884 1467 1912 a
1499 1883 1673 1930 sponsa-

199 1943 314 1990 libus
346 1944 395 1989 vi
427 1944 732 1989 canonicarum
764 1944 1032 1989 sanctionum
1061 1943 1319 2006 profluentes
1349 1943 1578 1996 laesivam,
1608 1941 1671 1988 di-

195 2019 408 2082 sciplinae
441 2020 496 2066 ab
525 2020 704 2066 ecclesia
737 2021 990 2065 constitutae
1013 2018 1300 2082 deroqantem.
1323 2019 1347 2062 »¹

304 2095 377 2142 Sic
412 2096 544 2159 pleno
579 2113 878 2160 germanoque
913 2113 1049 2143 sensu
1084 2095 1321 2142 constituto
1353 2093 1537 2141 canonis
1573 2094 1668 2139 XII.

197 2187 323 2219 conc.
360 2170 586 2217 tridentini
620 2174 705 2233 (3),
744 2172 831 2217 iam
869 2181 1064 2235 praestat
1096 2170 1298 2218 eiusdem
1337 2169 1565 2217 veritatem
1596 2170 1674 2216 ad-

200 2256 397 2304 struere;
427 2247 547 2312 quod
566 2247 747 2312 quidem
766 2248 1008 2294 efficiemus
1034 2258 1126 2295 tum
1150 2265 1241 2295 sac.
1268 2246 1442 2303 litteris,
1468 2257 1559 2293 tum
1587 2257 1673 2294 tra-

198 2322 386 2380 ditione,
416 2334 508 2370 tum
544 2323 671 2371 sactis
696 2341 811 2388 quae
844 2324 1195 2389 Scripturarum,
1227 2323 1569 2388 traditionisque
1594 2324 1673 2369 do-

198 2399 386 2446 ctrinam
420 2399 697 2446 confirment.

295 2476 410 2523 Sane
430 2476 476 2523 in
496 2476 637 2523 sacris
657 2475 815 2523 litteris
834 2476 1079 2541 reperimus
1099 2494 1187 2524 non
1207 2475 1350 2524 solum
1364 2476 1504 2521 Deum
1525 2474 1671 2537 ipsum

198 2552 455 2615 coniugium
490 2552 766 2609 instituisse,
803 2563 935 2617 atque
972 2553 1156 2600 unitatis
1188 2564 1231 2600 et
1264 2550 1670 2598 indissolubilitatis

287 2719 332 2763 (3)
355 2722 540 2754 praeiverat
562 2723 621 2755 Pio
645 2724 700 2755 Vl.
725 2723 758 2755 in
781 2723 842 2755 hac
857 2722 1073 2764 declaratione
1098 2722 1288 2755 Benedictus
1309 2721 1394 2752 xlv.
1422 2719 1478 2759 qui
1502 2719 1536 2750 in
1555 2727 1607 2759 op.
1624 2720 1671 2750 De

195 2773 324 2815 synodo
342 2774 402 2807 lib.
419 2777 479 2807 lx.
497 2784 567 2816 cap.
595 2781 625 2808 9.
646 2784 678 2807 n.
702 2780 731 2808 3.
757 2775 872 2809 asserit
895 2784 1010 2809 causas
1038 2784 1121 2817 quae
1149 2775 1319 2807 versantur
1346 2772 1432 2804 circa
1464 2771 1536 2803 initi
1561 2771 1670 2803 coniu-

197 2826 278 2867 galis
304 2827 442 2860 foederis
464 2828 669 2870 firmitatem,
694 2828 792 2862 nullo
811 2829 1063 2863 catholicorum
1081 2827 1354 2865 contradicente,
1368 2827 1405 2858 in
1426 2825 1498 2858 solo
1511 2824 1672 2858 ecclesiae

191 2877 276 2916 soro
297 2887 366 2912 esse
386 2881 635 2921 pertractandas.
