1980 3260
291 210 381 257 222
598 219 679 251 un.
707 218 753 251 11.
782 217 895 250 sncr.
924 217 954 248 1.
987 215 1229 251 samm.
1263 216 1431 251 accras.

289 318 397 350 rom.
425 297 682 364 pontificum
710 296 1008 345 'instrumenta
1050 303 1092 341 et
1125 310 1293 357 organa
1328 297 1757 360 sunt,‡quibu³ff-eo-

288 394 383 424 rum
417 382 540 422 mens
574 372 752 438 patefit,
791 389 872 420 nec
894 387 1093 435 unquam
1117 369 1292 436 absque
1324 386 1537 435 expressa
1558 371 1756 436 ipsorum

286 450 602 517 approbatione
618 448 887 515 promulgari
911 456 1256 503 consueverunt3
1280 463 1370 511 quo
1394 447 1444 494 fit
1465 456 1515 496 ut
1537 463 1630 495 sac.
1658 458 1758 501 oon·

286 526 585 591 gregationum
621 532 840 589 responsa
872 523 1034 588 cuique
1058 522 1332 587 privatorum
1356 521 1662 586 theologorum
1674 533 1778 634 aut⁸

286 600 614 650 canonistarum
649 599 897 648 auctoritati
931 598 1144 663 praeferri
1178 597 1370 646 debeant
1401 608 1446 646 et
1477 599 1731 664 anteponi

380 676 474 724 Hoc
496 675 716 742 praeiacto
739 675 1048 733 fundamento,
1076 675 1122 722 in
1147 675 1344 761 medium
1378 675 1608 740 proferunt
1639 675 1760 724 eius·

286 752 404 802 modi
439 753 734 801 documenta.
1681 763 1686 766 '
1732 763 1736 767 “

383 830 472 877 Nos
490 840 539 877 ut
555 847 608 877 ea
624 828 681 878 ob
697 828 848 878 oculos
867 828 1219 877 subiiceremus
1207 846 1254 875 1n
1271 838 1410 876 unum
1425 827 1561 876 veluti
1579 827 1761 878 'collecta

287 923 339 954 ex
373 905 563 954 diversis
597 905 726 954 istius
760 905 1005 954 sententiae
1027 904 1304 960 auctoribus,
1331 922 1424 952 una
1445 921 1547 952 cum
1570 905 1756 963 ceteris,

286 999 403 1047 quae
425 982 556 1030 nobis
580 998 836 1046 comparare
858 981 1082 1047 potuimus
1095 1018 1106 1039 ,
1126 980 1362 1028 elenchum
1379 980 1516 1028 veluti
1534 980 1760 1046 quendam

286 1074 437 1106 eorum
470 1058 764 1116 confecimus,
801 1075 935 1123 quem
970 1057 1044 1105 hic
1077 1057 1356 1105 exhibemus.
1387 1056 1759 1123 Quandoquidem

285 1143 432 1182 autem
466 1133 593 1200 plura
625 1134 736 1182 haec
770 1134 1034 1182 documenta
1067 1143 1198 1190 sunt,
1225 1149 1282 1179 ne
1306 1132 1558 1180 inordinate
1588 1149 1642 1180 ac
1658 1133 1762 1183 ‚sine

284 1209 457 1258 delectu
479 1210 524 1257 id
544 1220 868 1274 praestaremus
880 1246 890 1266 ,
913 1209 1032 1256 hunc
1048 1208 1288 1257 consectati
1308 1225 1464 1257 sumus
1481 1207 1762 1265 ordinemfi-ut

286 1285 409 1350 prius
427 1286 667 1333 afferamus
690 1293 806 1351 quae
829 1284 1069 1350 respiciunt
1086 1284 1330 1350 peculiares
1350 1285 1554 1349 regiones
1566 1323 1577 1342 ‚
1598 1283 1762 1337 deinde

283 1377 398 1425 quae
420 1360 644 1423 generalia
667 1370 787 1417 sunt,
810 1360 906 1408 sive
928 1371 1084 1424 agatur
1099 1360 1156 1407 de
1171 1360 1391 1424 coniugiis
1406 1360 1759 1413 acatholicorum

286 1436 399 1483 inter
433 1453 483 1484 se
515 1436 610 1484 sive
642 1436 699 1483 de
731 1436 952 1523 coniugiis
985 1436 1161 1525 miXtis;
1180 1454 1290 1486 cum
1323 1447 1415 1487 una
1435 1437 1679 1502 eademque
1701 1435 1762 1484 sit

284 1512 479 1560 omnium
508 1512 641 1599 ratio.

929 1643 978 1706 5.
1018 1643 1095 1688 111.

417 1765 619 1808 Apostolicae
634 1766 720 1799 sedis
734 1764 863 1799 decreta
876 1766 964 1798 circa
974 1766 1181 1799 Matrimonia
1194 1766 1450 1799 acatholicorum
1464 1766 1549 1799 inter
1570 1773 1627 1807 se,
1676 1771 1681 1785 ²
1747 1769 1751 1771 '

469 1820 502 1851 et
513 1818 720 1852 Matrimonia
731 1819 834 1852 mixta
847 1818 904 1852 uhi
919 1818 1120 1860 publicatum
1132 1824 1172 1865 ac
1185 1819 1351 1860 receptum
1361 1820 1411 1852 est
1421 1818 1588 1853 decretum
1646 1828 1648 1831 ’

842 1871 982 1903 concilii
999 1871 1196 1925 .Tridentini.

385 1970 528 2034 Atque
549 1979 598 2017 ut
621 1970 890 2036 incipiamus
907 1987 935 2018 a
951 1970 1253 2028 documentis,
1275 1987 1392 2036 quae
1409 1968 1595 2018 Galliam
1614 1971 1758 2035 respi-

289 2045 413 2093 ciunt
435 2045 491 2092 de
510 2063 599 2110 qua
621 2045 778 2095 ultimo
800 2046 897 2096 loco
920 2046 1241 2104 disseruimus,
1268 2046 1461 2112 primum
1489 2045 1551 2096 s'it.
1571 2055 1757 2111 respon-

289 2125 411 2178 sum,
427 2120 546 2186 quod
564 2139 591 2169 a
607 2139 814 2187 suprema
837 2140 900 2171 ss.
917 2123 1224 2188 inquisitionis
1242 2123 1583 2187 congregatione
1605 2122 1762 2172 datum

285 2206 355 2245 est
378 2213 451 2244 an.
475 2198 614 2244 1818.
634 2198 706 2245 die
723 2200 800 2245 19.
813 2199 914 2246 Iulii
936 2199 1119 2248 vicariis
1138 2198 1457 2265 capitularibus
1474 2198 1762 2265 pictaviensi?-

286 2272 388 2329 bus,
417 2272 494 2337 qui
520 2282 818 2337 exposuerunt
833 2276 952 2340 quod
971 2294 1072 2324 cum
1090 2275 1267 2325 «Hodie
1290 2282 1586 2341 proteStantes
1602 2283 1765 2342 'statum

286 2348 458 2395 civilem
472 2348 519 2395 in
537 2347 694 2396 Galliis
712 2349 920 2409 habeant,
936 2353 1258 2418 societatemque
1270 2352 1519 2415 reliqiosam
1535 2351 1765 2417 efformem

285 2441 314 2471 a
330 2425 527 2471 societate
545 2424 755 2472 catholica
773 2426 1045 2483 distinctam,
1069 2446 1178 2493 quae
1200 2434 1299 2476 suos
1321 2428 1543 2475 ministros
1567 2443 1764 2490 suosque

284 2515 395 2546 usus
425 2498 592 2547 habent
597 2537 693 2547 .....
711 2500 847 2565 Resp.
869 2518 996 2549 sacra
1016 2504 1324 2568 congregatio:
1352 2502 1575 2550 «Vicariis
1598 2501 1764 2565 capitu-

286 2574 456 2622 laribus
481 2574 831 2640 pictaviensibus
855 2594 1010 2642 presse
1034 2590 1078 2627 et
1104 2580 1256 2628 stricte
1279 2577 1638 2643 respondendum
1661 2593 1763 2624 esse

288 2651 422 2698 iuaeta
436 2653 727 2716 responsiones
739 2653 853 2700 alias
867 2653 992 2702 datas
1004 2656 1313 2703 consimilibus
1331 2653 1587 2720 postulatis;
1602 2668 1763 2717 nempe

285 2726 435 2791 quoad
479 2728 760 2776 matrimonia
777 2766 788 2786 ,
831 2746 948 2794 quae
981 2730 1026 2776 in
1061 2730 1285 2795 praesenti
1324 2746 1470 2777 rerum
1505 2737 1623 2777 statu
1656 2744 1762 2776 con-

286 2801 519 2851 trahuntur
550 2803 597 2851 in
631 2803 786 2852 Galliis
827 2804 922 2852 sive
954 2822 981 2852 a
1015 2804 1364 2869 protestantibus
1404 2806 1517 2852 inter
1549 2821 1594 2851 se
1613 2840 1625 2858 ‚
1663 2802 1760 2852 sive
