1980 3260
240 259 330 290 CAP.
351 259 395 289 11.
414 259 464 289 DE
484 258 599 289 scm„
621 257 784 288 Pom-ST.
802 255 946 286 CONST.
966 254 1052 285 mr.
1071 254 1195 284 MATR.
1210 254 1294 285 ΒΙΒ.
1316 253 1405 284 ART.
1423 253 1451 283 1,
1538 237 1593 281 45

135 338 272 383 nerali
307 337 498 400 quodam
535 335 665 382 modo
700 334 832 381 totius
857 331 1179 380 controversiae
1208 330 1419 387 ambitum
1455 329 1596 394 primo

135 412 382 477 complecti,
400 412 562 458 deinde
588 411 681 458 suis
707 410 816 456 locis
841 407 1017 471 singula
1035 407 1260 471 persequi.
1286 408 1438 471 ltaque
1459 405 1598 470 primo

135 506 327 536 canones
354 488 601 541 tridentini,
641 487 716 551 qui
753 486 840 532 huc
864 484 1112 550 pertinent,
1145 482 1311 547 quique
1340 493 1442 530 sunt
1464 482 1596 529 veluti

136 565 269 612 cardo
300 563 597 629 quaestionis,
638 561 915 626 expendendi
953 571 1071 607 sunt.

688 700 960 736 ARTICULUS
987 700 1034 734 11.

139 833 313 869 Potestas
339 830 529 868 Ecclesiae
557 829 810 867 constituendi
836 828 1102 877 impedimenta
1131 828 1347 865 dirimentia
1377 827 1594 877 cloqmatice

222 895 386 933 definita
413 895 554 932 censeri
588 893 698 931 debet
729 894 765 930 in
795 892 964 930 Concilio
989 891 1211 929 Tridentino
1240 894 1333 929 Can.
1363 892 1428 928 111.
1461 897 1498 929 et
1522 892 1590 929 lv.

223 958 416 997 sessionis
442 958 582 996 XXIV.

236 1091 482 1138 Tridentini
518 1107 649 1155 porro
683 1107 872 1137 canones
891 1090 947 1136 de
981 1090 1144 1154 quibus
1164 1089 1308 1152 agitur
1331 1127 1339 1145 ‚
1378 1089 1437 1135 ita
1455 1106 1504 1135 se
1528 1088 1603 1134 ha-

139 1168 266 1215 bent:
296 1169 374 1213 111.
403 1187 425 1211 «
447 1167 492 1212 Si
518 1166 619 1231 quis
643 1165 803 1212 dixerit
825 1183 899 1213 eos
925 1177 1092 1213 tantum
1116 1165 1537 1228 consanguineitatis
1562 1174 1605 1210 et

142 1244 373 1291 affinitatis
409 1243 575 1306 gradus
601 1281 610 1299 ‚
657 1243 733 1307 qui
767 1242 958 1290 Levitico
990 1243 1322 1307 exprimuntur,
1361 1259 1494 1306 posse
1527 1241 1605 1287 im-

146 1320 296 1383 pedire
329 1319 655 1366 matrimonium
695 1318 1068 1374 contrahendum,
1110 1329 1152 1365 et
1185 1317 1392 1364 dirimere
1433 1327 1606 1363 contra-

134 1406 294 1450 ctum;
335 1412 415 1442 nec
448 1411 582 1458 posse
613 1393 845 1441 ecclesiam
885 1394 929 1439 in
964 1393 1189 1441 nonnullis
1224 1393 1397 1439 illorum
1430 1392 1606 1456 dispen-

0 1531 1 1534 ,
139 1489 243 1518 :sare
266 1509 275 1527 ,
313 1482 389 1518 aut
420 1470 717 1526 constituere,
751 1481 800 1516 ut
829 1471 982 1533 ,plures
1019 1470 1263 1534 impediant
1294 1480 1336 1516 et
1360 1469 1600 1523 dirimant;

0 1544 2 1601 l
135 1547 296 1595 anath.
327 1547 398 1594 sit.
425 1567 447 1591 »
472 1547 538 1593 lvi.
576 1566 598 1591 «
621 1547 663 1592 Si
690 1546 792 1610 quis
816 1546 996 1601 dixerit,
1021 1546 1254 1593 ecclesiam
1288 1563 1375 1592 non
1405 1545 1606 1609 potuisse

136 1623 407 1670 constituere
442 1622 757 1686 impedimenta
790 1622 1119 1669 matrimonium
1145 1621 1398 1668 dirimentia
1419 1660 1428 1677 ,
1467 1621 1534 1669 vel
1560 1621 1604 1666 in

148 1699 202 1745 iis
235 1698 554 1746 constituendis
594 1716 794 1753 errasse;
843 1698 994 1745 anath.
1035 1698 1152 1745 sit.»
1193 1697 1325 1744 Hisce
1360 1697 1605 1745 canonibus

138 1773 444 1821 controversia
473 1774 617 1820 omnis
643 1774 819 1837 penitus
856 1774 1031 1821 sublata
1053 1774 1287 1820 videbatur
1310 1813 1318 1830 ‚
1357 1773 1511 1821 saltem
1538 1791 1608 1837 pe-

148 1867 225 1896 nes
259 1849 524 1905 catholicos,
562 1850 638 1914 qui
674 1850 718 1896 in
755 1850 886 1898 rebus
921 1851 1024 1897 fidei
1061 1868 1111 1898 ac
1141 1868 1310 1897 morum
1348 1851 1607 1897 auctoritate

145 1925 358 1972 ecclesiae
402 1935 626 1988 reguntur.
667 1926 721 1973 At
753 1945 864 1991 quas
899 1928 1081 1974 technas
1124 1928 1374 1992 pervicaces
1405 1927 1607 1974 homines

145 2001 486 2064 excogitaverint
519 2012 566 2048 ut
601 2020 649 2049 se
685 2003 740 2050 ab
774 2021 825 2050 ea
855 2004 1177 2061 subducerent,
1211 2022 1359 2068 ,nuper
1393 2004 1602 2050 diximus.

142 2077 291 2124 Ut-eas
309 2082 460 2142 itaque
477 2095 530 2124 ex
549 2079 705 2126 ordine
719 2117 728 2135 ,
747 2080 957 2127 distincte
975 2091 1017 2126 et
1035 2097 1113 2144 per
1127 2091 1275 2144 partes
1300 2080 1580 2127 disiiciamus
1595 2117 1604 2134 ‚

144 2153 231 2200 duo
267 2153 438 2199 efficere
474 2154 558 2201 hoc
593 2155 637 2201 in
673 2156 859 2203 articulo
894 2157 1199 2219 aggredimur3
1233 2158 1375 2220 primo
1410 2156 1610 2204 ostende-

144 2246 243 2276 mus
268 2229 489 2294 praefatos
510 2247 702 2278 canones
727 2249 826 2278 esse
857 2231 1130 2295 dogmaticos
1150 2271 1159 2288 ,
1192 2250 1282 2280 non
1310 2245 1455 2280 autem
1490 2251 1610 2280 mere

143 2304 456 2368 disciplinares
474 2343 483 2360 ‚
511 2306 692 2352 secundo
724 2307 951 2354 veritatem
976 2308 1267 2372 dogmaticam
1304 2310 1350 2355 in
1384 2310 1439 2356 iis
1469 2327 1612 2357 asser-

141 2390 234 2425 ·tam
263 2380 606 2428 vindicabimus.
638 2382 760 2429 Prior
790 2400 892 2446 pars
917 2395 984 2431 est
1002 2385 1214 2432 adversus
1238 2386 1504 2442 Launoium,
1538 2403 1611 2450 po-

146 2456 304 2503 sterior
336 2457 550 2504 adversus
576 2470 807 2506 novatores
842 2477 930 2508 sec.
954 2461 1062 2507 xvl.

242 2532 465 2579 Launoius
485 2533 634 2596 itaque
665 2545 712 2580 ut
731 2534 932 2582 adstruat
956 2553 1147 2584 canones
1167 2537 1224 2583 de
1247 2538 1410 2602 quibus
1437 2538 1610 2601 agimus

149 2606 329 2653 minime
361 2624 462 2654 esse
504 2608 776 2671 dogmaticos
801 2649 810 2665 ,
849 2611 1063 2658 adnititur
1108 2613 1341 2660 ostendere
1383 2613 1427 2659 id
1464 2613 1609 2674 colligi

144 2698 234 2728 >non
271 2700 402 2747 posse
436 2702 489 2730 ex
523 2685 803 2733 anathemate
836 2705 924 2751 quo
957 2689 1214 2736 communiti
1245 2701 1361 2736 sunt.
1398 2709 1419 2733 «
1442 2690 1605 2743 Porro,

148 2757 332 2814 scribit,
365 2776 451 2806 non
487 2771 586 2807 ante
613 2761 760 2808 tollam
796 2780 973 2810 manum
1001 2765 1056 2811 de
1092 2765 1240 2811 tabula
1263 2803 1272 2820 ,
1307 2782 1440 2829 quam
1465 2764 1613 2812 obser-

143 2833 334 2879 vaverim
361 2852 437 2882 eos
463 2835 554 2881 falli
588 2836 802 2898 graviter,
842 2839 916 2902 qui
948 2851 1123 2904 propter
1147 2840 1312 2886 dictum
1350 2840 1607 2895 anathema,
