1980 3260
297 254 386 288 cir.
405 255 466 290 ιιι.
484 256 535 288 nn
554 256 636 289 mv.
656 256 819 290 pomer.
837 256 972 290 rnmc.
992 257 1075 289 mr.
1095 256 1186 289 ιιει.
1206 257 1257 290 ιι)
1273 257 1397 290 mm.
1412 257 1504 290 Διιτ.
1523 256 1569 290 ιι.
1612 243 1698 288 489

243 334 399 382 rationi
435 334 711 399 praeferunt,
746 336 1003 383 auctoritate
1031 335 1368 400 cuiusquemodi
1396 334 1699 401 comprobata,

241 409 355 458 facto
378 420 421 458 et
442 411 760 459 consuetudine
793 411 990 459 omnium
1019 411 1295 459 saeculorum
1321 429 1372 459 ac
1395 412 1611 475 gentium,
1639 421 1697 469 et,

240 485 359 551 quod
394 486 553 534 mirere
576 524 586 543 ,
619 486 703 534 sub
739 487 838 552 ipsa
871 486 1144 535 ethnicorum
1185 488 1471 553 dynastarum
1504 487 1704 535 domina-

240 562 385 619 tione,
408 562 681 610 confirmata.
704 563 852 610 Altera
874 580 978 611 vero
993 601 1003 620 ‚
1026 563 1065 610 si
1083 574 1268 611 aetatem
1293 564 1507 628 respicias
1523 601 1534 621 ,
1557 563 1703 612 medio

240 636 512 702 proclinante
547 655 655 686 aevo
693 638 885 704 primum
926 638 1132 696 inducta;
1170 638 1323 695 salsis,
1361 656 1413 686 ac
1446 638 1702 687 nutantibus

239 712 355 761 male
390 712 499 760 fulta
533 715 837 778 argumentis;
876 714 1125 779 tyrannidis
1160 714 1345 780 imperio
1386 715 1618 779 imposita,
1660 725 1705 763 et

238 799 512 846 sustentata,
551 807 639 838 non
679 791 810 856 aequi
843 790 1038 855 bonique
1082 790 1139 839 ob
1174 791 1318 856 ipsam
1354 790 1615 855 populorum
1657 791 1703 837 in

238 864 308 913 ius
341 866 604 930 pronitatem
637 877 846 931 accepta;
883 877 1015 932 atque
1049 866 1105 914 ab
1144 866 1401 915 hominibus
1440 867 1704 931 pravissima

238 940 420 989 imbutis
450 941 752 1000 institutione,
780 943 1231 1008 corruptissimaeque
1261 942 1451 991 addictis
1479 942 1704 990 doctrinae

237 1031 517 1084 propugnata
539 1036 685 1084 usque
707 1035 759 1067 eo
776 1057 786 1077 ,
815 1018 920 1066 dum
942 1029 1072 1066 enata
1095 1019 1431 1084 protestantium
1451 1027 1571 1066 secta
1586 1019 1702 1066 viam

238 1093 294 1141 ad
318 1110 450 1141 omne
482 1093 695 1141 ecclesiae
719 1093 790 1142 ius
813 1093 1098 1141 evertendum
1127 1093 1406 1159 patefecerit,
1437 1092 1703 1158 plurimique

242 1169 363 1218 illam
383 1170 582 1227 inierint,
604 1187 656 1217 ac
673 1170 888 1235 pertinaci
907 1169 1187 1235 postmodum
1207 1169 1430 1234 impietate
1448 1169 1699 1217 institerint.

335 1246 428 1293 lam
459 1262 542 1309 age
570 1244 728 1293 obsisti
754 1255 915 1293 temere
937 1244 1108 1293 veritati
1143 1255 1308 1310 potest,
1340 1244 1409 1292 vis
1442 1244 1592 1291 inferri
1616 1261 1702 1292 non

240 1331 401 1387 potest.
426 1322 531 1386 Ipsa
553 1321 670 1368 enim
694 1321 970 1370 saeculorum
995 1338 1232 1386 progressu
1248 1359 1258 1378 ,
1281 1321 1475 1386 protritis
1491 1359 1501 1378 ‚
1528 1320 1705 1369 concul-

239 1398 433 1464 tatisque
450 1397 673 1446 erroribus
688 1435 698 1455 ,
721 1397 877 1445 victrix
900 1397 1076 1445 tandem
1102 1396 1359 1462 triumphat.
1382 1397 1503 1444 Idem
1530 1397 1700 1462 ipsum,

237 1474 358 1540 quod
387 1474 750 1539 pertractavimus
781 1484 1086 1537 argumentum
1102 1511 1113 1530 ,
1136 1472 1313 1537 insigne
1330 1484 1398 1521 est
1413 1472 1607 1520 victricis
1631 1489 1704 1519 ec-

236 1550 403 1598 clesiae
427 1549 704 1615 trophaeum.
729 1550 821 1597 Iam
848 1549 1038 1615 impetus
1066 1548 1170 1597 olim
1194 1548 1417 1605 acerrimi,
1445 1548 1610 1613 quibus
1631 1565 1704 1595 ec-

237 1626 487 1675 clesiastica
530 1625 627 1672 iura
668 1625 942 1673 ferocissime
987 1624 1340 1689 impetebantur,
1378 1641 1463 1672 non
1498 1623 1704 1671 refrixere

236 1702 368 1751 modo
384 1740 395 1760 ,
428 1701 508 1750 sed
532 1701 624 1750 sere
648 1701 886 1749 admodum
910 1701 1112 1749 extincti:
1134 1700 1332 1764 neglecta
1349 1718 1401 1749 ac
1419 1718 1530 1766 pene
1546 1700 1704 1765 despe-

236 1780 325 1828 ctui
367 1778 522 1826 habita
555 1778 817 1835 audacium,
856 1795 907 1825 ac
940 1777 1230 1843 perduellium
1272 1777 1500 1825 hominum
1533 1793 1667 1841 opera
1690 1813 1700 1832 ,

237 1856 313 1921 qui
349 1855 395 1902 in
424 1855 754 1903 sanctissimam
789 1854 1004 1902 ecclesiae
1032 1864 1290 1919 potestatem
1318 1854 1608 1901 insurrexere.
1626 1852 1706 1899 Ec-

236 1931 375 1980 clesia
410 1932 530 1979 enim
558 1931 656 1979 suis
693 1948 851 1979 secura
886 1930 1056 1978 iuribus
1080 1930 1243 1995 potitur
1265 1947 1315 1977 ac
1340 1930 1525 1985 sruitur,
1562 1945 1705 1993 neque

237 2008 470 2073 pacificam
506 2006 680 2055 illorum
717 2007 1073 2072 possessionem,
1097 2018 1171 2054 aut
1189 2023 1366 2066 usuram
1385 2004 1703 2053 clamitationes

237 2102 436 2149 unquam
478 2083 721 2148 impiorum
750 2094 964 2140 evertere,
1004 2093 1078 2130 aut
1118 2083 1349 2130 minimum
1385 2080 1615 2148 quidpiam
1649 2080 1705 2127 de

237 2160 293 2208 iis
331 2160 589 2207 deminuere
620 2159 844 2208 valebunt.
885 2159 1013 2216 Quod
1048 2160 1219 2207 animos
1254 2158 1434 2224 quidem
1474 2156 1703 2205 catholicis

236 2236 362 2284 addit
390 2235 699 2302 scriptoribus.
726 2236 956 2301 Impavida
972 2237 1089 2284 enim
1108 2236 1249 2284 fronte
1271 2235 1483 2283 ecclesiae
1501 2233 1703 2282 hostibus

236 2312 400 2359 bellum
430 2322 620 2377 possunt
648 2311 864 2369 indicere,
887 2323 931 2360 et
953 2312 1330 2360 confidentissime
1351 2328 1546 2377 pugnam
1571 2309 1696 2356 inire.

237 2389 273 2436 A
307 2406 495 2454 quorum
526 2389 645 2437 enim
680 2388 882 2453 partibus
917 2399 1004 2436 stat
1041 2388 1262 2446 ecclesia,
1296 2388 1352 2436 ab
1379 2389 1434 2435 iis
1466 2398 1508 2434 et
1540 2386 1701 2433 veritas

237 2475 352 2522 stat,
387 2476 428 2513 et
457 2475 601 2513 certus
627 2482 726 2514 cum
760 2465 943 2513 veritate
974 2464 1242 2529 triumphus.

834 2668 1117 2739 Q
