1980 3260
362 196 417 237 56
684 203 762 233 mn.
790 201 835 231 ιι.
865 200 976 231 sacr.
1006 200 1034 229 1.
1064 199 1114 229 m:
1140 198 1302 228 rowsr.
1334 197 1500 230 necrus.

359 285 539 346 insuper
577 281 621 325 in
655 277 807 324 eadem
837 276 1022 340 epistola
1045 275 1100 320 de
1129 273 1331 337 personis
1359 291 1495 336 agens
1518 285 1618 322 voto
1652 276 1812 324 obstri-

358 358 439 403 ctis
471 355 645 402 scribit:
690 354 954 399 «Praeterea
987 349 1301 396 monachorum
1326 349 1542 412 quosdam
1567 360 1697 414 atque
1718 368 1814 399 mo·

358 432 595 477 nacharum
626 429 795 475 abiecto
819 426 1040 491 proposito
1065 425 1308 472 sanctitatis
1338 424 1383 470 in
1417 434 1581 471 tantam
1605 436 1815 489 protesta-

360 507 420 551 ris
444 505 667 552 demersos
692 520 791 550 esse
820 501 1068 556 lasciviam,
1106 510 1153 546 ut
1186 500 1308 564 prius
1339 499 1561 556 clanculo,
1589 499 1814 564 velutisub

359 582 721 628 monasteriorum
744 588 967 643 praetextu
990 577 1142 624 illicita
1174 594 1224 623 ac
1249 577 1463 639 sacrilega
1485 595 1534 624 se
1557 577 1816 640 contagione

358 657 636 711 miscuerint;
666 665 818 718 postea
843 670 945 700 vero
973 653 1018 698 in
1052 652 1236 717 abrupta
1276 652 1573 699 conscientiae
1606 652 1817 717 despera-¹

362 733 477 778 tione
511 729 711 794 perducti
746 729 801 775 de
846 728 1010 775 illicitis
1055 727 1354 791 complexibus
1395 727 1531 775 libere
1566 728 1681 776 filios
1715 744 1816 792 pro-

357 806 596 852 creaverint
611 843 620 860 ,
642 804 761 868 quod
779 815 821 851 et
844 804 1046 868 publicae
1069 803 1188 866 leges
1211 813 1254 849 et
1276 803 1575 850 ecclesiastica
1595 803 1692 850 iura
1715 820 1815 851 con-

355 881 576 927 demnant.
616 881 707 926 Has
740 896 841 942 ergo
870 879 1117 942 impudicas
1151 878 1522 942 detestabilesque
1547 892 1766 942 personas
1791 894 1816 925 e

358 955 721 1002 monasteriorum
757 964 908 1010 coetu,
947 954 1319 1017 ecclesiarumque
1352 954 1639 1001 conventibus
1673 953 1816 1001 elimi-

358 1031 527 1078 nandas
556 1049 655 1078 esse
686 1030 946 1077 mandamus
981 1032 1095 1091 (59).
1124 1050 1144 1073 »
1807 1077 1810 1083 .

450 1108 513 1154 De
542 1107 626 1154 hoc
659 1107 756 1171 ipso
784 1107 871 1153 voti
896 1106 1209 1169 impedimento
1239 1115 1355 1152 extat
1377 1122 1474 1151 can.
1506 1104 1609 1151 clv.
1640 1104 1815 1152 concilii

356 1183 551 1245 carthag.
589 1183 655 1228 IV.
700 1182 797 1228 «Ut
831 1182 869 1228 si
904 1199 1017 1245 quae
1048 1181 1208 1227 viduae
1230 1219 1239 1226 .
1269 1219 1276 1226 .
1308 1219 1315 1226 .
1347 1198 1395 1227 se
1428 1180 1696 1227 devoverunt
1727 1179 1818 1227 Do-

356 1258 500 1320 mino.
530 1296 538 1303 .
567 1296 575 1303 .
607 1268 759 1322 postea
781 1275 882 1305 vero
906 1257 962 1303 ad
986 1257 1165 1320 nuptias
1191 1257 1411 1303 seculares
1438 1256 1734 1303 transierunt.
1763 1293 1772 1302 .
1802 1293 1812 1301 .

356 1333 465 1380 tales
498 1350 712 1398 personae
747 1334 842 1380 sine
876 1333 1215 1379 christianorum
1245 1333 1551 1379 communione
1579 1341 1813 1387 maneant,

356 1408 622 1471 quaeretiam
647 1425 726 1454 nec
755 1408 800 1452 in
824 1407 1025 1453 convivio
1058 1424 1157 1454 cum
1180 1407 1435 1454 christianis
1470 1405 1810 1454 communicent.

356 1482 464 1546 Nam
488 1483 525 1528 si
555 1482 778 1529 adulterae
802 1482 1010 1545 coniuges
1036 1493 1158 1530 reatu
1185 1493 1288 1530 sunt
1309 1483 1418 1530 viris
1447 1482 1542 1529 suis
1569 1481 1811 1538 obnoxiam

355 1569 515 1622 quanto
538 1558 679 1620 magis
702 1558 862 1605 viduae
879 1595 889 1614 ,
917 1576 1032 1622 quae
1055 1559 1386 1622 religiositatem
1408 1567 1687 1605 mutaverunt
1701 1595 1712 1614 ,
1733 1558 1816 1612 cri-

357 1633 474 1679 mine
519 1633 720 1680 adulterii
763 1633 1030 1680 notabuntur
1051 1672 1061 1690 ,
1107 1634 1144 1681 si
1188 1634 1464 1682 devotionem
1486 1672 1496 1690 ‚
1545 1650 1678 1698 quam
1725 1634 1818 1681 Deo

356 1717 510 1771 sponte
532 1745 542 1764 ‚
579 1725 665 1756 non
701 1719 876 1755 coactae
899 1746 908 1763 ‚
946 1708 1222 1764 obtulerunt,
1263 1708 1504 1756 libidinosa
1543 1708 1819 1773 corruperint

355 1781 601 1847 voluptate,
644 1793 774 1847 atque
826 1784 882 1830 ad
931 1783 1150 1831 secundas
1191 1783 1369 1847 nuptias
1419 1783 1653 1831 transitum
1703 1783 1818 1834 fece.-

357 1858 445 1903 rint
484 1857 653 1919 (60)?»
694 1859 790 1914 Quo
825 1859 1003 1924 quidem
1038 1876 1206 1907 canone
1243 1858 1473 1906 adulteriis
1509 1870 1819 1924 comparantur

358 1932 590 1990 viduarum
617 1935 707 1981 Deo
740 1934 994 1982 devotarum
1030 1935 1426 1998 transgressiones.
1465 1935 1565 1981 Dixi
1599 1935 1819 1991 eiusmodi

358 2008 613 2056 violationes
638 2011 865 2058 adulteriis
891 2012 1162 2076 comparari,
1194 2011 1302 2076 quia
1327 2011 1410 2058 etsi
1435 2028 1537 2059 vere
1559 2028 1613 2059 ac
1633 2011 1821 2075 proprie

358 2084 572 2131 adulteria
607 2103 692 2132 non
728 2087 845 2144 sint,
890 2098 1020 2152 prout
1059 2087 1226 2135 iamdiu
1267 2087 1552 2135 adnotaverat
1590 2105 1628 2134 s.
1668 2086 1821 2151 Augu-

360 2159 525 2214 stinus,
561 2170 705 2207 tamen
731 2162 916 2225 ipsemet
953 2163 1174 2210 affirmare
1211 2180 1299 2210 non
1334 2162 1508 2209 dubitat
1553 2161 1743 2227 «lapsus
1777 2172 1822 2209 et

360 2234 509 2298 ruinas
534 2253 559 2283 a
593 2236 791 2283 castitate
825 2239 1059 2296 sanctiori,
1090 2256 1205 2303 quae
1234 2248 1417 2286 vovetur
1437 2237 1557 2295 Deo,
1585 2236 1818 2286 adulteriis

361 2326 461 2357 esse
494 2311 666 2374 peiores
705 2314 868 2373 (61).»

453 2385 608 2432 Verum
644 2387 762 2452 quod
804 2398 852 2434 ut
891 2388 1090 2436 illicitum
1135 2390 1391 2437 damnatum
1435 2399 1503 2436 est
1544 2389 1590 2435 in
1629 2387 1818 2436 concilio

446 2528 513 2568 (59)
533 2528 616 2560 lbid.
634 2537 704 2570 cap.
722 2531 792 2560 vn.
808 2530 870 2562 col.
888 2535 959 2563 629.

446 2580 512 2620 (60)
531 2581 626 2622 Apud
647 2581 805 2614 Harduin.
834 2584 921 2615 Acta
943 2584 1071 2615 concil.
1094 2586 1172 2618 tom.
1190 2587 1214 2618 1.
1237 2586 1301 2619 col.
1326 2590 1398 2618 985.
1419 2584 1624 2618 celebratum
1642 2584 1753 2617 autem
1771 2585 1822 2617 eut

358 2631 419 2665 boc
430 2632 553 2672 concil.
573 2641 627 2665 au.
645 2636 715 2666 436.
731 2634 826 2674 eique
847 2635 993 2668 interfuit
1010 2645 1037 2668 s.
1056 2638 1251 2678 Augustinus
1271 2647 1347 2671 cum
1365 2637 1524 2680 episcopis
1545 2640 1617 2669 214.
1683 2662 1686 2665 Α

446 2684 512 2726 (61)
531 2685 605 2718 Lib.
622 2687 672 2718 De
686 2686 772 2719 bono
787 2687 971 2720 viduitatis
992 2697 1063 2730 cap.
1078 2691 1117 2722 X.
1134 2692 1167 2723 et
1181 2693 1236 2723 xl.
1247 2691 1348 2734 Juxta
1359 2699 1386 2723 s.
1403 2690 1575 2722 Ductorem
1588 2689 1748 2723 eiusmodi
1761 2697 1820 2722 nn-

360 2736 443 2776 ptine
463 2739 554 2769 erant
570 2738 702 2771 illicitae
730 2739 786 2772 sed
814 2748 879 2774 non
893 2740 1074 2774 invalidae.
1098 2743 1232 2784 Utique;
1262 2745 1404 2776 attamen
1422 2742 1490 2783 lege
1509 2742 1684 2783 ecciesiae,
1705 2742 1820 2775 uitem

353 2788 492 2828 graviter
514 2790 692 2831 prohibitae
708 2800 745 2823 ac
766 2791 948 2830 damnatae.
