1980 3260
370 249 457 295 478
628 262 709 295 tm.
734 263 780 296 n.
801 261 916 295 sacr.
939 261 1111 295 ALTERA·
1140 263 1191 296 ns
1225 262 1390 296 rorssr.
1413 263 1553 297 cwm.

463 339 671 404 Sequitur
702 341 747 386 9.
770 340 908 403 Leges
941 339 1198 388 nominatim
1216 379 1227 398 ,
1262 358 1379 406 quae
1413 352 1462 390 ut
1493 342 1695 391 nonnulli
1725 361 1830 395 con·

362 415 575 472 tendunt,
608 415 853 480 antiquitus
888 415 1018 464 datae
1052 427 1155 464 sunt
1187 434 1214 464 a
1248 417 1526 482 principibus
1560 419 1616 467 ad
1652 420 1831 485 illegiti-

362 510 459 540 mas
471 530 481 549 ,
505 509 585 540 seu
605 492 751 540 nullas
770 492 1019 541 reddendas
1042 493 1222 559 nuptias
1241 493 1432 542 filiorum
1452 494 1642 545 familias
1659 497 1830 564 absque

360 579 593 634 parentum
627 586 850 617 consensu
879 586 933 617 ac
960 568 1262 634 beneplacito,
1289 570 1427 619 immo
1454 571 1568 636 ipsis
1591 572 1830 622 recluctan·

360 646 479 694 tibus
513 656 760 695 contractas
791 647 909 709 (59),
931 657 1008 695 aut
1035 663 1150 713 quae
1184 647 1524 713 insequentibus
1552 650 1827 716 temporibus

454 795 520 837 (59)
541 796 617 829 Fuit
634 796 714 828 olim
732 796 840 837 legum
861 804 1067 829 romanarum
1083 796 1251 839 dispositio
1266 797 1374 839 inquit
1389 798 1503 832 Massei
1519 807 1573 841 op.
1587 798 1644 831 cit.
1658 800 1710 832 De
1719 799 1826 832 matr.

355 851 595 883 eonscientiae.
620 851 742 882 Romae
765 853 868 890 1766„
885 849 973 891 quod
1004 850 1114 882 irritae
1144 852 1250 883 essent
1269 851 1401 893 nuptiae
1420 860 1477 884 seu
1498 851 1662 894 sponsalia
1686 851 1828 884 tiliorum

358 902 498 935 familias
524 901 646 943 absque
672 910 830 935 consensu
853 902 955 943 patris
975 903 1008 935 et
1027 910 1068 935 ex
1089 902 1153 935 l.2.
1169 904 1219 935 De
1235 904 1296 936 rit.
1308 905 1408 946 nupt.
1424 906 1457 937 et
1469 904 1493 937 l.
1511 909 1560 938 12.
1573 913 1603 936 c.
1617 905 1666 937 De
1679 905 1825 947 nuptm.

357 956 442 989 Hinc
461 956 575 988 auctor
596 956 781 988 Tractatus
801 954 844 987 de
864 962 978 989 exam.
994 954 1099 989 ἁπαν.
1114 957 1234 996 maqni
1253 957 1417 989 momenti
1436 958 1628 998 quaestion.
1643 957 1730 990 circa
1757 964 1824 990 ma·

357 1009 548 1041 trimonium
565 1007 622 1040 lib.
642 1013 671 1040 3.
692 1016 721 1040 c.
740 1012 770 1040 2.
786 1008 864 1040 sect.
884 1012 934 1040 13.
951 1007 1108 1048 miratur,
1137 1008 1225 1049 quod
1246 1008 1418 1041 Cuiaccius
1433 1008 1475 1041 ad
1496 1009 1557 1051 leg.
1570 1011 1641 1042 zet
1659 1015 1708 1043 ιο.
1725 1009 1760 1043 d.
1775 1011 1826 1043 De

355 1063 417 1094 rit.
437 1063 538 1104 nupt.
553 1062 586 1093 et
606 1061 823 1093 Gothofredus
848 1060 889 1093 ad
915 1060 938 1092 l.
958 1065 1006 1094 15.
1025 1060 1098 1093 cod.
1115 1061 1167 1094 tit.
1182 1062 1373 1094 auctoritate
1394 1062 1489 1095 Pauli
1515 1064 1659 1105 Recepta
1676 1064 1824 1096 sentent.

355 1115 411 1148 lib.
422 1115 479 1148 cit.
501 1117 550 1148 14.
567 1115 731 1148 tenuerint
750 1114 880 1156 nuptias
897 1123 917 1146 a
932 1113 1007 1148 filiis
1021 1114 1161 1148 familias
1173 1115 1270 1149 initas
1287 1116 1396 1149 insciis
1418 1116 1594 1158 invitisque
1614 1116 1763 1159 patribus
1780 1117 1825 1151 ir·

355 1169 435 1202 ritas
449 1168 490 1202 de
505 1169 576 1202 iure
594 1177 729 1201 romano
744 1167 832 1201 haud
852 1167 961 1201 fuisse.

447 1223 548 1263 Leges
560 1221 658 1254 etiam
671 1221 824 1254 ecclesiae
835 1220 997 1262 prioribus
1009 1221 1126 1254 seculis
1140 1230 1215 1254 cum
1231 1221 1356 1262 legibus
1368 1222 1512 1255 romanis
1525 1223 1586 1255 hac
1596 1222 1638 1256 de
1650 1231 1685 1256 re
1697 1223 1823 1265 conspi-

353 1276 447 1316 rant;
470 1276 508 1308 ut
526 1283 592 1308 uon
613 1274 770 1307 diffitetur
793 1276 871 1308 Ben.
886 1276 973 1307 x1v.
992 1276 1041 1307 De
1060 1274 1188 1316 synodo
1202 1275 1260 1309 lib.
1273 1281 1305 1309 9.
1322 1284 1353 1309 c.
1366 1277 1410 1308 11.
1421 1275 1492 1318 §J-
1510 1277 1550 1309 Et
1564 1276 1607 1309 ad
1619 1276 1700 1309 haec
1713 1276 1824 1319 priora

352 1328 463 1362 secula
491 1327 651 1361 referendi
670 1329 748 1360 sunt
767 1335 907 1360 canones
927 1336 1010 1368 quos
1030 1329 1227 1370 collegerunt
1244 1328 1440 1370 Binghamus
1462 1330 1593 1371 Ortqin.
1613 1331 1688 1363 sive
1709 1331 1821 1373 antiq,

351 1381 435 1414 eccl.
451 1382 516 1413 vol,
531 1384 562 1413 7.
578 1381 636 1413 lib.
652 1385 700 1413 ¹6.
711 1389 783 1422 cap.
794 1379 869 1421 7.§.
881 1384 913 1413 2.
926 1380 984 1413 ait.
998 1380 1055 1414 cit.
1074 1382 1195 1414 Auctor
1214 1380 1271 1414 ubi
1293 1390 1401 1423 supra.

448 1435 572 1466 Mutata
596 1434 707 1475 postea
728 1433 792 1465 ruit
813 1432 983 1474 disciplina
998 1433 1169 1475 ecclesiae,
1183 1435 1221 1467 ut
1234 1433 1354 1468 ibidem
1369 1435 1506 1468 testatur
1517 1434 1731 1468 Boneitxlv.
1745 1433 1776 1477 §-
1787 1436 1821 1468 ⁴.

351 1488 504 1521 ceterum
526 1487 663 1529 requirit
682 1489 715 1520 ct
734 1487 870 1520 ecclesia
888 1496 933 1519 ex
952 1486 1131 1521 honestate
1151 1496 1343 1521 consensum
1363 1489 1532 1529 parentum
1548 1489 1582 1521 in
1595 1488 1719 1530 nuptiis
1738 1488 1820 1521 tilio-

350 1551 445 1583 rum,
472 1541 572 1583 idque
599 1541 724 1574 ratione
754 1540 952 1573 reverentiae
972 1548 992 1572 a
1014 1539 1090 1572 liliis
1110 1540 1298 1583 parentibus
1321 1541 1460 1574 debitae.

447 1595 509 1627 Hic
529 1603 607 1627 vero
629 1595 706 1626 nota
727 1602 801 1627 cum
823 1593 894 1626 iure
913 1595 1048 1627 naturae
1067 1594 1129 1626 hac
1146 1594 1181 1626 in
1202 1594 1339 1627 materia
1357 1594 1539 1627 consentire
1557 1601 1624 1627 non
1637 1594 1694 1628 tm
1713 1601 1820 1628 roma·

349 1657 448 1688 num,
471 1648 529 1681 sed
550 1648 601 1680 ius
621 1647 877 1680 ecclesiasticum
891 1655 1031 1688 novum,
1046 1648 1085 1680 ut
1098 1647 1284 1680 observavit
1295 1647 1436 1680 wolfius
1449 1649 1499 1681 De
1516 1649 1594 1680 ture
1607 1648 1682 1680 nat.
1691 1648 1776 1689 part.
1787 1650 1818 1681 7.

349 1700 381 1744 §.
398 1706 469 1735 953.
487 1702 521 1734 in
542 1702 611 1734 not.
626 1703 674 1734 De
684 1701 764 1734 -iure
783 1701 919 1733 naturae
943 1701 1094 1734 tenentur
1122 1700 1236 1742 utique
1257 1699 1353 1733 liberi
1372 1709 1414 1733 ex
1433 1708 1490 1742 ea,
1512 1708 1611 1741 quam
1635 1699 1822 1742 parentibus

350 1754 468 1787 debent
490 1755 667 1787 reverentia
687 1754 722 1786 in
743 1753 871 1795 negotio
889 1753 970 1786 adeo
991 1754 1081 1795 gravi
1099 1753 1285 1795 nuptiarum
1300 1762 1411 1786 eorum
1429 1761 1621 1786 consensum
1635 1761 1819 1795 exposcere.

348 1808 390 1840 At
404 1808 432 1840 si
447 1816 640 1841 consensum
656 1808 744 1841 hunc
758 1807 929 1848 exquirere
941 1807 1111 1848 omittant,
1125 1815 1190 1840 non
1205 1806 1361 1840 continuo
1374 1807 1486 1840 irritae
1499 1806 1630 1849 nuptiae
1641 1806 1735 1840 liunt.
1748 1808 1821 1841 Non

347 1861 458 1893 omnia
484 1869 569 1902 quae
589 1861 659 1893 iure
681 1861 815 1893 naturae
835 1860 1101 1901 disconveniunt,
1124 1860 1218 1893 irrita
1237 1860 1329 1902 sunt,
1351 1859 1410 1893 sed
1427 1868 1465 1893 ea
1481 1859 1631 1902 demum,
1647 1859 1820 1902 inquibus

348 1914 437 1946 deest
458 1914 653 1955 principium
674 1912 757 1945 dans
778 1912 877 1945 robur
898 1913 997 1946 actui.
1021 1914 1063 1946 At
1081 1912 1147 1946 tale
1166 1912 1362 1955 principium
1391 1921 1567 1945 consensus
1595 1913 1765 1954 parentum
1783 1912 1819 1944 in

349 1967 471 2008 nuptiis
489 1966 667 2000 liberorum
688 1975 754 1999 non
775 1967 835 1999 est.
852 1967 963 2008 Ipsum
984 1966 1097 2007 utique
1118 1966 1161 1999 ad
1181 1965 1371 1999 firmitatem
1387 1966 1592 2008 nuptiarum,
1613 1965 1708 2007 quasi
1726 1965 1820 1998 natu-

348 2020 459 2052 raliter
479 2021 659 2061 requirunt.
683 2019 745 2052 Sed
767 2019 925 2052 falluntur
945 2021 980 2052 et
998 2019 1128 2052 fallunt.
1147 2021 1238 2057 Quae
1262 2018 1405 2052 afferunt
1424 2019 1613 2060 argumenta
1634 2018 1697 2051 hoc
1716 2026 1819 2051 unum

347 2072 486 2113 probant
506 2071 649 2105 officium
669 2072 846 2104 liberorum
860 2072 893 2104 in
906 2073 1056 2113 parentes
1075 2072 1270 2104 conveniens
1289 2079 1376 2112 esse,
1389 2071 1428 2103 ut
1438 2071 1607 2112 parentum
1626 2078 1818 2103 consensum

345 2125 534 2166 exquirant,
555 2125 642 2166 quod
661 2126 694 2158 et
711 2134 771 2157 nos
785 2124 995 2158 concedimus
1009 2133 1085 2157 cum
1099 2124 1370 2166 temperamento,
1386 2123 1450 2156 nisi
1465 2123 1634 2156 manifeste
1644 2123 1759 2165 iniqua
1773 2123 1819 2156 sit

346 2177 497 2209 voluntas
517 2177 796 2218 parentum...sed
816 2177 909 2218 hinc,
928 2177 957 2210 si
977 2185 1091 2210 verum
1112 2185 1278 2218 amamus,
1299 2185 1367 2209 non
1386 2176 1533 2218 sequitur
1553 2176 1605 2209 ins
1625 2175 1709 2209 illud
1728 2176 1817 2218 quod

346 2230 525 2270 facultatis,
545 2232 601 2262 aut
616 2230 751 2263 dominii
774 2231 905 2263 nomine
925 2231 1105 2273 explicatur
1125 2230 1194 2263 filio
1214 2230 1342 2270 deesse,
1358 2230 1415 2271 qui
1430 2238 1564 2263 uxorem
1585 2229 1677 2262 ducit
1694 2230 1728 2263 et
1747 2238 1814 2262 ma-

344 2284 437 2315 turae
458 2282 553 2315 debet
573 2291 641 2314 esse
662 2284 793 2323 aetatis,
817 2285 849 2316 et
869 2283 938 2315 abit
957 2284 1050 2316 extra
1071 2282 1246 2324 familiam,
1261 2283 1307 2315 ita
1326 2283 1365 2316 ut
1384 2282 1494 2316 bacin
1508 2290 1545 2315 re
1558 2282 1707 2324 regimini
1723 2282 1816 2315 l'ami·

343 2335 416 2368 liari
439 2344 504 2368 non
524 2335 725 2368 subiiciatur.
744 2337 855 2369 Solum
872 2338 1070 2370 reverentiae
1089 2337 1234 2370 officium
1251 2336 1440 2378 neutiquam
1454 2335 1570 2377 efficit,
1585 2337 1627 2369 ut·
1640 2335 1751 2369 nullus
1772 2336 1818 2369 sit

344 2389 400 2430 qui
424 2389 453 2421 ei
479 2390 635 2430 repugnat
657 2391 759 2421 actus.
776 2390 824 2421 Cf.
841 2391 990 2422 Grotium
1008 2392 1058 2422 De
1075 2392 1152 2423 iure
1173 2389 1266 2423 Belli
1288 2391 1322 2423 et
1339 2397 1419 2432 pac.
1431 2389 1488 2423 lib.
1501 2394 1531 2423 2.
1542 2397 1573 2422 c.
1589 2388 1660 2431 1.§.
1674 2394 1724 2423 ιο.
1740 2389 1816 2422 Put-

343 2441 482 2475 fendori’.
503 2443 549 2474 De
570 2441 664 2482 offic.
680 2440 812 2474 homin.
829 2444 862 2474 et
877 2445 945 2475 civ.
960 2443 1018 2475 lib.
1037 2448 1068 2476 2.
1087 2451 1116 2475 c.
1134 2447 1164 2475 3.
1181 2442 1212 2484 §.
1230 2447 1277 2476 ιο.

438 2497 551 2536 Neque
570 2495 623 2527 ius
644 2503 726 2527 rom.
743 2503 762 2526 a
776 2495 847 2527 iure
865 2497 1000 2528 naturae
1015 2497 1049 2528 in
1066 2497 1129 2529 hoc
1147 2497 1254 2529 solum
1275 2496 1441 2538 dissentit,
1456 2495 1544 2538 quod
1558 2495 1735 2529 declaravit
1747 2503 1814 2528 ma·

343 2549 534 2581 trimoninm
561 2548 702 2581 filiorum
734 2548 874 2580 familias
902 2548 1033 2581 irritum
1054 2550 1125 2582 sine
1145 2558 1304 2583 consensu
1325 2550 1443 2592 patris,
1465 2548 1524 2582 sed
1539 2548 1625 2581 etin
1644 2557 1702 2590 eo,
1724 2547 1814 2589 quod

344 2601 523 2634 ineundum
542 2601 647 2634 voluit
665 2609 686 2633 a
705 2599 923 2634 iiliist'amilias
943 2609 1023 2634 cum
1049 2610 1218 2636 consensu
1238 2603 1309 2636 eius
1327 2602 1469 2644 parentis
1489 2601 1525 2634 in
1545 2601 1638 2634 cuius
1657 2601 1816 2642 potestate

344 2656 404 2687 est.
423 2655 577 2695 Alligavit
603 2655 656 2687 ius
681 2662 766 2687 rom.
789 2654 1010 2687 necessitatem
1031 2663 1207 2689 consensus
1226 2657 1396 2698 parentum
1416 2655 1452 2688 in
1470 2654 1593 2696 nuptiis
1611 2654 1813 2695 liberorum,

341 2715 407 2739 non
435 2707 634 2740 reverentiae
650 2707 731 2749 ipsis
749 2706 895 2748 debitae,
917 2707 975 2740 sed
992 2708 1115 2748 patriae
1135 2709 1306 2750 potestati3
1327 2717 1431 2750 eaque
1451 2708 1584 2750 propter
1603 2708 1637 2740 et
1656 2708 1811 2747 matrern,

342 2760 375 2792 et
397 2761 521 2793 ceteros
547 2759 774 2802 ascendentes,
800 2759 881 2802 quin
901 2761 935 2792 et
955 2760 1063 2802 ipsum
1083 2763 1228 2803 patrem,
1249 2762 1307 2803 qui
1334 2762 1419 2794 lilios
1448 2761 1664 2802 emancipavit
1695 2759 1813 2802 negligi

340 2812 497 2853 permisit.
517 2813 712 2846 Observavit
731 2813 794 2846 hoc
807 2813 840 2846 et
852 2813 986 2855 August.
998 2813 1131 2855 Leysser
1143 2813 1177 2846 in
1190 2813 1408 2848 Hedieation.
1423 2812 1472 2848 ad
1484 2812 1686 2853 Panda-ta,
1698 2813 1766 2848 vol.
1778 2816 1809 2847 5.

341 2864 464 2906 specul.
483 2870 554 2899 291.
571 2865 601 2908 §.
621 2871 651 2899 2.
668 2867 701 2899 et
721 2870 750 2899 ³.
