1980 3260
283 213 372 258 216
578 222 657 254 un.
688 219 733 253 11.
764 221 877 253 secr.
907 221 936 252 1.
965 220 1017 251 mi
1043 219 1208 251 rorssr.
1237 219 1403 253 nectes.

284 307 327 350 2.
352 303 494 357 illam,
517 315 632 364 quae
656 298 873 345 eiusmodi
899 296 1222 344 revocationem
1247 296 1484 345 subsecuta
1506 309 1594 357 est3
1618 303 1662 348 3.
1687 302 1739 349 il-

282 375 380 426 lam*
401 376 591 440 denique
619 391 734 438 quae
758 373 950 437 incoepit
974 382 1073 436 post
1097 371 1290 419 edictum
1315 372 1421 418 anni
1445 373 1587 420 1787.
1610 387 1741 442 atque

282 453 336 499 ad
370 461 555 498 aetatem
590 467 733 514 usque
767 459 962 496 nostram
997 447 1289 511 protenditur.
1325 448 1415 495 Nos
1448 447 1658 498 historice
1684 467 1742 507 ea

281 543 547 591 exponemus
572 542 686 590 quae
709 534 908 571 auctores
932 522 1114 587 quidam
1133 522 1243 569 Galli
1262 522 1410 587 quoad
1434 523 1636 587 singulas
1658 524 1742 576 has

280 602 471 666 epochas
507 601 697 647 tradunt.

375 678 528 740 ltaque
561 675 753 722 edictum
788 686 1060 722 nannetense
1093 674 1230 722 latum
1259 684 1327 721 est
1350 692 1424 722 an.
1449 676 1590 722 1598.
1619 692 1744 726 revo-

280 764 423 800 catum
458 763 601 799 autem
637 752 720 803 fuit
757 769 830 798 an.
872 753 1014 797 1685.
1052 750 1203 798 valida
1235 750 1375 798 fuisse
1404 752 1742 815 protestantium

279 829 481 892 coniugia
515 839 617 876 ante
650 828 867 875 eiusmodi
903 827 1224 875 revocationem
1258 826 1409 891 plures
1442 826 1601 876 docent
1629 827 1742 876 Galli

280 905 471 968 theologi
498 904 664 970 duplici
690 904 827 951 innixi
853 904 1166 960 fundamento;
1195 913 1287 951 tum
1312 921 1471 968 nempe
1493 904 1613 969 quod
1636 905 1744 954 hae-

279 982 400 1029 retici
444 991 549 1028 tunc
591 981 800 1046 temporis
845 981 1100 1028 societatem
1141 979 1458 1027 constituerent
1490 981 1742 1045 religiosam

280 1074 379 1106 cum
415 1058 511 1106 suis
546 1057 722 1121 templis
756 1074 808 1104 ac
841 1056 1058 1103 ministris
1083 1056 1129 1102 in
1152 1054 1316 1120 quibus
1346 1054 1745 1114 tridentinum‘de-

278 1143 443 1180 cretum
467 1132 790 1198 promulgatum
816 1149 903 1180 non
929 1132 1098 1188 suerat;
1137 1142 1229 1178 tum
1264 1130 1383 1195 quod
1417 1131 1552 1179 tacita
1585 1132 1743 1185 saltem

279 1209 492 1257 ecclesiae
517 1209 794 1273 dispensatio
823 1207 1130 1264 intervenerit,
1169 1224 1284 1272 quae
1317 1206 1571 1255 facultatem
1604 1218 1744 1266 ratam

278 1284 435 1331 habuit
481 1283 825 1348 protestantibus
871 1283 1019 1330 datam
1059 1283 1105 1328 in
1146 1282 1344 1330 articulis
1390 1283 1573 1332 secretis
1607 1284 1744 1344 *edicti

279 1361 592 1416 nannetensis,
631 1377 721 1423 quo
754 1359 909 1416 fiebat,
947 1369 995 1405 ut
1029 1359 1234 1423 coniugia
1278 1359 1601 1408 haereticorum
1641 1377 1743 1409 cum

277 1435 333 1482 ad
347 1435 581 1483 ecclesiam
597 1435 789 1481 redirent
800 1434 1082 1493 catholicam,
1096 1435 1280 1482 minime
1293 1446 1607 1484 renovarentur
1621 1437 1717 1500 (25)
1728 1475 1738 1484 .
1789 1438 1792 1441 ’

374 1511 525 1567 Quoad
553 1511 734 1558 alteram
753 1511 970 1575 epocham
993 1528 1115 1570 vero,
1143 1529 1258 1577 quae
1280 1511 1583 1577 complectitur
1604 1522 1743 1561 totum

276 1588 399 1637 illum
412 1590 621 1654 temporis
645 1599 830 1636 tractum
851 1628 860 1647 ,
888 1582 973 1654 qui*
990 1590 1262 1654 protrahitur
1284 1589 1342 1637 ab
1368 1607 1442 1637 an.
1467 1591 1631 1648 1685„
1653 1607 1744 1655 quo

275 1666 467 1713 edictum
501 1677 774 1714 nannetense
808 1677 1059 1715 revocatum
1093 1677 1185 1724 est,
1224 1684 1369 1732 usque
1402 1666 1460 1714 ad
1493 1684 1568 1715 an.
1595 1669 1737 1716 1787.

275 1741 408 1788 iidem
449 1751 684 1799 auctores,
722 1743 799 1807 qui
836 1752 1049 1790 steterunt
1086 1760 1167 1807 pro
1200 1741 1478 1806 legitimitate
1519 1743 1740 1797 eiusmodi

275 1818 575 1880 coniugiorum
600 1829 698 1865 ante
731 1818 868 1866 huius
901 1819 1035 1866 edicti
1069 1819 1414 1876 revocationem,
1443 1819 1535 1867 fere
1557 1811 1740 1869 consen-

276 1893 390 1939 tiunt
412 1894 456 1939 in
480 1894 639 1941 iisdem
669 1895 933 1960 respuendis
967 1905 1193 1961 tamquam
1225 1895 1365 1943 irritis
1390 1906 1491 1960 post
1513 1895 1645 1944 edicti
1671 1914 1741 1945 re-

276 1970 564 2017 vocationem.
605 1971 740 2019 Cuius
774 1971 1036 2020 assertionis
1070 1982 1292 2020 momenta
1323 1972 1566 2037 praecipua
1598 1984 1705 2022 sunt
1725 2012 1736 2031 ‚

277 2045 396 2108 quod
430 2062 529 2092 cum
562 2047 770 2095 haeretici
805 2066 892 2096 non
928 2048 1123 2113 amplius
1168 2048 1416 2096 fruerentur
1449 2048 1568 2097 civili
1602 2059 1736 2108 statu,

278 2119 467 2167 subiecti
502 2133 624 2168 erant
656 2123 745 2170 illis
779 2124 995 2189 paroeciis
1021 2124 1067 2170 in
1091 2123 1255 2189 quibus
1279 2124 1590 2182 morabantur,
1618 2124 1742 2174 ideo·

277 2212 364 2259 que
402 2196 457 2242 ad
493 2196 674 2244 sormam
710 2200 971 2247 servandam
1005 2200 1288 2248 tridentinam
1322 2200 1736 2265 adstringebantur,

277 2288 385 2321 cum,
413 2271 458 2317 in
493 2271 582 2318 illis
616 2274 790 2320 concilii
825 2275 1049 2323 decretum
1083 2276 1356 2341 publicatum
1402 2276 1573 2331 fuisset.
1612 2276 1741 2333 Quod

278 2346 317 2392 si
353 2345 518 2393 alicubi
554 2348 733 2411 nuptiae
756 2348 882 2396 aliter
905 2369 1038 2416 quam
1064 2352 1185 2399 iuxta
1208 2352 1524 2417 praescriptam
1554 2352 1741 2401 formam

278 2421 411 2469 initae
445 2422 503 2470 ab
534 2422 770 2471 haereticis
805 2424 1022 2484 fuissent,
1062 2445 1161 2475 cum
1196 2427 1252 2475 ad
1287 2426 1522 2475 ecclesiam
1555 2427 1742 2477 catholi-

371 2617 438 2657 (25)
458 2618 508 2649 lta
529 2617 654 2650 collat.
671 2620 783 2651 Paris.
799 2620 878 2651 tom.
894 2621 950 2652 111.
967 2621 1024 2654 lib.
1035 2623 1090 2654 lx.
1107 2622 1194 2655 conf,
1211 2627 1241 2655 1.
1255 2621 1286 2663 §.
1303 2626 1334 2655 5.
1348 2629 1420 2662 pag.
1438 2624 1515 2654 208.·
1528 2619 1655 2653 collat.
1674 2621 1742 2653 An·

276 2667 398 2709 deqav.
410 2670 466 2701 VI.
484 2670 569 2702 conf.
585 2671 673 2711 Sept.
692 2674 782 2704 1724.
801 2677 831 2704 2.
845 2674 950 2713 quest.
965 2682 1038 2715 pag.
1053 2680 1125 2708 213.
1141 2676 1276 2716 eiusque
1295 2674 1501 2707 continuator
1515 2675 1596 2706 tom.
1610 2674 1667 2708 lx.
1687 2673 1738 2709 bis

277 2729 350 2761 pag.
367 2723 436 2754 354.
454 2722 591 2755 Bouniol
605 2725 656 2755 La
668 2725 752 2755 vota:
765 2723 814 2756 du
831 2726 911 2756 vrat
925 2728 1080 2766 patricie
1098 2736 1131 2767 p.
1149 2730 1219 2760 172.
1233 2727 1368 2759 luvenin
1382 2728 1433 2759 De
1445 2734 1595 2759 sacram.
1609 2727 1687 2759 diss.
1698 2730 1737 2759 X.

276 2781 310 2813 q.
325 2774 366 2806 V.
378 2775 474 2808 c.1V.
486 2783 518 2814 p.
537 2778 585 2807 13.
598 2776 668 2807 Van
684 2777 788 2816 Espen
803 2777 905 2816 p.Iu.
917 2777 1048 2810 1ἰ1.Χ[Ι.
1066 2787 1096 2810 c.
1113 2781 1153 2811 V.
1171 2777 1357 2811 ize-ohad
1377 2778 1494 2811 Traite
1505 2777 1564 2811 des
1581 2778 1743 2819 benefices

275 2826 354 2858 tom.
368 2827 438 2859 VII.
455 2835 487 2868 p.
507 2830 577 2860 175.
592 2827 676 2869 apud
697 2828 842 2861 cari-iere
860 2837 914 2870 op.
931 2830 986 2863 cit.
1003 2832 1082 2864 tom.
1102 2833 1146 2864 11.
1160 2841 1194 2863 n.
1213 2836 1305 2865 ¹228.
