1980 3260
376 223 465 268 112
692 233 772 264 Lm.
800 233 848 264 11.
876 232 989 264 sacr.
1019 232 1048 263 1.
1078 231 1130 262 ni:
1155 230 1320 262 rorasr.
1349 232 1516 264 accras.

468 311 728 359 Benedictus
761 310 869 356 XIV.
909 321 1144 372 antequam
1185 307 1453 371 pullularent
1489 319 1552 357 tot
1590 313 1832 360 novitatum

373 405 566 452 aucupes
590 397 723 451 atque
750 386 1022 450 apostolicae
1045 384 1166 432 sedis
1190 384 1457 432 detractores
1482 385 1528 431 in
1552 386 1836 436 celeberrimo

373 481 505 528 opere
537 464 598 509 De
630 462 792 527 synodo
827 462 1078 508 dioecesana
1104 460 1182 507 lib.
1218 461 1292 506 IX.
1331 478 1430 525 cap.
1467 462 1522 508 ll.
1555 463 1839 517 totam'2hnnc

372 540 676 604 quaestionem
701 538 866 585 iamdiu
896 538 1193 602 expenderat,
1232 537 1500 602 reiectisque
1530 538 1839 589 nonnullum

371 615 597 662 doctorum
637 612 953 677 apparentibus
994 612 1244 659 rationibus
1280 612 1447 676 quibus
1474 613 1843 677 persuadere‘ad·

373 690 461 737 nisi
499 699 651 744 erant,
679 688 725 738 in
760 687 986 752 aliquibus
1021 687 1200 735 casibus
1245 704 1379 751 posse
1414 688 1650 753 episcopos
1684 689 1730 737 in
1762 706 1844 753 pu-

372 766 488 812 blico
520 763 836 828 impedimento
873 763 1096 818 relaxare,
1135 773 1299 810 sartam
1324 773 1574 828 tectamque
1608 772 1845 830 rom.p01k-

374 841 482 889 tifici
526 841 643 888 hanc
676 840 926 888 removendi
973 839 1290 904 impedimenta
1323 850 1583 904 potestatem
1623 840 1841 896 asseruit,

373 916 686 980 concluditque
714 915 879 962 monito
908 915 1187 962 Cabassutii:
1224 935 1246 959 «
1264 916 1379 962 Sane
1411 915 1600 965 istaeab
1622 915 1847 980 episcopis

373 1009 612 1042 concessae
645 991 1004 1055 dispensationes
1028 1008 1108 1054 pro
1143 991 1460 1039 contrahendis
1493 991 1740 1054 coniugiis,
1770 1003 1847 1039 aut

374 1068 621 1116 nullitatem
656 1078 733 1115 aut
761 1068 1114 1116 incertitudinem
1144 1078 1331 1114 causant
1355 1068 1636 1116 sacramentia
1654 1068 1720 1135 At
1740 1085 1845 1117 vero

371 1145 417 1191 in
441 1163 488 1192 re
513 1145 855 1192 sacramentaria
877 1144 1110 1191 unanimes
1137 1143 1296 1191 docent
1319 1142 1535 1205 theologi,
1558 1150 1648 1190 non
1672 1144 1847 1192 esso-liu

375 1221 513 1269 citum
541 1220 787 1285 quidquam
811 1220 967 1286 incerti
995 1219 1233 1275 adhibere,
1261 1236 1313 1266 eo
1338 1229 1459 1267 certo
1482 1219 1847 1283 mediopraeteri-

376 1297 544 1353 misso,
581 1296 701 1360 quod
737 1295 937 1343 adhiberi
974 1295 1145 1360 possit.⁴
1173 1295 1317 1359 Atque
1354 1295 1415 1342 ita
1447 1295 1627 1343 licentia
1659 1295 1846 1360 istazvel

376 1372 589 1420 nefariam
623 1372 792 1419 inducit
827 1371 1090 1419 sacramenti
1116 1371 1364 1420 nullitatem
1383 1409 1394 1427 ,
1424 1381 1500 1418 aut
1522 1371 1580 1419 ad
1604 1389 1845 1427 summum,

379 1447 538 1495 tutiore
562 1446 695 1494 simul
719 1457 762 1494 et
786 1447 1086 1510 probabiliore
1111 1447 1322 1511 opinione
1349 1448 1512 1495 reiecta
1527 1485 1539 1504 ‚
1572 1448 1850 1512 minuspro-

379 1522 606 1579 hahilem,
645 1540 727 1570 nec
760 1531 930 1579 tutam,
967 1523 1012 1571 in
1048 1523 1401 1573 tanti-momenti
1431 1530 1848 1572 εθοιειιιιθιιίσοοιιω

378 1609 574 1646 sectatur
608 1598 930 1662 opinionem.»

474 1675 556 1721 His
590 1675 795 1722 omnibus
823 1675 1095 1739 praeiverat
1106 1676 1210 1722 Pius
1244 1676 1312 1721 lv
1349 1693 1451 1723 cum
1483 1676 1603 1722 enim
1638 1675 1705 1722 ad
1717 1675 1849 1723 hunc

377 1750 629 1814 pontificem
664 1751 888 1815 principes
918 1762 962 1799 et
989 1751 1202 1799 electores
1230 1750 1491 1798 Germaniae
1512 1751 1669 1806 varia,
1708 1756 1771 1798 ut
1768 1750 1849 1798 ἀι·-

377 1825 558 1881 cebant‚
597 1826 856 1888 gravamina
895 1827 1193 1883 detulissent,
1232 1827 1347 1874 inter
1385 1827 1496 1878 haee
1536 1836 1851 1890 recensuerant

378 1919 555 1965 quoque
601 1900 957 1966 dispensationes
1002 1912 1182 1949 sanctae
1221 1901 1324 1948 Sedi
1351 1911 1646 1956 reservatas„
1684 1901 1850 1965 quibus

379 1994 580 2025 summus
614 1977 812 2040 pontifex
848 1977 1077 2041 respondit
1114 1967 1456 2025 «iniustissima
1494 1979 1844 2041 (eusypeteres

379 2069 482 2098 nam
508 2051 585 2098 ubi
609 2043 934 2117 archiepiscopi
959 2064 1035 2101 aut
1055 2053 1257 2117 episcopi
1281 2062 1539 2117 potestatem
1564 2051 1852 2102 habeautssdi-

381 2127 626 2191 spensandi
660 2128 704 2173 in
728 2128 800 2175 his
819 2167 829 2185 ,
866 2147 983 2194 quae
1006 2129 1052 2175 in
1072 2129 1210 2177 huius
1240 2146 1279 2177 s.
1303 2128 1434 2177 ⁴Sedis
1459 2127 1852 2178 auctoritatatem-

381 2203 534 2250 stituta
571 2213 700 2258 sunt,
747 2203 830 2250 hoc
874 2215 942 2251 est
966 2205 1210 2257 *inferiores
1249 2215 1307 2253 et«
1338 2202 1504 2251 subditi
1538 2202 1853 2264 :indagasti-

381 2279 608 2363 periei-‚um
630 2296 810 2325 suorum
832 2317 842 2335 ‚
883 2281 967 2327 nisi
1001 2281 1077 2328 ubi
1103 2281 1169 2328 eis
1202 2281 1290 2329 hoe
1316 2278 1848 2345 'expressmpermittitun

379 2355 500 2403 omni
524 2355 637 2411 iuri,
671 2355 880 2419 omnique
907 2357 1062 2404 rationi
1087 2357 1366 2407 contrarium
1387 2373 1488 2408 esse
1503 2354 1849 2411 „indubitatum

375 2443 449 2479 est
479 2434 598 2493 (59).
627 2451 650 2479 »
1260 2479 1262 2481 ,
1343 2474 1347 2480 ,
1410 2476 1413 2480 .

462 2507 587 2557 Cum
613 2507 747 2569 igitur
780 2524 833 2554 ex
869 2507 1015 2555 allatis
1040 2519 1131 2556 tum
1168 2508 1469 2593 argumentis,
1492 2517 1583 2554 tum
1612 2476 1858 2558 documen-

382 2585 438 2631 tis
472 2582 755 2648 apertissime
794 2594 964 2634 constet
998 2584 1091 2632 sive
1124 2585 1246 2649 ipsa
1258 2584 1333 2637 rei
1343 2600 1450 2648 qua
1483 2582 1542 2632 ‚de
1573 2581 1722 2645 agitur·
1750 2596 1854 2644 spe-

429 2759 431 2762 ⁴
473 2731 539 2772 (59)
569 2733 640 2764 Hoc
665 2731 715 2765 Pii
732 2733 787 2764 lv.
805 2740 993 2772 responsum
1021 2734 1113 2772 urget
1128 2733 1204 2764 Pius
1220 2711 1280 2764 ¹VI.
1303 2708 1500 2769 iirlafudam
1519 2710 1618 2763 „brevi
1644 2727 1688 2760 ad
1702 2703 1856 2767 fachiep.

382 2783 619 2829 coloniensem,
645 2792 685 2817 ac
710 2783 868 2825 reperitur
894 2783 982 2824 apud
1007 2784 1210 2824 Raynaldum
1237 2783 1498 2821 continuatorem
1519 2781 1628 2814 annal.
1654 2779 1782 2817 Batonii
1800 2777 1856 2817 ,ad

379 2845 430 2868 an.
453 2841 540 2869 1563.
559 2846 592 2869 ιι.
611 2840 660 2870 44.
679 2836 731 2869 ed.
750 2838 885 2870 Lucens.
907 2839 993 2868 1756.
1012 2837 1090 2868 tom.
1109 2838 1178 2868 XV.
1196 2845 1268 2877 pag.
1291 2839 1374 2867 371..
