1980 3260
261 242 351 277 cAP.
370 244 444 277 vn.
460 245 512 277 DE
530 244 800 279 MATR.1NF11).
812 243 896 278 CUM
913 242 1047 277 mom..
1066 243 1145 276 VEL
1163 243 1247 276 INT.
1264 243 1327 277 SE.
1350 242 1444 276 ΛΒΤ.
1460 242 1506 276 11.
1570 227 1661 275 329

293 321 402 369 Item
438 339 465 370 a
498 322 585 371 vic.
623 322 868 388 apostolico
901 322 1020 370 Siam
1056 321 1310 385 provinciae
1349 319 1546 369 sinensis
1587 336 1660 367 an.

196 396 339 443 1854.
362 400 593 462 proposita
626 398 803 446 fuerunt
837 398 947 445 haec
981 396 1118 445 dubia
1150 413 1242 445 sac.
1275 413 1480 460 congreg.
1515 413 1555 444 s.
1583 393 1668 446 off.-

194 489 355 538 nempe
389 475 434 520 1.
457 474 610 522 Utrum
643 474 838 540 pontifex
872 474 1135 539 dispensare
1167 473 1309 539 possit
1331 473 1388 521 ab
1412 471 1669 538 interpella-

196 549 316 598 tione
339 549 559 607 infidelis,
582 561 727 598 stante
748 552 880 615 qravi
906 550 1356 615 difficultate.-Resp.
1377 549 1662 615 Affirmative.

195 627 241 673 2.
271 626 424 674 Utrum
449 626 703 692 neophytus
728 626 814 675 hoc
837 626 882 673 in
907 643 1015 675 casu
1038 627 1182 693 possit
1204 626 1466 675 contrahere
1489 625 1668 690 nuptias

193 718 295 749 cum
334 701 533 749 secunda
574 719 712 750 uxore
744 702 892 750 adhuc
935 720 1109 768 pagana
1127 741 1137 760 ,
1175 703 1399 751 mediante
1431 702 1668 768 dispensa-

193 776 314 824 tione
346 776 405 824 ab
439 777 758 841 impedimento
791 779 1068 843 disparitatis
1103 778 1282 827 cultus?
1312 778 1411 834 Qua
1443 778 1490 826 in
1524 778 1668 844 hypo-

191 851 338 910 thesi,
387 853 595 917 quamvis
637 853 730 900 nati
765 853 845 900 filii
886 870 974 901 non
1016 853 1204 910 fuerint,
1242 853 1282 901 si
1316 853 1515 901 secunda
1558 870 1669 902 uxor

190 945 317 995 spem
340 928 526 993 praebet
547 928 725 977 futurae
742 929 1068 987 conversionis,
1091 929 1345 995 quaesitum
1368 929 1557 979 ulterius
1580 939 1665 986 est,

190 1021 251 1054 an
280 1005 427 1071 possit
459 1005 582 1053 illam
615 1005 786 1071 pariter
817 1006 1033 1063 retinere,
1061 1006 1167 1054 data
1189 1005 1527 1071 dispensatione
1549 1022 1577 1053 a
1599 1005 1669 1052 di-

190 1081 405 1148 sparitate
427 1081 590 1131 cultus.
618 1082 806 1130 Demum
836 1082 876 1131 si
911 1081 1111 1131 secunda
1140 1098 1253 1130 uxor
1278 1081 1532 1131 consentiat
1565 1097 1671 1130 con-

190 1158 409 1216 versioni,
437 1158 548 1207 satis
572 1175 629 1206 ne
652 1158 736 1207 erit
757 1158 986 1224 neophyto
1002 1156 1289 1223 interpellare
1306 1157 1497 1224 primam
1521 1156 1672 1206 coniu-

190 1251 318 1300 gem:
346 1252 405 1284 an
425 1235 532 1283 velit
554 1233 960 1301 convertiP-Resp.
989 1234 1079 1285 iam
1102 1234 1330 1301 provisum
1348 1251 1429 1301 per
1445 1233 1671 1300 synodum

190 1311 837 1379 sutchuensem-Affirmative.

288 1389 346 1436 11.
384 1388 596 1437 Dubium.
638 1389 876 1446 Quaeritur
908 1390 954 1436 1.
997 1405 1055 1438 an
1100 1388 1198 1436 eius
1239 1387 1429 1436 maritus
1471 1396 1671 1435 teneatur

192 1480 294 1513 eam
334 1464 553 1513 redimere
586 1482 613 1513 a
653 1464 935 1531 captivitate,
981 1464 1158 1513 etiamsi
1199 1463 1429 1511 divendita
1469 1462 1527 1511 ab
1566 1462 1669 1511 aliis

193 1539 350 1599 suerit,
387 1558 457 1589 ex.
496 1558 563 1605 gr.
604 1540 662 1590 ab
696 1540 820 1589 illius
855 1540 1141 1607 parentibus,
1178 1550 1256 1589 aut
1288 1557 1316 1587 a
1348 1539 1545 1588 secundo
1574 1556 1670 1588 ma-

191 1617 301 1675 rito,
340 1617 418 1683 qui
451 1635 550 1666 eam
585 1616 869 1683 repudiavit?
893 1618 1027 1683 Resp.
1049 1637 1071 1663 (ι
1086 1617 1350 1683 Affirmative
1372 1616 1412 1664 si
1436 1625 1597 1682 potest,
1622 1614 1669 1662 id

191 1703 261 1742 est
294 1693 432 1743 teneri
467 1693 685 1742 redimere
717 1694 964 1759 legitimam
986 1710 1169 1742 uxorem
1199 1692 1421 1741 volentem
1444 1692 1664 1749 converti,

190 1779 267 1819 aut
300 1770 458 1818 saltem
491 1770 746 1819 cohabitare
781 1772 881 1819 sine
917 1770 1190 1819 contumelia
1222 1769 1500 1818 Creatoris.»

290 1846 453 1903 Quaer.
494 1848 539 1894 2.
578 1847 625 1893 Si
658 1846 910 1913 neophytus
945 1847 1073 1894 duxit
1112 1845 1356 1895 secundam
1395 1861 1578 1893 uxorem
1616 1861 1670 1892 ex

191 1940 282 1988 qua
314 1923 432 1971 filios
467 1923 739 1989 procreavit,
780 1923 820 1971 si
855 1923 967 1970 haec
1000 1922 1253 1971 consentiat
1286 1921 1419 1969 fidem
1462 1920 1670 1970 christia-

192 2017 300 2048 num
333 2000 564 2065 amplecti,
602 2011 680 2049 aut
712 2000 970 2049 cohabitare
1003 1999 1217 2065 pacifice,
1265 1998 1426 2064 poterit
1467 2014 1524 2045 ne
1568 1997 1668 2062 ipse

195 2093 294 2124 eam
340 2077 550 2134 retinere,
596 2088 799 2125 renovato
833 2095 1066 2133 consensu,
1105 2086 1145 2123 et
1178 2075 1283 2123 data
1322 2075 1664 2139 dispensatione,

193 2155 236 2202 si
265 2155 400 2219 suerit
432 2154 708 2202 necessaria?
730 2156 864 2220 Resp.
904 2172 983 2220 per
1015 2154 1318 2202 istructionem
1342 2170 1415 2200 an.
1445 2152 1587 2200 1854.
1616 2169 1669 2200 ex

195 2230 369 2296 synodo
403 2230 664 2278 sutchuensi
690 2248 789 2296 cap.
820 2232 894 2277 IX.
922 2232 970 2295 §.
998 2231 1091 2277 Vll.
1120 2230 1197 2277 ubi
1221 2229 1337 2277 inter
1358 2238 1505 2276 cetera
1528 2228 1669 2277 adno-

195 2316 334 2362 tatur,
372 2316 474 2372 post
506 2307 888 2371 dispensationem
932 2307 990 2355 ab
1028 2307 1345 2372 impedimento
1391 2306 1667 2372 disparitatis

195 2383 342 2432 cultus
376 2401 463 2431 non
499 2401 635 2448 posse
658 2384 853 2448 amplius
877 2384 969 2433 ullo
993 2384 1039 2431 in
1064 2400 1171 2432 casu
1194 2383 1525 2432 matrimonium
1555 2382 1667 2430 solvi

195 2460 344 2524 quoad
376 2460 628 2517 vinculum,
669 2460 749 2508 sed
784 2460 929 2508 solum
963 2460 1112 2525 quoad
1149 2470 1316 2517 torum,
1360 2459 1467 2525 quia
1504 2459 1667 2505 sactum

195 2546 265 2584 est
298 2536 614 2585 indissolubile
649 2537 695 2584 in
730 2538 924 2586 favorem
959 2537 1086 2595 fidei,
1125 2547 1168 2585 et
1202 2536 1348 2585 fidelis
1378 2535 1517 2601 partis
1546 2536 1663 2597 (55).

291 2701 358 2744 (55)
378 2703 528 2744 synodus
548 2704 754 2737 sutchuensis
770 2704 948 2746 approbata
962 2713 1015 2738 an.
1037 2709 1126 2738 1822.
1143 2706 1275 2738 extensa
1293 2702 1355 2735 suit
1373 2710 1426 2734 an.
1447 2705 1536 2734 183³.
1548 2700 1591 2733 ad
1608 2700 1667 2734 Im·

194 2754 321 2796 perium
347 2756 490 2797 sinouse,
514 2765 553 2790 ac
580 2766 677 2799 regna
706 2758 888 2791 adiacentia
907 2767 965 2800 per
982 2759 1179 2801 encyclicam
1200 2758 1311 2790 datam
1333 2755 1464 2787 vicariis
1484 2754 1670 2795 apostolicis

196 2808 248 2840 his
266 2808 387 2841 verbis:
404 2811 512 2842 «cum
528 2811 690 2844 sanctitas
705 2820 764 2844 sua
779 2812 966 2853 probaverit
979 2814 1012 2845 et
1027 2813 1144 2854 exequi
1164 2810 1293 2844 iusserit
1310 2809 1476 2842 decretum
1492 2815 1558 2840 sac.
1572 2807 1669 2840 huius

197 2862 452 2903 congregationis
470 2863 535 2904 (de
547 2865 749 2907 prop.s1de),
763 2874 830 2907 quo
842 2866 956 2907 synodi
978 2865 1183 2899 sutchuensis
1202 2864 1276 2897 anni
1302 2867 1391 2896 1803.
1409 2869 1548 2895 canonos
1565 2862 1597 2895 et
1614 2861 1667 2894 de·
