1980 3260
374 254 462 285 cn.
494 254 522 284 1.
553 251 649 283 GEN.
680 251 772 283 imm
809 249 971 282 Potsssr.
1003 247 1167 281 scetes.
1198 250 1290 282 ΛΒΤ.
1321 249 1382 281 111.
1556 235 1614 279 25

150 331 368 387 humana,
393 332 481 378 imo
500 347 644 395 neque
663 330 708 375 in
726 328 860 376 veteri
882 327 979 390 lege
1001 326 1170 384 divina,
1195 339 1240 375 at
1258 328 1401 375 solum
1421 328 1466 374 in
1485 344 1619 375 evan-

153 407 294 471 gelica
323 406 661 472 perpetuitatem
683 403 804 449 illam
834 402 1080 466 reperimus
1104 401 1149 448 in
1175 403 1477 461 matrimonio,
1505 421 1620 470 quae

151 482 399 530 adstruitur
428 481 482 527 et
503 488 704 526 servatur
740 477 785 523 in
818 476 1007 524 ecclesia
1045 476 1242 535 Christi,
1277 495 1330 525 eo
1365 479 1467 543 ipso
1500 479 1619 544 quod

150 558 338 606 ecclesia
366 567 589 620 tamquam
615 571 768 601 verum
799 553 1115 618 propriumque
1143 563 1469 601 sacramentum
1509 553 1620 602 fide-

150 634 256 683 lium
275 649 459 680 suorum
479 631 730 694 coniugium
753 629 956 677 habuerit
972 629 1166 677 reserens
1185 640 1443 695 perpetuam
1455 630 1619 679 Christi

150 725 250 758 cum
268 707 468 754 'ecclesia
493 706 863 753 coniunctionem.
884 705 1011 760 Quod
1036 706 1074 751 si
1100 705 1324 753 vinculum
1342 705 1540 771 nuptiale
1562 706 1621 754 es·

152 786 290 832 fectus
323 781 608 829 immediatus
633 793 700 829 est
723 797 774 828 ac
801 798 872 828 res
900 782 1193 837 sacramenti,
1227 791 1347 845 patet
1372 781 1483 829 illud
1511 781 1620 830 nulli

149 858 376 907 subiacere
416 857 622 922 potestati
659 857 745 904 nisi
782 856 874 913 illi,
906 856 975 903 cui
1007 873 1032 902 a
1060 855 1236 903 Christo
1275 857 1515 904 commissa
1554 868 1622 906 est

149 932 412 981 sacramenti
448 932 591 997 ipsius
629 931 870 980 moderatio
905 942 1038 995 atque
1067 930 1423 988 administratio,
1463 949 1622 997 nempe

149 1007 376 1056 ecclesiae.
415 1007 529 1054 Hinc
558 1007 808 1054 videbimus
843 1023 869 1053 a
904 1006 1000 1053 sola
1029 1006 1218 1053 ecclesia
1253 1006 1509 1053 dirimentia
1544 1006 1622 1054 im-

149 1083 404 1149 pedimenta
432 1083 639 1131 constitui
665 1100 822 1148 posse;
847 1083 996 1147 ipsum
1021 1082 1291 1147 quandoque
1313 1082 1540 1130 vinculum
1564 1083 1621 1130 ab

149 1160 338 1209 ecclesia
374 1159 485 1208 solvi
517 1160 561 1206 in
591 1159 902 1216 matrimonio,
941 1176 1028 1207 non
1069 1159 1250 1224 quidem
1285 1169 1614 1216 consummato,

149 1237 271 1303 quod
310 1237 491 1285 omnino
519 1246 587 1284 est
615 1235 947 1293 indissolubile,
983 1235 1061 1283 sed
1092 1236 1137 1282 in
1172 1236 1454 1284 matrimonio
1487 1246 1615 1293 rato,

148 1312 206 1360 ob
240 1313 481 1361 solemnem
516 1313 750 1376 religiosae
772 1313 890 1360 vitae
913 1312 1235 1377 professionem
1251 1351 1261 1370 ,
1293 1323 1427 1378 atque
1451 1312 1541 1360 alia
1563 1312 1619 1360 ab

148 1388 337 1436 ecclesia
366 1400 594 1453 praeterea
621 1388 715 1436 fieri
748 1406 907 1454 posse,
947 1399 991 1436 et
1017 1389 1284 1446 facta,esse,
1321 1405 1436 1454 quae
1470 1389 1617 1453 ipsum

148 1464 375 1512 vinculum
411 1465 669 1530 respiciunt.

246 1541 432 1605 Insuper
462 1541 687 1589 vinculum
726 1542 956 1606 coniugale
979 1542 1035 1589 ob
1063 1542 1297 1608 mysticam
1331 1541 1618 1606 significatio·

150 1634 250 1664 nem
277 1635 412 1683 quam
441 1619 707 1684 praesefert,
747 1636 951 1684 quaeque
983 1619 1144 1682 iugiter
1177 1618 1423 1683 completur
1455 1635 1536 1683 per
1558 1617 1622 1664 le-

151 1693 354 1756 gitimum
388 1694 583 1757 coniugii
618 1712 749 1742 usum
787 1697 904 1758 (33),
932 1695 1088 1743 baberi
1116 1694 1273 1752 debet,
1302 1705 1352 1742 ut
1373 1712 1441 1741 res
1462 1711 1617 1749 sacra,

152 1809 206 1841 ubi
221 1809 361 1842 elevavit
380 1810 621 1843 matrimonium
637 1811 678 1844 ad
693 1821 762 1845 esse
777 1812 986 1853 sacramenti,
1003 1814 1035 1845 et
1049 1813 1085 1844 ut
1099 1812 1352 1853 repraesentaret
1366 1809 1627 1844 indissolubilem

152 1862 276 1895 Christi
292 1871 348 1904 per
362 1872 490 1896 carnem
507 1873 582 1896 cum
598 1865 733 1897 ecclesia
751 1865 935 1898 unionem.»
947 1865 1019 1897 Lib.
1038 1866 1078 1897 li.
1097 1867 1147 1897 De
1161 1865 1315 1897 matrim.
1333 1863 1416 1905 disp.
1434 1867 1484 1897 1³.
1501 1865 1623 1896 Verum

149 1915 190 1947 da
203 1915 266 1948 1100
278 1918 467 1957 argumento
483 1917 610 1958 plenius
625 1927 756 1959 agemus
771 1918 874 1951 10111).
890 1920 947 1950 111.

175 1977 179 1980 ‘
247 1968 313 2009 (³³)
336 1969 426 2002 Licet
445 1970 585 2011 theologi
607 1979 719 2004 omnes
738 1970 875 2003 doceant
887 1970 929 2003 ad
945 1971 1116 2003 essentiam
1132 1970 1330 2003 matrimonii
1352 1969 1499 2002 sufficere
1519 1970 1626 2002 solum

151 2019 413 2053 contrahentium
441 2030 634 2055 consensum
658 2022 765 2055 verbis
780 2022 821 2055 de
839 2023 998 2064 praesenti
1023 2023 1188 2064 utrimque
1207 2029 1412 2064 expressum,
1426 2021 1568 2054 fatentur
1578 2022 1626 2054 ta—

151 2080 224 2105 men
245 2072 391 2106 eiusdem
413 2075 725 2108 consummationem
741 2076 887 2108 conterre
899 2076 940 2108 ad
955 2076 1132 2117 pleniorem
1146 2075 1412 2117 significationem
1426 2074 1626 2108 coniunctio·

153 2126 202 2157 nis
218 2125 338 2158 Christi
351 2134 426 2159 cum
442 2128 575 2160 ecclesia
588 2128 630 2160 ob
646 2130 780 2160 naturae
794 2129 1065 2161 conformitatem.
1079 2129 1163 2161 Hinc
1177 2127 1342 2161 communi
1357 2128 1483 2160 calculo
1495 2127 1629 2160 tradunt

152 2177 355 2219 scholasssci,
370 2180 614 2213 matrimonium
631 2181 785 2222 dignitate
801 2181 908 2214 minus
924 2180 1056 2223 quidem
1070 2189 1140 2214 esse
1153 2181 1270 2214 ceteris
1289 2179 1515 2221 sacramentis,
1530 2177 1626 2222 signi-

154 2230 303 2263 ficatione
323 2231 431 2264 tamen
454 2232 529 2264 aliis
551 2235 724 2274 praestare.
743 2235 949 2275 Quapropter
963 2234 996 2266 10
1011 2228 1260 2267 commentariis
1272 2233 1307 2266 in
1319 2233 1395 2266 dist.
1411 2238 1464 2266 26.
1476 2232 1553 2265 libri
1570 2234 1626 2266 lv.

157 2285 300 2316 sentent.
317 2286 477 2325 quaerunt
492 2286 601 2318 utrum
616 2287 755 2318 carnalis
770 2287 958 2319 commixtio
969 2287 1011 2320 sit
1022 2286 1063 2320 de
1074 2287 1258 2328 integritate
1270 2286 1481 2327 matrimonii,
1493 2293 1629 2327 eamque

154 2337 376 2377 quaestionem
397 2338 562 2370 resolvunt
586 2339 789 2372 affirmative.
803 2339 903 2372 Nobis
926 2340 1004 2372 satis
1029 2340 1072 2373 sit
1101 2339 1342 2373 conclusionem
1359 2339 1475 2372 afferre
1487 2348 1514 2372 s.
1526 2340 1627 2372 Bona·

153 2390 308 2423 venturae
324 2390 357 2423 in
373 2391 429 2423 cit.
445 2392 526 2423 Dist.
546 2397 575 2424 2.
593 2397 623 2425 3.
642 2393 785 2434 «Copula
803 2393 942 2426 carnalis
956 2402 1020 2426 non
1039 2394 1089 2426 est
1102 2393 1143 2426 de
1155 2394 1339 2435 integritate
1354 2392 1546 2426 sacramenti
1561 2400 1627 2424 ma·

154 2442 298 2476 trimonii
309 2468 321 2486 ,
335 2446 509 2486 quantum
522 2445 569 2477 ad
588 2454 657 2478 esse
677 2448 901 2486 necessitatis,
910 2437 972 2480 sed
983 2447 1097 2479 solum
1110 2448 1284 2489 quantum
1296 2446 1343 2479 ad
1358 2454 1429 2479 esse
1442 2444 1631 2487 completio-

152 2497 220 2528 nis.
235 2497 272 2528 10
285 2497 494 2531 matrimonio
510 2498 756 2532 considerantur
769 2499 848 2533 haec
860 2500 923 2533 tria
934 2525 944 2541 ,
960 2500 1084 2533 scilicet
1098 2500 1227 2542 signum
1236 2525 1246 2541 ,
1262 2500 1419 2540 officium,
1434 2497 1626 2532 remedium.

154 2549 319 2585 Quantum
333 2549 373 2582 ad
389 2549 676 2592 significationem,
700 2551 872 2584 dicendum
890 2552 978 2594 quod
1000 2552 1118 2594 duplex
1138 2553 1190 2585 est
1203 2552 1273 2585 eius
1286 2551 1495 2594 significatio:
1511 2548 1631 2593 signiti-

151 2602 205 2634 cat
227 2602 313 2635 enim
334 2604 594 2638 coniunctionem
613 2605 734 2638 Christi
762 2607 796 2639 et
817 2606 970 2639 ecclesiae
996 2615 1052 2648 per
1081 2606 1288 2639 charitatem:
1312 2607 1345 2638 01
1370 2605 1629 2638 coniunctionem

153 2655 339 2688 eorumdem
353 2666 411 2699 per
424 2659 558 2692 naturae
573 2659 1039 2692 conformitatem....Primum
1053 2659 1153 2701 igitur
1167 2660 1343 2701 signatum,
1353 2660 1386 2691 et
1401 2657 1543 2700 primum
1561 2656 1631 2690 offi-

151 2707 442 2752 cium‚etprimum
456 2712 634 2744 remedium
647 2713 766 2745 suntin
777 2714 979 2746 sacramento
990 2712 1192 2745 matrimonii
1205 2713 1364 2754 quantum
1377 2710 1417 2743 ad
1431 2710 1631 2743 coniunctio·

152 2768 227 2793 0010
248 2761 443 2796 animorum.
467 2764 651 2798 Secundum
676 2766 725 2798 est
750 2765 856 2798 solum
879 2766 1039 2807 quantum
1053 2765 1094 2798 ad
1108 2764 1372 2798 coniunctionem
1389 2770 1574 2805 corporum.
1592 2762 1633 2794 Et

151 2812 293 2852 primum
308 2816 358 2847 est
372 2814 413 2848 de
428 2815 610 2849 substantia
625 2816 822 2850 matrimonii
839 2819 1013 2860 quantum
1034 2817 1082 2850 ad
1107 2825 1179 2850 esse
1197 2817 1441 2849 necessarium.
1452 2812 1636 2848 secundum

154 2868 327 2906 quantum
345 2868 392 2900 nd
411 2877 482 2902 esse
496 2869 676 2911 plenum.»
