1980 3260
250 238 340 274 CAP.
358 242 417 274 Vl.
436 242 488 273 DE
506 241 629 274 MATR.
645 241 822 273 HAERET.
838 240 921 274 ῙΝΤ.
938 241 986 273 SE
1002 241 1082 273 vm.
1099 239 1182 273 CUM
1197 239 1319 273 cun.
1337 240 1429 272 Aur.
1449 239 1490 271 V.
1559 220 1653 270 285

184 319 462 367 matrimonia
478 319 631 367 incunt
649 319 694 365 in
713 319 832 367 Sinis
850 335 998 367 coram
1022 317 1280 366 christianis
1299 327 1493 375 tantum,
1515 331 1654 381 quum

184 413 466 460 nequaquam
504 394 744 442 tridentina
776 394 846 442 lex
878 394 1103 460 publicata
1137 393 1303 442 ibidem
1338 394 1470 441 suerit
1500 393 1651 456 (191).

184 470 299 519 Hinc
330 488 435 519 vera
468 487 569 518 esse
603 470 905 527 matrimonia,
935 470 1125 535 ideoque
1158 468 1510 524 indissolubilia,
1540 483 1658 533 quac

184 547 230 593 in
247 547 357 595 locis
376 547 576 611 ipsorum
602 546 922 594 contrahuntur
940 546 1034 594 solo
1052 546 1405 594 contrahentium
1434 561 1658 594 consensu

182 622 241 670 ab
275 639 348 670 an.
382 624 524 668 1563.
557 621 828 669 declaratum
863 622 945 669 suit
967 660 977 679 ,
1015 632 1058 670 et
1092 623 1263 670 etiamsi
1294 621 1575 686 promulqata
1607 636 1659 667 ea

185 699 256 746 lex
283 699 393 763 foret
411 734 424 753 ,
458 698 601 744 valere
632 707 772 744 tamen
805 699 1082 745 matrimonia
1115 699 1162 745 in
1191 698 1440 765 praesentia
1472 696 1655 743 duorum

183 774 353 821 testium
395 782 563 820 tantum
600 773 775 837 quoties
809 773 855 819 in
890 773 1000 821 locis
1018 811 1028 831 ‚
1071 773 1149 821 ubi
1184 772 1515 821 matrimonium
1549 788 1655 820 con-

182 848 371 897 trahitur
391 848 461 896 vel
491 848 538 895 in
559 848 707 896 vicino
731 848 788 895 ad
812 866 945 913 quem
968 849 1120 897 accedi
1144 850 1242 897 sine
1264 849 1460 914 periculo
1485 847 1655 913 possit,

182 937 226 975 et
258 925 479 991 parochus
506 925 576 974 vel
602 925 718 973 alius
749 925 958 974 sacerdos
986 925 1202 974 secularis
1224 925 1294 974 vel
1317 925 1535 989 regularis
1569 940 1658 972 non

182 1002 342 1051 existat
363 1001 420 1049 ab
444 1001 655 1067 episcopo
678 1001 915 1067 deputatus
934 1038 944 1058 ,
978 1000 1091 1048 haec
1124 1000 1291 1065 pariter
1319 999 1565 1065 apostolica
1588 1016 1661 1047 se-

183 1079 265 1127 des
299 1078 468 1145 pluries
502 1078 769 1142 interrogata
799 1077 1031 1142 respondit
1052 1078 1235 1140 (192).»
1252 1077 1307 1124 Et
1334 1077 1517 1124 iterum:
1538 1075 1661 1124 «Ca-

185 1166 287 1204 veat
314 1154 539 1218 (vicarius
569 1153 838 1220 apostolicus
858 1153 1081 1201 Tunchini
1099 1152 1355 1216 orientalis)
1384 1152 1503 1218 quod
1526 1152 1660 1201 etiam

185 1232 231 1278 in
273 1231 385 1280 locis
406 1269 416 1289 ,
456 1230 534 1278 ubi
567 1230 792 1278 decretum
830 1229 1005 1278 concilii
1041 1229 1144 1277 trid.
1182 1228 1456 1295 publicatum
1492 1239 1585 1287 est,
1621 1230 1664 1276 si

187 1317 325 1355 tamen
343 1317 521 1372 propter
542 1306 798 1354 distantiam
823 1307 1008 1354 locorum
1026 1306 1249 1372 parochus
1273 1306 1431 1354 haberi
1449 1322 1538 1354 non
1556 1322 1662 1372 pos-

184 1384 266 1442 sit,
295 1384 446 1432 valida
477 1394 570 1432 tum
605 1384 740 1431 etiam
774 1383 983 1431 habenda
1015 1400 1116 1432 esse
1149 1383 1430 1431 matrimonia
1453 1383 1574 1431 iuxta
1597 1399 1661 1430 re-

185 1460 450 1509 solutionem
478 1478 517 1509 s.
540 1460 617 1509 off.
641 1461 698 1509 ad
727 1461 814 1509 hoc
841 1461 1028 1509 dubium
1060 1463 1107 1509 in
1142 1462 1259 1510 notis
1288 1461 1661 1511 archivii...eius-

187 1555 274 1603 que
309 1537 560 1603 exemplum
596 1538 855 1586 transmittit
881 1540 1065 1602 (193).»

280 1614 468 1662 Demum
491 1613 593 1662 aliis
617 1614 799 1662 omissis
816 1652 826 1672 ,
856 1616 901 1661 1.
918 1615 1012 1662 Ian.
1040 1616 1181 1662 1683.
1207 1633 1298 1663 sac.
1321 1631 1530 1679 congreg.
1552 1631 1658 1663 con-

185 1690 277 1738 cilii
316 1691 421 1738 trid.
459 1691 702 1739 declaravit
734 1691 932 1739 «valere
966 1692 1294 1740 matrimonium
1334 1691 1659 1740 clandestinum

185 1768 231 1814 in
267 1767 501 1832 parochia,
540 1767 616 1815 ubi
641 1785 729 1815 non
754 1778 822 1816 est
845 1768 1173 1833 promulgatum
1197 1785 1323 1817 conc.
1345 1768 1658 1825 tridentinum,

186 1854 231 1892 et
262 1844 361 1892 ideo
396 1843 475 1892 illa
508 1844 658 1892 valida
692 1855 797 1892 sunt
828 1845 1107 1893 matrimonia
1150 1845 1472 1893 haereticorum
1512 1861 1660 1893 coram

187 1937 269 1968 suo
302 1920 526 1977 ministro,
567 1938 696 1969 secus
734 1921 773 1969 si
809 1921 1046 1969 concilium
1079 1921 1352 1987 publicatum
1386 1921 1543 1979 fuerit,
1573 1920 1662 1968 nis-i

187 1996 431 2044 celebretur
453 2013 599 2044 coram
625 1996 820 2062 parocho
850 1997 1083 2046 catholico.
1108 1997 1191 2045 Ubi
1216 2007 1361 2046 autem
1386 1996 1660 2062 publicatum

187 2083 255 2121 est
282 2090 406 2122 conc.
430 2073 743 2131 tridentinum,
781 2074 860 2122 sed
894 2091 983 2122 non
1019 2074 1077 2122 sit
1105 2074 1351 2140 parochus,
1379 2073 1449 2123 vel
1473 2073 1570 2122 eius
1593 2073 1662 2122 vi-

188 2166 446 2213 cesgerens,
475 2160 552 2197 aut
574 2149 633 2196 ad
662 2160 860 2197 neutrum
882 2152 940 2197 sit
963 2150 1189 2214 possibilis
1212 2167 1428 2206 accessu&
1458 2160 1563 2198 tunc
1584 2166 1663 2198 va-

188 2225 250 2273 let
281 2225 609 2273 matrimonium
644 2242 793 2273 coram
827 2226 1004 2274 duobus
1038 2225 1225 2275 testibus
1260 2226 1587 2274 celebratum.»
1609 2225 1664 2273 Et

187 2302 244 2349 de
278 2301 538 2367 quaestione
574 2301 683 2358 hac,
723 2302 849 2349 satis.

285 2379 401 2427 Huic
433 2378 573 2426 altera
606 2379 855 2427 adnectitur
889 2381 1116 2445 quaestio,
1155 2398 1261 2429 num
1294 2381 1341 2428 in
1375 2381 1472 2430 loco
1504 2391 1547 2428 et
1580 2397 1661 2445 pa-

288 2540 374 2582 (191)
396 2541 440 2572 Ut
465 2540 546 2572 alias
569 2540 878 2583 animadvertimus,
901 2542 1027 2584 aliquot
1047 2542 1195 2584 decreta,
1221 2552 1305 2585 quae
1326 2543 1387 2576 sibi
1412 2539 1663 2575 contradictoria

191 2592 361 2633 videntur,
379 2591 557 2625 dummodo
579 2593 661 2626 ratio
684 2593 839 2626 habeatur
860 2594 1062 2627 diversorum
1084 2596 1266 2637 temporum
1286 2596 1318 2628 et
1339 2596 1504 2634 locorum,
1519 2591 1665 2634 apprime

189 2645 273 2677 inter
287 2654 322 2678 se
336 2646 563 2679 conciliantur.
581 2647 734 2688 Superius
747 2647 833 2680 enim
849 2647 992 2681 vidimus
1007 2648 1041 2680 in
1053 2650 1218 2682 nonnullis
1234 2649 1384 2682 Sinarum
1399 2646 1576 2688 provinciis
1589 2653 1665 2677 con·

190 2698 260 2730 ciiii
285 2698 453 2731 tridentini
482 2699 646 2733 decretum
674 2700 773 2733 fuisse
797 2701 1056 2743 promulgatum3
1082 2704 1181 2744 atque
1205 2702 1347 2744 idipsum
1371 2699 1518 2733 innuitur
1535 2698 1567 2731 in
1583 2697 1669 2730 inse-

190 2751 364 2792 quentibus
386 2752 506 2785 verbis.

281 2803 368 2846 (192)
389 2807 438 2838 Ex
459 2807 530 2838 Act.
546 2815 656 2848 congr.
675 2806 715 2840 dc
733 2816 864 2850 propag.
881 2808 944 2842 fide
966 2818 1018 2842 an.
1038 2812 1126 2842 1721.

289 2857 374 2899 (193)
397 2857 478 2891 lbid.
496 2868 548 2892 an.
569 2862 657 2893 1784.
679 2865 706 2893 1.
723 2861 816 2894 Man.
