1980 3260
288 257 377 290 cn.
396 257 453 290 v1.
470 256 521 290 DE
540 257 663 291 MATR.
679 255 852 291 lunum.
870 259 954 291 INT.
970 259 1017 291 SE
1036 259 1113 290 vm.
1130 258 1213 291 CUM
1228 258 1349 291 cun.
1367 257 1459 290 Aur.
1477 257 1518 290 V.
1599 240 1685 290 291

224 331 496 399 legitimum,
525 335 723 400 adeoque
753 335 1000 384 haereticae
1035 335 1260 384 doctrinae
1283 354 1335 384 ac
1359 347 1503 385 sectae
1525 336 1692 385 adhae-

223 427 346 469 rere,
374 422 418 458 et
440 412 766 458 communicare
800 413 846 458 in
881 412 1042 468 sacris,
1081 413 1200 477 quod
1238 412 1434 477 profecto
1466 413 1590 461 nefas
1623 423 1692 461 est

222 486 455 534 catholicis
479 486 735 534 hominibus
759 490 930 552 absque
953 487 1110 536 salutis
1134 488 1388 552 dispendio.
1414 488 1692 554 Quapropter

223 562 325 611 lieet
357 563 442 610 sub
475 562 689 611 bonorum
735 564 953 620 iacturae,
1005 564 1127 612 exilii
1167 564 1506 612 comminatione
1550 581 1693 612 caroe-

224 655 412 704 rumque
441 655 682 703 poenarum
706 640 752 686 id
777 640 1128 705 praeciperetur,
1166 639 1287 689 nullo
1320 641 1452 689 modo
1474 651 1593 688 esset
1614 640 1690 687 tali

221 715 400 779 iniquae
430 714 516 777 legi
549 716 810 778 parendum.
851 718 972 764 Tunc
1004 734 1107 764 vero
1142 717 1391 765 haereticus
1426 734 1507 764 ceu
1547 727 1692 764 sectae

223 789 459 852 religiosae
484 790 686 837 minister
714 790 954 839 formaliter
988 809 1118 854 agere
1152 802 1384 847 censetur,
1422 809 1559 855 quum
1596 793 1692 856 ipse

220 865 478 928 religiosum
526 865 657 912 ritum
699 876 775 912 aut
813 868 1109 915 ceremoniam
1152 878 1351 924 exercet,
1400 868 1691 931 impertiendo

219 958 288 989 ex.
305 958 371 1004 gr
389 940 746 988 benedictionem
767 942 1009 1006 nuptialem
1030 960 1165 1007 super
1180 942 1509 998 contrahentes,
1528 943 1693 989 orando

219 1025 356 1101 ‘super
382 1032 609 1081 sponsos,
638 1016 817 1081 aliaque
845 1017 1063 1065 eiusmodi
1091 1017 1357 1101 praestando
1381 1035 1495 1082 quae
1513 1017 1569 1063 ad
1590 1018 1690 1064 reli-

219 1093 397 1157 gionem
422 1093 654 1157 pertinent.

320 1170 457 1218 Secus
490 1186 615 1226 vero,
643 1168 682 1217 si
719 1169 924 1217 catholici
949 1169 1110 1217 adeant
1137 1169 1407 1217 haereticum
1440 1169 1689 1216 ministrum

221 1246 318 1293 sive
339 1255 442 1294 ante
464 1245 559 1292 sive
582 1255 685 1310 post
707 1244 974 1293 celebratum
998 1262 1145 1293 coram
1169 1245 1363 1309 parocho
1387 1246 1565 1310 proprio
1588 1262 1692 1292 con-

222 1321 391 1384 iugium
421 1330 470 1369 ut
498 1321 619 1368 iuxta
644 1311 926 1384 civilis'legis
951 1321 1270 1386 praescriptum
1293 1338 1440 1369 coram
1467 1321 1543 1369 illo
1568 1320 1692 1368 exhi-

219 1397 354 1445 beant
397 1405 663 1445 cons'ensum
697 1407 923 1461 tamquam
958 1413 1105 1449 coram
1139 1397 1341 1445 ministro
1376 1397 1578 1462 politico,
1616 1407 1692 1444 aut

217 1474 480 1538 magistratu
498 1511 508 1530 ,
537 1472 650 1520 nihil
685 1473 861 1521 obstare
893 1473 1068 1521 videtur
1100 1474 1339 1538 quominus
1375 1473 1422 1520 id
1445 1473 1563 1521 licite
1594 1473 1685 1520 fiat.

220 1550 413 1598 Nauia
446 1549 667 1598 eiusmodi
702 1566 849 1597 rerum
884 1549 1107 1598 adiunctis
1132 1560 1358 1614 spectatur
1387 1548 1690 1597 tantummodo

220 1625 366 1674 civilis
399 1624 511 1689 legis
535 1625 842 1690 praescriptio,
871 1635 952 1674 nec
974 1626 1112 1673 utitur
1135 1625 1337 1673 ministro
1361 1625 1587 1688 religionis
1606 1663 1616 1682 ‚
1643 1635 1692 1674 ut

220 1708 402 1757 vocant,
441 1710 582 1749 status
599 1738 610 1758 ,
638 1700 718 1748 sed
741 1710 790 1748 ut
814 1718 960 1749 coram
986 1701 1165 1766 politico
1196 1701 1410 1764 regimine
1439 1711 1607 1749 constet
1636 1701 1692 1748 de

218 1776 499 1840 ‘legitimitate
523 1777 837 1840 coniugiorum
856 1815 869 1834 ,
905 1795 1020 1842 quae
1054 1777 1101 1824 in
1135 1776 1362 1841 republica
1390 1794 1470 1824 seu
1500 1777 1544 1823 in
1577 1787 1693 1825 statu

220 1854 442 1900 ineuntur.
466 1854 555 1900 Nec
578 1852 724 1901 obstat
747 1852 805 1900 ab
827 1853 1044 1902 eiusmodi
1069 1852 1272 1900 ministro
1298 1852 1517 1903 interdum
1535 1852 1693 1901 adhor-

223 1929 411 1977 tationes
455 1928 550 1975 fieri
597 1928 666 1975 'ad
693 1928 903 1991 coniuges
945 1929 1077 1976 etiam
1117 1928 1359 1976 catholicos
1378 1966 1389 1985 ‚
1432 1938 1480 1974 ut
1519 1938 1693 1976 servent

221 2003 496 2067 coniugalem
532 2003 690 2060 fidem,
728 2015 777 2050 ut
810 2003 923 2051 bene
956 2003 1123 2069 prolem
1162 2004 1420 2060 instituant,
1447 2013 1496 2050 ut
1521 2003 1693 2050 animo—

223 2098 325 2128 rum.
345 2090 519 2128 servent
541 2079 821 2130 concordiam
839 2118 848 2136 ,
871 2079 1048 2144 aliaque
1065 2079 1284 2128 eiusmodi
1304 2088 1552 2143 praestent;
1582 2077 1692 2125 haec

223 2156 343 2205 enim
378 2156 434 2203 ad
470 2155 727 2219 religionem
762 2166 908 2204 sectae
942 2173 1030 2203 non
1064 2155 1283 2220 pertinent
1309 2156 1459 2217 (199).

319 2233 435 2280 Sane
459 2249 547 2279 non
572 2232 633 2278 ita
655 2231 827 2296 pridem
846 2232 890 2279 in
909 2232 1202 2295 Anglia,data
1223 2231 1337 2294 lege,
1365 2248 1519 2279 omnes
1542 2231 1694 2277 cuius—

221 2307 290 2355 vis
325 2308 559 2371 religiosae
594 2307 888 2355 confessionis
929 2308 1097 2356 subditi
1138 2307 1406 2371 cogebantur
1433 2324 1580 2354 coram
1610 2307 1693 2352 mi-

223 2385 363 2432 nistro
381 2384 645 2447 Anglicano,
681 2401 759 2431 seu
785 2383 1031 2447 religionis,
1058 2402 1192 2450 quam
1216 2395 1394 2441 vocant,
1429 2383 1586 2446 legalis
1610 2400 1690 2429 sua

221 2460 442 2508 celebrare
466 2460 673 2523 coniugia
689 2498 700 2518 ‚
729 2461 1150 2524 seu‘inconiugium
1175 2461 1387 2526 praebere
1404 2476 1683 2507 consensum.

222 2537 356 2585 Porro
378 2554 479 2584 cum
498 2537 771 2600 Anglicanus
794 2537 996 2584 minister
1018 2547 1291 2603 spectaretur
1312 2537 1376 2584 uti
1401 2551 1589 2600 persona
1614 2551 1692 2597 po-

222 2611 367 2669 litica,
407 2630 494 2661 non
517 2612 772 2660 abnuebant
795 2613 1001 2661 catholici
1020 2651 1030 2670 ‚
1059 2613 1244 2678 perinde
1268 2629 1321 2660 ac
1343 2610 1595 2659 dissidentes
1630 2625 1692 2655 re-

222 2686 356 2753 liqui,
401 2691 519 2754 (qua
548 2688 907 2773 denominatione
945 2689 1235 2752 designantur
1268 2696 1481 2753 quotquot
1516 2685 1691 2748 religio-

319 2819 405 2860 (199)
426 2819 477 2852 Cf.
493 2821 539 2852 De
554 2820 615 2853 hoc
634 2821 823 2861 argumento
839 2820 984 2853 Lessium
1007 2820 1040 2853 in
1054 2822 1246 2854 Auctuario
1263 2819 1303 2852 ad
1327 2823 1373 2850 ¹2.
1395 2816 1482 2849 verb.
1499 2816 1690 2847 naeretico-

223 2878 302 2904 rum
323 2880 403 2906 cum
425 2870 605 2906 catholicis
627 2875 854 2906 conversatio.
1569 2919 1596 2946 ,κ
