<?xml version="1.0" encoding="UTF-8"?>
<!DOCTYPE html PUBLIC "-//W3C//DTD XHTML 1.0 Transitional//EN"
    "http://www.w3.org/TR/xhtml1/DTD/xhtml1-transitional.dtd">
<html xmlns="http://www.w3.org/1999/xhtml" xml:lang="en" lang="en">
 <head>
  <title>
</title>
<meta http-equiv="Content-Type" content="text/html;charset=utf-8" />
  <meta name='ocr-system' content='tesseract 3.04.00' />
  <meta name='ocr-capabilities' content='ocr_page ocr_carea ocr_par ocr_line ocrx_word'/>
</head>
<body>
  <div class='ocr_page' id='page_1' title='image "a603380702perruoft_0140.png"; bbox 0 0 1980 3260; ppageno 0'>
   <div class='ocr_carea' id='block_1_1' title="bbox 341 254 1481 299">
    <p class='ocr_par' dir='ltr' id='par_1_1' title="bbox 341 254 1481 299">
     <span class='ocr_line' id='line_1_1' title="bbox 341 254 1481 299; baseline -0.01 0"><span class='ocrx_word' id='word_1_1' title='bbox 341 254 430 299; x_wconf 77' lang='lat'>136</span> <span class='ocrx_word' id='word_1_2' title='bbox 642 263 723 294; x_wconf 74' lang='lat' dir='ltr'>un.</span> <span class='ocrx_word' id='word_1_3' title='bbox 751 261 797 293; x_wconf 90' lang='lat'>11.</span> <span class='ocrx_word' id='word_1_4' title='bbox 825 259 938 292; x_wconf 75' lang='lat' dir='ltr'>sacr.</span> <span class='ocrx_word' id='word_1_5' title='bbox 967 260 997 290; x_wconf 88' lang='lat'>1.</span> <span class='ocrx_word' id='word_1_6' title='bbox 1025 258 1077 290; x_wconf 75' lang='lat' dir='ltr'>ni:</span> <span class='ocrx_word' id='word_1_7' title='bbox 1101 257 1265 288; x_wconf 71' lang='lat' dir='ltr'>rorssr.</span> <span class='ocrx_word' id='word_1_8' title='bbox 1295 258 1481 291; x_wconf 55' lang='grc' dir='ltr'>ιςοαυιε.Α</span> 
     </span>
    </p>
   </div>
   <div class='ocr_carea' id='block_1_2' title="bbox 334 334 1799 1997">
    <p class='ocr_par' dir='ltr' id='par_1_2' title="bbox 334 334 1799 1997">
     <span class='ocr_line' id='line_1_2' title="bbox 338 334 1787 407; baseline -0.005 -15"><span class='ocrx_word' id='word_1_9' title='bbox 338 355 428 401; x_wconf 91' lang='lat' dir='ltr'>est,</span> <span class='ocrx_word' id='word_1_10' title='bbox 455 340 573 407; x_wconf 92' lang='lat' dir='ltr'>quod</span> <span class='ocrx_word' id='word_1_11' title='bbox 596 338 689 386; x_wconf 88' lang='lat' dir='ltr'>filia</span> <span class='ocrx_word' id='word_1_12' title='bbox 713 337 825 402; x_wconf 90' lang='lat' dir='ltr'>patri</span> <span class='ocrx_word' id='word_1_13' title='bbox 849 355 929 402; x_wconf 87' lang='lat' dir='ltr'>per</span> <span class='ocrx_word' id='word_1_14' title='bbox 949 334 1276 382; x_wconf 82' lang='lat' dir='ltr'><strong>matrimonium</strong></span> <span class='ocrx_word' id='word_1_15' title='bbox 1306 335 1516 397; x_wconf 81' lang='lat' dir='ltr'>iungatur</span> <span class='ocrx_word' id='word_1_16' title='bbox 1534 337 1581 381; x_wconf 86' lang='lat' dir='ltr'>in</span> <span class='ocrx_word' id='word_1_17' title='bbox 1604 338 1787 394; x_wconf 77' lang='lat' dir='ltr'>sociam⁷</span> 
     </span>
     <span class='ocr_line' id='line_1_3' title="bbox 338 409 1794 482; baseline -0.004 -17"><span class='ocrx_word' id='word_1_18' title='bbox 338 435 471 466; x_wconf 90' lang='lat' dir='ltr'>causa</span> <span class='ocrx_word' id='word_1_19' title='bbox 502 413 780 479; x_wconf 80' lang='lat' dir='ltr'>generandae</span> <span class='ocrx_word' id='word_1_20' title='bbox 812 412 948 478; x_wconf 86' lang='lat' dir='ltr'>prolis</span> <span class='ocrx_word' id='word_1_21' title='bbox 979 421 1023 458; x_wconf 86' lang='lat' dir='ltr'>et</span> <span class='ocrx_word' id='word_1_22' title='bbox 1055 409 1334 467; x_wconf 85' lang='lat' dir='ltr'>educandae,</span> <span class='ocrx_word' id='word_1_23' title='bbox 1363 426 1499 474; x_wconf 92' lang='lat' dir='ltr'>quam</span> <span class='ocrx_word' id='word_1_24' title='bbox 1521 412 1794 482; x_wconf 71' lang='lat' dir='ltr'>oportetper</span> 
     </span>
     <span class='ocr_line' id='line_1_4' title="bbox 335 485 1795 557; baseline -0.003 -17"><span class='ocrx_word' id='word_1_25' title='bbox 335 492 484 540; x_wconf 91' lang='lat' dir='ltr'>omnia</span> <span class='ocrx_word' id='word_1_26' title='bbox 510 490 623 555; x_wconf 85' lang='lat' dir='ltr'>patri</span> <span class='ocrx_word' id='word_1_27' title='bbox 657 507 758 537; x_wconf 89' lang='lat' dir='ltr'>esse</span> <span class='ocrx_word' id='word_1_28' title='bbox 789 489 1031 536; x_wconf 88' lang='lat' dir='ltr'>subiectam</span> <span class='ocrx_word' id='word_1_29' title='bbox 1065 485 1184 534; x_wconf 85' lang='lat' dir='ltr'>velut</span> <span class='ocrx_word' id='word_1_30' title='bbox 1218 503 1271 533; x_wconf 85' lang='lat' dir='ltr'>ex</span> <span class='ocrx_word' id='word_1_31' title='bbox 1303 502 1356 533; x_wconf 89' lang='lat' dir='ltr'>eo</span> <span class='ocrx_word' id='word_1_32' title='bbox 1391 485 1700 550; x_wconf 84' lang='lat' dir='ltr'>procedentem</span> <span class='ocrx_word' id='word_1_33' title='bbox 1713 505 1731 533; x_wconf 90' lang='lat'>:·-</span> <span class='ocrx_word' id='word_1_34' title='bbox 1748 499 1795 557; x_wconf 69' lang='lat' dir='ltr'>et</span> 
     </span>
     <span class='ocr_line' id='line_1_5' title="bbox 336 561 1793 628; baseline -0.003 -14"><span class='ocrx_word' id='word_1_35' title='bbox 336 567 434 614; x_wconf 90' lang='lat' dir='ltr'>ideo</span> <span class='ocrx_word' id='word_1_36' title='bbox 468 566 525 612; x_wconf 93' lang='lat' dir='ltr'>de</span> <span class='ocrx_word' id='word_1_37' title='bbox 556 565 653 628; x_wconf 80' lang='lat' dir='ltr'>lege</span> <span class='ocrx_word' id='word_1_38' title='bbox 685 563 872 611; x_wconf 88' lang='lat' dir='ltr'>naturali</span> <span class='ocrx_word' id='word_1_39' title='bbox 906 572 997 619; x_wconf 89' lang='lat' dir='ltr'>est,</span> <span class='ocrx_word' id='word_1_40' title='bbox 1024 572 1073 608; x_wconf 91' lang='lat' dir='ltr'>ut</span> <span class='ocrx_word' id='word_1_41' title='bbox 1096 571 1220 626; x_wconf 89' lang='lat' dir='ltr'>pater</span> <span class='ocrx_word' id='word_1_42' title='bbox 1242 571 1287 607; x_wconf 86' lang='lat' dir='ltr'>et</span> <span class='ocrx_word' id='word_1_43' title='bbox 1309 570 1448 608; x_wconf 83' lang='lat' dir='ltr'>mater</span> <span class='ocrx_word' id='word_1_44' title='bbox 1466 578 1493 608; x_wconf 92' lang='lat' dir='ltr'>a</span> <span class='ocrx_word' id='word_1_45' title='bbox 1513 561 1793 624; x_wconf 70' lang='lat' dir='ltr'>matrimonio</span> 
     </span>
     <span class='ocr_line' id='line_1_6' title="bbox 337 637 1795 708; baseline -0.003 -19"><span class='ocrx_word' id='word_1_46' title='bbox 337 642 603 706; x_wconf 89' lang='lat' dir='ltr'>repellantur</span> <span class='ocrx_word' id='word_1_47' title='bbox 619 678 629 698; x_wconf 91' lang='lat'>,</span> <span class='ocrx_word' id='word_1_48' title='bbox 656 651 699 687; x_wconf 92' lang='lat' dir='ltr'>et</span> <span class='ocrx_word' id='word_1_49' title='bbox 721 639 863 703; x_wconf 78' lang='lat' dir='ltr'>magis</span> <span class='ocrx_word' id='word_1_50' title='bbox 888 639 1019 687; x_wconf 89' lang='lat' dir='ltr'>etiam</span> <span class='ocrx_word' id='word_1_51' title='bbox 1046 647 1185 685; x_wconf 89' lang='lat' dir='ltr'>mater</span> <span class='ocrx_word' id='word_1_52' title='bbox 1216 655 1350 702; x_wconf 91' lang='lat' dir='ltr'>quam</span> <span class='ocrx_word' id='word_1_53' title='bbox 1384 637 1667 707; x_wconf 85' lang='lat' dir='ltr'>pater...Sed</span> <span class='ocrx_word' id='word_1_54' title='bbox 1689 637 1795 708; x_wconf 60' lang='lat' dir='ltr'>finis</span> 
     </span>
     <span class='ocr_line' id='line_1_7' title="bbox 335 713 1797 780; baseline -0.002 -15"><span class='ocrx_word' id='word_1_55' title='bbox 335 717 601 765; x_wconf 86' lang='lat' dir='ltr'><strong>matrimonii</strong></span> <span class='ocrx_word' id='word_1_56' title='bbox 635 715 922 763; x_wconf 87' lang='lat' dir='ltr'>secundarius</span> <span class='ocrx_word' id='word_1_57' title='bbox 952 731 1030 780; x_wconf 86' lang='lat' dir='ltr'>per</span> <span class='ocrx_word' id='word_1_58' title='bbox 1058 731 1107 762; x_wconf 91' lang='lat' dir='ltr'>se</span> <span class='ocrx_word' id='word_1_59' title='bbox 1129 723 1197 761; x_wconf 91' lang='lat' dir='ltr'>est</span> <span class='ocrx_word' id='word_1_60' title='bbox 1220 713 1609 778; x_wconf 84' lang='lat' dir='ltr'>concupiscentiae</span> <span class='ocrx_word' id='word_1_61' title='bbox 1628 727 1797 779; x_wconf 84' lang='lat' dir='ltr'>repres-</span> 
     </span>
     <span class='ocr_line' id='line_1_8' title="bbox 335 790 1798 858; baseline -0.001 -17"><span class='ocrx_word' id='word_1_62' title='bbox 335 793 404 841; x_wconf 89' lang='lat' dir='ltr'>sio</span> <span class='ocrx_word' id='word_1_63' title='bbox 421 831 431 849; x_wconf 91' lang='lat'>‚</span> <span class='ocrx_word' id='word_1_64' title='bbox 471 793 548 858; x_wconf 91' lang='lat' dir='ltr'>qui</span> <span class='ocrx_word' id='word_1_65' title='bbox 578 792 691 839; x_wconf 92' lang='lat' dir='ltr'>alias</span> <span class='ocrx_word' id='word_1_66' title='bbox 724 792 971 856; x_wconf 88' lang='lat' dir='ltr'>deperiret,</span> <span class='ocrx_word' id='word_1_67' title='bbox 1009 791 1048 838; x_wconf 88' lang='lat' dir='ltr'>si</span> <span class='ocrx_word' id='word_1_68' title='bbox 1082 790 1306 855; x_wconf 84' lang='lat' dir='ltr'>quaelibet</span> <span class='ocrx_word' id='word_1_69' title='bbox 1337 790 1667 853; x_wconf 83' lang='lat' dir='ltr'>consanguinea</span> <span class='ocrx_word' id='word_1_70' title='bbox 1699 807 1798 855; x_wconf 80' lang='lat' dir='ltr'>pos-</span> 
     </span>
     <span class='ocr_line' id='line_1_9' title="bbox 335 867 1796 932; baseline -0.002 -14"><span class='ocrx_word' id='word_1_71' title='bbox 335 880 403 918; x_wconf 88' lang='lat' dir='ltr'>set</span> <span class='ocrx_word' id='word_1_72' title='bbox 434 869 480 915; x_wconf 92' lang='lat' dir='ltr'>in</span> <span class='ocrx_word' id='word_1_73' title='bbox 515 868 843 916; x_wconf 87' lang='lat' dir='ltr'><strong>matrimonium</strong></span> <span class='ocrx_word' id='word_1_74' title='bbox 876 867 1011 924; x_wconf 90' lang='lat' dir='ltr'>duci,</span> <span class='ocrx_word' id='word_1_75' title='bbox 1049 867 1156 932; x_wconf 89' lang='lat' dir='ltr'>quia</span> <span class='ocrx_word' id='word_1_76' title='bbox 1190 883 1376 930; x_wconf 84' lang='lat' dir='ltr'>magnus</span> <span class='ocrx_word' id='word_1_77' title='bbox 1410 867 1796 930; x_wconf 86' lang='lat' dir='ltr'>concupiscentiae</span> 
     </span>
     <span class='ocr_line' id='line_1_10' title="bbox 336 943 1798 1010; baseline -0.002 -18"><span class='ocrx_word' id='word_1_78' title='bbox 336 945 485 993; x_wconf 84' lang='lat' dir='ltr'>aditus</span> <span class='ocrx_word' id='word_1_79' title='bbox 515 945 822 1010; x_wconf 89' lang='lat' dir='ltr'>praeberetur,</span> <span class='ocrx_word' id='word_1_80' title='bbox 856 943 944 991; x_wconf 92' lang='lat' dir='ltr'>nisi</span> <span class='ocrx_word' id='word_1_81' title='bbox 979 943 1090 990; x_wconf 89' lang='lat' dir='ltr'>inter</span> <span class='ocrx_word' id='word_1_82' title='bbox 1123 943 1224 990; x_wconf 89' lang='lat' dir='ltr'>illas</span> <span class='ocrx_word' id='word_1_83' title='bbox 1257 960 1493 1007; x_wconf 89' lang='lat' dir='ltr'>personas,</span> <span class='ocrx_word' id='word_1_84' title='bbox 1526 959 1640 1008; x_wconf 85' lang='lat' dir='ltr'>quas</span> <span class='ocrx_word' id='word_1_85' title='bbox 1667 959 1798 1008; x_wconf 76' lang='lat' dir='ltr'>opor-</span> 
     </span>
     <span class='ocr_line' id='line_1_11' title="bbox 335 1019 1797 1084; baseline -0.002 -15"><span class='ocrx_word' id='word_1_86' title='bbox 335 1031 397 1070; x_wconf 86' lang='lat' dir='ltr'>tet</span> <span class='ocrx_word' id='word_1_87' title='bbox 427 1022 474 1068; x_wconf 90' lang='lat' dir='ltr'>in</span> <span class='ocrx_word' id='word_1_88' title='bbox 507 1021 662 1068; x_wconf 91' lang='lat' dir='ltr'>eadem</span> <span class='ocrx_word' id='word_1_89' title='bbox 693 1021 823 1068; x_wconf 93' lang='lat' dir='ltr'>domo</span> <span class='ocrx_word' id='word_1_90' title='bbox 855 1020 1134 1077; x_wconf 85' lang='lat' dir='ltr'>conversari,</span> <span class='ocrx_word' id='word_1_91' title='bbox 1173 1029 1292 1067; x_wconf 89' lang='lat' dir='ltr'>esset</span> <span class='ocrx_word' id='word_1_92' title='bbox 1324 1019 1515 1067; x_wconf 89' lang='lat' dir='ltr'>carnalis</span> <span class='ocrx_word' id='word_1_93' title='bbox 1543 1019 1705 1084; x_wconf 86' lang='lat' dir='ltr'>copula</span> <span class='ocrx_word' id='word_1_94' title='bbox 1726 1019 1797 1066; x_wconf 89' lang='lat' dir='ltr'>in-</span> 
     </span>
     <span class='ocr_line' id='line_1_12' title="bbox 338 1095 1796 1164; baseline -0.003 -18"><span class='ocrx_word' id='word_1_95' title='bbox 338 1098 546 1155; x_wconf 81' lang='lat' dir='ltr'>terdicta3</span> <span class='ocrx_word' id='word_1_96' title='bbox 573 1107 616 1145; x_wconf 86' lang='lat' dir='ltr'>et</span> <span class='ocrx_word' id='word_1_97' title='bbox 639 1097 739 1145; x_wconf 92' lang='lat' dir='ltr'>ideo</span> <span class='ocrx_word' id='word_1_98' title='bbox 773 1097 842 1144; x_wconf 89' lang='lat' dir='ltr'>lex</span> <span class='ocrx_word' id='word_1_99' title='bbox 875 1096 1027 1145; x_wconf 84' lang='lat' dir='ltr'>divina</span> <span class='ocrx_word' id='word_1_100' title='bbox 1059 1113 1147 1143; x_wconf 91' lang='lat' dir='ltr'>non</span> <span class='ocrx_word' id='word_1_101' title='bbox 1181 1095 1323 1143; x_wconf 92' lang='lat' dir='ltr'>solum</span> <span class='ocrx_word' id='word_1_102' title='bbox 1357 1104 1524 1160; x_wconf 89' lang='lat' dir='ltr'>patrem</span> <span class='ocrx_word' id='word_1_103' title='bbox 1546 1105 1591 1142; x_wconf 88' lang='lat' dir='ltr'>et</span> <span class='ocrx_word' id='word_1_104' title='bbox 1611 1105 1796 1164; x_wconf 77' lang='lat' dir='ltr'>matrem</span> 
     </span>
     <span class='ocr_line' id='line_1_13' title="bbox 335 1171 1799 1235; baseline -0.002 -15"><span class='ocrx_word' id='word_1_105' title='bbox 335 1173 527 1221; x_wconf 85' lang='lat' dir='ltr'>excludit</span> <span class='ocrx_word' id='word_1_106' title='bbox 560 1192 588 1221; x_wconf 94' lang='lat' dir='ltr'>a</span> <span class='ocrx_word' id='word_1_107' title='bbox 625 1173 902 1221; x_wconf 90' lang='lat' dir='ltr'>matrimonio</span> <span class='ocrx_word' id='word_1_108' title='bbox 923 1211 934 1230; x_wconf 86' lang='lat'>,</span> <span class='ocrx_word' id='word_1_109' title='bbox 971 1172 1051 1221; x_wconf 91' lang='lat' dir='ltr'>sed</span> <span class='ocrx_word' id='word_1_110' title='bbox 1094 1171 1226 1219; x_wconf 90' lang='lat' dir='ltr'>etiam</span> <span class='ocrx_word' id='word_1_111' title='bbox 1260 1171 1371 1218; x_wconf 87' lang='lat' dir='ltr'>alias</span> <span class='ocrx_word' id='word_1_112' title='bbox 1405 1171 1799 1235; x_wconf 72' lang='lat' dir='ltr'>coniunctas&#39;per-</span> 
     </span>
     <span class='ocr_line' id='line_1_14' title="bbox 335 1246 1799 1315; baseline -0.003 -18"><span class='ocrx_word' id='word_1_113' title='bbox 335 1266 496 1307; x_wconf 90' lang='lat' dir='ltr'>sonas,</span> <span class='ocrx_word' id='word_1_114' title='bbox 524 1267 637 1314; x_wconf 92' lang='lat' dir='ltr'>quas</span> <span class='ocrx_word' id='word_1_115' title='bbox 669 1259 838 1315; x_wconf 88' lang='lat' dir='ltr'>oportet</span> <span class='ocrx_word' id='word_1_116' title='bbox 870 1247 1005 1297; x_wconf 90' lang='lat' dir='ltr'>simul</span> <span class='ocrx_word' id='word_1_117' title='bbox 1039 1247 1289 1295; x_wconf 86' lang='lat' dir='ltr'>conversari</span> <span class='ocrx_word' id='word_1_118' title='bbox 1305 1286 1315 1304; x_wconf 90' lang='lat'>,</span> <span class='ocrx_word' id='word_1_119' title='bbox 1343 1257 1385 1295; x_wconf 92' lang='lat' dir='ltr'>et</span> <span class='ocrx_word' id='word_1_120' title='bbox 1406 1264 1523 1312; x_wconf 89' lang='lat' dir='ltr'>quae</span> <span class='ocrx_word' id='word_1_121' title='bbox 1544 1246 1708 1314; x_wconf 85' lang='lat' dir='ltr'>debent</span> <span class='ocrx_word' id='word_1_122' title='bbox 1728 1247 1799 1294; x_wconf 81' lang='lat' dir='ltr'>in·</span> 
     </span>
     <span class='ocr_line' id='line_1_15' title="bbox 334 1323 1797 1389; baseline -0.001 -15"><span class='ocrx_word' id='word_1_123' title='bbox 334 1325 476 1374; x_wconf 87' lang='lat' dir='ltr'>vicem</span> <span class='ocrx_word' id='word_1_124' title='bbox 499 1325 636 1373; x_wconf 87' lang='lat' dir='ltr'>altera</span> <span class='ocrx_word' id='word_1_125' title='bbox 657 1325 839 1373; x_wconf 91' lang='lat' dir='ltr'>alterius</span> <span class='ocrx_word' id='word_1_126' title='bbox 863 1324 1125 1389; x_wconf 88' lang='lat' dir='ltr'>pudicitiam</span> <span class='ocrx_word' id='word_1_127' title='bbox 1148 1323 1394 1380; x_wconf 87' lang='lat' dir='ltr'>custodire;</span> <span class='ocrx_word' id='word_1_128' title='bbox 1415 1334 1460 1371; x_wconf 90' lang='lat' dir='ltr'>et</span> <span class='ocrx_word' id='word_1_129' title='bbox 1475 1323 1592 1371; x_wconf 90' lang='lat' dir='ltr'>hanc</span> <span class='ocrx_word' id='word_1_130' title='bbox 1615 1328 1797 1389; x_wconf 80' lang='lat' dir='ltr'>causam</span> 
     </span>
     <span class='ocr_line' id='line_1_16' title="bbox 335 1398 1793 1465; baseline 0 -18"><span class='ocrx_word' id='word_1_131' title='bbox 335 1401 536 1464; x_wconf 78' lang='lat' dir='ltr'>assignat</span> <span class='ocrx_word' id='word_1_132' title='bbox 570 1400 721 1448; x_wconf 86' lang='lat' dir='ltr'>divina</span> <span class='ocrx_word' id='word_1_133' title='bbox 749 1400 819 1447; x_wconf 85' lang='lat' dir='ltr'>lex</span> <span class='ocrx_word' id='word_1_134' title='bbox 847 1400 1024 1447; x_wconf 90' lang='lat' dir='ltr'>dicens:</span> <span class='ocrx_word' id='word_1_135' title='bbox 1055 1418 1106 1446; x_wconf 80' lang='lat' dir='ltr'>ne</span> <span class='ocrx_word' id='word_1_136' title='bbox 1133 1401 1291 1447; x_wconf 82' lang='lat' dir='ltr'>reveles</span> <span class='ocrx_word' id='word_1_137' title='bbox 1325 1399 1632 1465; x_wconf 69' lang='lat' dir='ltr'>turpitudinem</span> <span class='ocrx_word' id='word_1_138' title='bbox 1664 1398 1793 1458; x_wconf 81' lang='lat' dir='ltr'>talis,</span> 
     </span>
     <span class='ocr_line' id='line_1_17' title="bbox 334 1475 1796 1542; baseline -0.001 -19"><span class='ocrx_word' id='word_1_139' title='bbox 334 1475 403 1524; x_wconf 86' lang='lat' dir='ltr'>vel</span> <span class='ocrx_word' id='word_1_140' title='bbox 437 1475 541 1522; x_wconf 88' lang='lat' dir='ltr'>talis</span> <span class='ocrx_word' id='word_1_141' title='bbox 563 1512 574 1533; x_wconf 90' lang='lat'>‚</span> <span class='ocrx_word' id='word_1_142' title='bbox 615 1477 720 1539; x_wconf 77' lang='lat' dir='ltr'>quia</span> <span class='ocrx_word' id='word_1_143' title='bbox 753 1475 971 1539; x_wconf 71' lang='lat' dir='ltr'>turpitudo</span> <span class='ocrx_word' id='word_1_144' title='bbox 1008 1485 1081 1522; x_wconf 76' lang='lat' dir='ltr'>lua</span> <span class='ocrx_word' id='word_1_145' title='bbox 1112 1485 1188 1523; x_wconf 82' lang='lat' dir='ltr'>est.</span> <span class='ocrx_word' id='word_1_146' title='bbox 1217 1475 1303 1522; x_wconf 91' lang='lat' dir='ltr'>Sed</span> <span class='ocrx_word' id='word_1_147' title='bbox 1336 1492 1418 1540; x_wconf 89' lang='lat' dir='ltr'>per</span> <span class='ocrx_word' id='word_1_148' title='bbox 1450 1475 1658 1523; x_wconf 88' lang='lat' dir='ltr'>accidens</span> <span class='ocrx_word' id='word_1_149' title='bbox 1691 1475 1796 1542; x_wconf 83' lang='lat' dir='ltr'>finis</span> 
     </span>
     <span class='ocr_line' id='line_1_18' title="bbox 335 1550 1799 1609; baseline -0.001 -11"><span class='ocrx_word' id='word_1_150' title='bbox 335 1551 607 1599; x_wconf 88' lang='lat' dir='ltr'>matrimonii</span> <span class='ocrx_word' id='word_1_151' title='bbox 631 1561 700 1599; x_wconf 87' lang='lat' dir='ltr'>est</span> <span class='ocrx_word' id='word_1_152' title='bbox 723 1551 1048 1599; x_wconf 87' lang='lat' dir='ltr'>confoederatio</span> <span class='ocrx_word' id='word_1_153' title='bbox 1081 1551 1310 1599; x_wconf 93' lang='lat' dir='ltr'>hominum</span> <span class='ocrx_word' id='word_1_154' title='bbox 1327 1590 1338 1609; x_wconf 86' lang='lat'>,</span> <span class='ocrx_word' id='word_1_155' title='bbox 1364 1561 1408 1599; x_wconf 89' lang='lat' dir='ltr'>et</span> <span class='ocrx_word' id='word_1_156' title='bbox 1430 1551 1652 1599; x_wconf 89' lang='lat' dir='ltr'>amicitiae</span> <span class='ocrx_word' id='word_1_157' title='bbox 1682 1550 1799 1598; x_wconf 88' lang='lat' dir='ltr'>mul-</span> 
     </span>
     <span class='ocr_line' id='line_1_19' title="bbox 336 1626 1797 1693; baseline -0.001 -17"><span class='ocrx_word' id='word_1_158' title='bbox 336 1628 550 1693; x_wconf 88' lang='lat' dir='ltr'>tiplicatio</span> <span class='ocrx_word' id='word_1_159' title='bbox 572 1666 583 1685; x_wconf 93' lang='lat'>,</span> <span class='ocrx_word' id='word_1_160' title='bbox 621 1629 729 1675; x_wconf 91' lang='lat' dir='ltr'>dum</span> <span class='ocrx_word' id='word_1_161' title='bbox 762 1628 895 1676; x_wconf 89' lang='lat' dir='ltr'><strong>homo</strong></span> <span class='ocrx_word' id='word_1_162' title='bbox 929 1628 985 1675; x_wconf 88' lang='lat' dir='ltr'>ad</span> <span class='ocrx_word' id='word_1_163' title='bbox 1019 1629 1370 1692; x_wconf 82' lang='lat' dir='ltr'>consanguineos</span> <span class='ocrx_word' id='word_1_164' title='bbox 1407 1627 1558 1675; x_wconf 85' lang='lat' dir='ltr'>uxoris</span> <span class='ocrx_word' id='word_1_165' title='bbox 1590 1627 1707 1675; x_wconf 88' lang='lat' dir='ltr'>sicut</span> <span class='ocrx_word' id='word_1_166' title='bbox 1726 1626 1797 1675; x_wconf 77' lang='lat' dir='ltr'>ad</span> 
     </span>
     <span class='ocr_line' id='line_1_20' title="bbox 336 1704 1799 1770; baseline 0 -18"><span class='ocrx_word' id='word_1_167' title='bbox 336 1721 443 1752; x_wconf 89' lang='lat' dir='ltr'>suos</span> <span class='ocrx_word' id='word_1_168' title='bbox 467 1722 516 1752; x_wconf 86' lang='lat' dir='ltr'>se</span> <span class='ocrx_word' id='word_1_169' title='bbox 540 1704 701 1752; x_wconf 89' lang='lat' dir='ltr'>habet:</span> <span class='ocrx_word' id='word_1_170' title='bbox 729 1715 772 1752; x_wconf 85' lang='lat' dir='ltr'>et</span> <span class='ocrx_word' id='word_1_171' title='bbox 794 1704 894 1752; x_wconf 85' lang='lat' dir='ltr'>ideo</span> <span class='ocrx_word' id='word_1_172' title='bbox 918 1704 1023 1752; x_wconf 88' lang='lat' dir='ltr'>huic</span> <span class='ocrx_word' id='word_1_173' title='bbox 1045 1704 1403 1770; x_wconf 88' lang='lat' dir='ltr'>multiplicationi</span> <span class='ocrx_word' id='word_1_174' title='bbox 1426 1704 1647 1751; x_wconf 89' lang='lat' dir='ltr'>amicitiae</span> <span class='ocrx_word' id='word_1_175' title='bbox 1670 1721 1799 1768; x_wconf 87' lang='lat' dir='ltr'>prae-</span> 
     </span>
     <span class='ocr_line' id='line_1_21' title="bbox 336 1780 1798 1846; baseline 0.001 -19"><span class='ocrx_word' id='word_1_176' title='bbox 336 1780 550 1828; x_wconf 89' lang='lat' dir='ltr'>iudicium</span> <span class='ocrx_word' id='word_1_177' title='bbox 586 1781 733 1838; x_wconf 89' lang='lat' dir='ltr'>fieret,</span> <span class='ocrx_word' id='word_1_178' title='bbox 772 1780 811 1828; x_wconf 88' lang='lat' dir='ltr'>si</span> <span class='ocrx_word' id='word_1_179' title='bbox 845 1780 1009 1846; x_wconf 93' lang='lat' dir='ltr'>aliquis</span> <span class='ocrx_word' id='word_1_180' title='bbox 1044 1781 1261 1844; x_wconf 82' lang='lat' dir='ltr'>sanguine</span> <span class='ocrx_word' id='word_1_181' title='bbox 1299 1781 1578 1829; x_wconf 89' lang='lat' dir='ltr'>coniunctam</span> <span class='ocrx_word' id='word_1_182' title='bbox 1617 1797 1798 1829; x_wconf 85' lang='lat' dir='ltr'>uxorem</span> 
     </span>
     <span class='ocr_line' id='line_1_22' title="bbox 336 1856 1799 1922; baseline 0.001 -19"><span class='ocrx_word' id='word_1_183' title='bbox 336 1856 538 1904; x_wconf 87' lang='lat' dir='ltr'>duceret:</span> <span class='ocrx_word' id='word_1_184' title='bbox 561 1857 667 1922; x_wconf 93' lang='lat' dir='ltr'>quia</span> <span class='ocrx_word' id='word_1_185' title='bbox 689 1875 743 1904; x_wconf 85' lang='lat' dir='ltr'>ex</span> <span class='ocrx_word' id='word_1_186' title='bbox 766 1857 851 1905; x_wconf 89' lang='lat' dir='ltr'>hoc</span> <span class='ocrx_word' id='word_1_187' title='bbox 873 1875 988 1906; x_wconf 84' lang='lat' dir='ltr'>nova</span> <span class='ocrx_word' id='word_1_188' title='bbox 1011 1857 1207 1904; x_wconf 89' lang='lat' dir='ltr'>amicitia</span> <span class='ocrx_word' id='word_1_189' title='bbox 1229 1874 1309 1922; x_wconf 88' lang='lat' dir='ltr'>per</span> <span class='ocrx_word' id='word_1_190' title='bbox 1331 1857 1657 1905; x_wconf 89' lang='lat' dir='ltr'>matrimonium</span> <span class='ocrx_word' id='word_1_191' title='bbox 1675 1856 1799 1904; x_wconf 86' lang='lat' dir='ltr'>nulla</span> 
     </span>
     <span class='ocr_line' id='line_1_23' title="bbox 338 1932 1799 1997; baseline 0 -18"><span class='ocrx_word' id='word_1_192' title='bbox 338 1944 629 1980; x_wconf 89' lang='lat' dir='ltr'>accresceret:</span> <span class='ocrx_word' id='word_1_193' title='bbox 668 1943 711 1980; x_wconf 92' lang='lat' dir='ltr'>et</span> <span class='ocrx_word' id='word_1_194' title='bbox 742 1933 843 1981; x_wconf 87' lang='lat' dir='ltr'>ideo</span> <span class='ocrx_word' id='word_1_195' title='bbox 876 1933 1120 1982; x_wconf 89' lang='lat' dir='ltr'>secundum</span> <span class='ocrx_word' id='word_1_196' title='bbox 1151 1933 1273 1997; x_wconf 78' lang='lat' dir='ltr'>leges</span> <span class='ocrx_word' id='word_1_197' title='bbox 1305 1932 1525 1980; x_wconf 87' lang='lat' dir='ltr'>humanas</span> <span class='ocrx_word' id='word_1_198' title='bbox 1558 1941 1602 1980; x_wconf 90' lang='lat' dir='ltr'>et</span> <span class='ocrx_word' id='word_1_199' title='bbox 1636 1937 1799 1980; x_wconf 85' lang='lat' dir='ltr'>statuta</span> 
     </span>
    </p>
   </div>
   <div class='ocr_carea' id='block_1_3' title="bbox 316 2068 1802 2907">
    <p class='ocr_par' dir='ltr' id='par_1_3' title="bbox 316 2068 1802 2907">
     <span class='ocr_line' id='line_1_24' title="bbox 337 2068 1798 2115; baseline 0.001 -15"><span class='ocrx_word' id='word_1_200' title='bbox 337 2068 430 2110; x_wconf 85' lang='lat' dir='ltr'>porta</span> <span class='ocrx_word' id='word_1_201' title='bbox 440 2077 513 2101; x_wconf 86' lang='lat' dir='ltr'>seco</span> <span class='ocrx_word' id='word_1_202' title='bbox 525 2069 588 2102; x_wconf 88' lang='lat' dir='ltr'>due</span> <span class='ocrx_word' id='word_1_203' title='bbox 598 2069 881 2111; x_wconf 79' lang='lat' dir='ltr'>importantissime</span> <span class='ocrx_word' id='word_1_204' title='bbox 894 2072 1046 2105; x_wconf 87' lang='lat' dir='ltr'>relazioni</span> <span class='ocrx_word' id='word_1_205' title='bbox 1058 2073 1128 2106; x_wconf 75' lang='lat' dir='ltr'>cioe</span> <span class='ocrx_word' id='word_1_206' title='bbox 1139 2071 1353 2115; x_wconf 71' lang='lat' dir='ltr'>dipendenza</span> <span class='ocrx_word' id='word_1_207' title='bbox 1365 2071 1419 2104; x_wconf 81' lang='lat' dir='ltr'>dal</span> <span class='ocrx_word' id='word_1_208' title='bbox 1430 2070 1612 2112; x_wconf 81' lang='lat' dir='ltr'>superiore,</span> <span class='ocrx_word' id='word_1_209' title='bbox 1627 2069 1668 2102; x_wconf 78' lang='lat' dir='ltr'>ed</span> <span class='ocrx_word' id='word_1_210' title='bbox 1680 2070 1798 2102; x_wconf 76' lang='lat' dir='ltr'>amici·</span> 
     </span>
     <span class='ocr_line' id='line_1_25' title="bbox 337 2121 1798 2167; baseline 0.001 -15"><span class='ocrx_word' id='word_1_211' title='bbox 337 2122 394 2153; x_wconf 74' lang='lat' dir='ltr'>zia</span> <span class='ocrx_word' id='word_1_212' title='bbox 407 2121 459 2155; x_wconf 76' lang='lat' dir='ltr'>eoi</span> <span class='ocrx_word' id='word_1_213' title='bbox 475 2123 659 2155; x_wconf 83' lang='lat' dir='ltr'>consociati.</span> <span class='ocrx_word' id='word_1_214' title='bbox 675 2126 721 2155; x_wconf 88' lang='lat' dir='ltr'>La</span> <span class='ocrx_word' id='word_1_215' title='bbox 734 2124 932 2166; x_wconf 84' lang='lat' dir='ltr'>dipendenza</span> <span class='ocrx_word' id='word_1_216' title='bbox 946 2134 982 2158; x_wconf 85' lang='lat' dir='ltr'>se</span> <span class='ocrx_word' id='word_1_217' title='bbox 995 2126 1023 2158; x_wconf 88' lang='lat' dir='ltr'>si</span> <span class='ocrx_word' id='word_1_218' title='bbox 1038 2125 1179 2167; x_wconf 85' lang='lat' dir='ltr'>riguardi</span> <span class='ocrx_word' id='word_1_219' title='bbox 1191 2125 1244 2158; x_wconf 86' lang='lat' dir='ltr'>nei</span> <span class='ocrx_word' id='word_1_220' title='bbox 1260 2124 1346 2158; x_wconf 83' lang='lat' dir='ltr'>servi</span> <span class='ocrx_word' id='word_1_221' title='bbox 1366 2132 1463 2157; x_wconf 85' lang='lat' dir='ltr'>nasce</span> <span class='ocrx_word' id='word_1_222' title='bbox 1480 2123 1523 2155; x_wconf 85' lang='lat' dir='ltr'>da</span> <span class='ocrx_word' id='word_1_223' title='bbox 1531 2121 1631 2163; x_wconf 76' lang='lat' dir='ltr'>sacto</span> <span class='ocrx_word' id='word_1_224' title='bbox 1651 2129 1798 2161; x_wconf 65' lang='lat' dir='ltr'>amano,</span> 
     </span>
     <span class='ocr_line' id='line_1_26' title="bbox 316 2173 1801 2220; baseline 0.001 -14"><span class='ocrx_word' id='word_1_225' title='bbox 316 2181 390 2212; x_wconf 57' lang='lat' dir='ltr'>„ma</span> <span class='ocrx_word' id='word_1_226' title='bbox 410 2173 463 2207; x_wconf 88' lang='lat' dir='ltr'>nei</span> <span class='ocrx_word' id='word_1_227' title='bbox 484 2174 551 2215; x_wconf 81' lang='lat' dir='ltr'>figli</span> <span class='ocrx_word' id='word_1_228' title='bbox 575 2175 712 2216; x_wconf 85' lang='lat' dir='ltr'>dipende</span> <span class='ocrx_word' id='word_1_229' title='bbox 732 2177 774 2209; x_wconf 89' lang='lat' dir='ltr'>da</span> <span class='ocrx_word' id='word_1_230' title='bbox 790 2177 890 2218; x_wconf 78' lang='lat' dir='ltr'>sacto</span> <span class='ocrx_word' id='word_1_231' title='bbox 910 2179 1099 2218; x_wconf 58' lang='lat' dir='ltr'>naturale,-</span> <span class='ocrx_word' id='word_1_232' title='bbox 1123 2178 1216 2220; x_wconf 70' lang='lat' dir='ltr'>potra</span> <span class='ocrx_word' id='word_1_233' title='bbox 1237 2178 1370 2219; x_wconf 82' lang='lat' dir='ltr'>dunque</span> <span class='ocrx_word' id='word_1_234' title='bbox 1386 2177 1420 2209; x_wconf 84' lang='lat' dir='ltr'>la</span> <span class='ocrx_word' id='word_1_235' title='bbox 1439 2176 1546 2218; x_wconf 85' lang='lat' dir='ltr'>prima</span> <span class='ocrx_word' id='word_1_236' title='bbox 1557 2175 1732 2217; x_wconf 72' lang='lat' dir='ltr'>cangiarsi,</span> <span class='ocrx_word' id='word_1_237' title='bbox 1745 2182 1801 2207; x_wconf 74' lang='lat' dir='ltr'>ma</span> 
     </span>
     <span class='ocr_line' id='line_1_27' title="bbox 339 2226 1801 2272; baseline 0.001 -14"><span class='ocrx_word' id='word_1_238' title='bbox 339 2234 404 2259; x_wconf 86' lang='lat' dir='ltr'>non</span> <span class='ocrx_word' id='word_1_239' title='bbox 417 2227 508 2267; x_wconf 71' lang='lat' dir='ltr'>patra</span> <span class='ocrx_word' id='word_1_240' title='bbox 523 2227 556 2259; x_wconf 87' lang='lat' dir='ltr'>la</span> <span class='ocrx_word' id='word_1_241' title='bbox 573 2228 721 2260; x_wconf 84' lang='lat' dir='ltr'>seconda.</span> <span class='ocrx_word' id='word_1_242' title='bbox 739 2231 783 2261; x_wconf 90' lang='lat' dir='ltr'>Or</span> <span class='ocrx_word' id='word_1_243' title='bbox 797 2231 821 2262; x_wconf 90' lang='lat' dir='ltr'>il</span> <span class='ocrx_word' id='word_1_244' title='bbox 835 2232 1040 2264; x_wconf 88' lang='lat' dir='ltr'>matrimonio</span> <span class='ocrx_word' id='word_1_245' title='bbox 1051 2231 1214 2264; x_wconf 75' lang='lat' dir='ltr'>stabilisce</span> <span class='ocrx_word' id='word_1_246' title='bbox 1227 2240 1293 2263; x_wconf 81' lang='lat' dir='ltr'>una</span> <span class='ocrx_word' id='word_1_247' title='bbox 1303 2229 1409 2272; x_wconf 82' lang='lat' dir='ltr'>specie</span> <span class='ocrx_word' id='word_1_248' title='bbox 1418 2229 1453 2261; x_wconf 80' lang='lat' dir='ltr'>di</span> <span class='ocrx_word' id='word_1_249' title='bbox 1467 2229 1629 2261; x_wconf 59' lang='lat' dir='ltr'>amici-zia</span> <span class='ocrx_word' id='word_1_250' title='bbox 1640 2236 1662 2261; x_wconf 80' lang='lat' dir='ltr'>e</span> <span class='ocrx_word' id='word_1_251' title='bbox 1673 2227 1752 2269; x_wconf 70' lang='lat' dir='ltr'>pero</span> <span class='ocrx_word' id='word_1_252' title='bbox 1765 2226 1801 2259; x_wconf 76' lang='lat' dir='ltr'>di</span> 
     </span>
     <span class='ocr_line' id='line_1_28' title="bbox 338 2278 1800 2326; baseline 0.009 -16"><span class='ocrx_word' id='word_1_253' title='bbox 338 2279 576 2320; x_wconf 71' lang='lat' dir='ltr'>uquaqlianza</span> <span class='ocrx_word' id='word_1_254' title='bbox 597 2280 647 2313; x_wconf 78' lang='lat' dir='ltr'>fra</span> <span class='ocrx_word' id='word_1_255' title='bbox 670 2282 817 2322; x_wconf 82' lang='lat' dir='ltr'>coniugi,</span> <span class='ocrx_word' id='word_1_256' title='bbox 830 2284 894 2316; x_wconf 85' lang='lat' dir='ltr'>alla</span> <span class='ocrx_word' id='word_1_257' title='bbox 908 2284 1149 2326; x_wconf 74' lang='lat' dir='ltr'>uquaqlianza</span> <span class='ocrx_word' id='word_1_258' title='bbox 1162 2285 1297 2326; x_wconf 86' lang='lat' dir='ltr'>ripugna</span> <span class='ocrx_word' id='word_1_259' title='bbox 1312 2284 1345 2315; x_wconf 80' lang='lat' dir='ltr'>la</span> <span class='ocrx_word' id='word_1_260' title='bbox 1358 2281 1589 2324; x_wconf 61' lang='lat' dir='ltr'>dependerem,</span> <span class='ocrx_word' id='word_1_261' title='bbox 1603 2279 1736 2321; x_wconf 64' lang='lat' dir='ltr'>dunque</span> <span class='ocrx_word' id='word_1_262' title='bbox 1749 2278 1800 2312; x_wconf 65' lang='lat'>‘²⁸</span> 
     </span>
     <span class='ocr_line' id='line_1_29' title="bbox 340 2332 1800 2379; baseline 0.001 -15"><span class='ocrx_word' id='word_1_263' title='bbox 340 2332 372 2364; x_wconf 84' lang='lat' dir='ltr'>le</span> <span class='ocrx_word' id='word_1_264' title='bbox 389 2332 541 2367; x_wconf 74' lang='lat' dir='ltr'>miaziom</span> <span class='ocrx_word' id='word_1_265' title='bbox 567 2333 680 2374; x_wconf 81' lang='lat' dir='ltr'>figliali</span> <span class='ocrx_word' id='word_1_266' title='bbox 694 2343 713 2367; x_wconf 82' lang='lat' dir='ltr'>a</span> <span class='ocrx_word' id='word_1_267' title='bbox 728 2335 759 2367; x_wconf 87' lang='lat' dir='ltr'>le</span> <span class='ocrx_word' id='word_1_268' title='bbox 772 2336 933 2377; x_wconf 76' lang='lat' dir='ltr'>coniugali</span> <span class='ocrx_word' id='word_1_269' title='bbox 954 2338 1120 2379; x_wconf 77' lang='lat' dir='ltr'>apparisce</span> <span class='ocrx_word' id='word_1_270' title='bbox 1140 2337 1268 2371; x_wconf 72' lang='lat' dir='ltr'>natural</span> <span class='ocrx_word' id='word_1_271' title='bbox 1283 2337 1489 2378; x_wconf 73' lang='lat' dir='ltr'>ripugnann.</span> <span class='ocrx_word' id='word_1_272' title='bbox 1503 2334 1593 2366; x_wconf 81' lang='lat' dir='ltr'>Altre</span> <span class='ocrx_word' id='word_1_273' title='bbox 1609 2332 1732 2374; x_wconf 71' lang='lat' dir='ltr'>ragioni</span> <span class='ocrx_word' id='word_1_274' title='bbox 1745 2332 1800 2366; x_wconf 73' lang='lat' dir='ltr'>de-</span> 
     </span>
     <span class='ocr_line' id='line_1_30' title="bbox 340 2385 1801 2434; baseline 0.008 -17"><span class='ocrx_word' id='word_1_275' title='bbox 340 2385 431 2418; x_wconf 77' lang='lat' dir='ltr'>dotte</span> <span class='ocrx_word' id='word_1_276' title='bbox 453 2386 529 2419; x_wconf 87' lang='lat' dir='ltr'>dall’</span> <span class='ocrx_word' id='word_1_277' title='bbox 538 2388 721 2428; x_wconf 82' lang='lat' dir='ltr'>organismo</span> <span class='ocrx_word' id='word_1_278' title='bbox 735 2397 755 2421; x_wconf 82' lang='lat' dir='ltr'>a</span> <span class='ocrx_word' id='word_1_279' title='bbox 768 2390 966 2423; x_wconf 81' lang='lat' dir='ltr'>confermare</span> <span class='ocrx_word' id='word_1_280' title='bbox 979 2392 1025 2423; x_wconf 75' lang='lat' dir='ltr'>tal</span> <span class='ocrx_word' id='word_1_281' title='bbox 1038 2393 1127 2434; x_wconf 75' lang='lat' dir='ltr'>legge</span> <span class='ocrx_word' id='word_1_282' title='bbox 1148 2400 1287 2433; x_wconf 89' lang='lat' dir='ltr'>possono</span> <span class='ocrx_word' id='word_1_283' title='bbox 1311 2389 1437 2423; x_wconf 79' lang='lat' dir='ltr'>vedersi</span> <span class='ocrx_word' id='word_1_284' title='bbox 1462 2397 1572 2430; x_wconf 86' lang='lat' dir='ltr'>presso</span> <span class='ocrx_word' id='word_1_285' title='bbox 1584 2388 1596 2419; x_wconf 92' lang='lat' dir='ltr'>i</span> <span class='ocrx_word' id='word_1_286' title='bbox 1608 2386 1747 2428; x_wconf 72' lang='lat' dir='ltr'>fisiologi</span> <span class='ocrx_word' id='word_1_287' title='bbox 1758 2410 1770 2428; x_wconf 63' lang='grc' dir='ltr'><em>υ</em></span> <span class='ocrx_word' id='word_1_288' title='bbox 1786 2386 1801 2420; x_wconf 69' lang='lat' dir='ltr'>i</span> 
     </span>
     <span class='ocr_line' id='line_1_31' title="bbox 338 2438 1802 2484; baseline 0 -13"><span class='ocrx_word' id='word_1_289' title='bbox 338 2438 428 2480; x_wconf 81' lang='lat' dir='ltr'>quali</span> <span class='ocrx_word' id='word_1_290' title='bbox 453 2448 626 2473; x_wconf 85' lang='lat' dir='ltr'>osscrvano</span> <span class='ocrx_word' id='word_1_291' title='bbox 650 2441 752 2474; x_wconf 84' lang='lat' dir='ltr'>auehe</span> <span class='ocrx_word' id='word_1_292' title='bbox 780 2442 833 2474; x_wconf 86' lang='lat' dir='ltr'>nei</span> <span class='ocrx_word' id='word_1_293' title='bbox 860 2442 946 2475; x_wconf 87' lang='lat' dir='ltr'>bruti</span> <span class='ocrx_word' id='word_1_294' title='bbox 973 2444 1182 2477; x_wconf 85' lang='lat' dir='ltr'>imbastardir</span> <span class='ocrx_word' id='word_1_295' title='bbox 1202 2444 1233 2476; x_wconf 89' lang='lat' dir='ltr'>le</span> <span class='ocrx_word' id='word_1_296' title='bbox 1254 2452 1362 2484; x_wconf 73' lang='lat' dir='ltr'>rane,</span> <span class='ocrx_word' id='word_1_297' title='bbox 1375 2451 1410 2475; x_wconf 84' lang='lat' dir='ltr'>se</span> <span class='ocrx_word' id='word_1_298' title='bbox 1421 2449 1486 2474; x_wconf 87' lang='lat' dir='ltr'>non</span> <span class='ocrx_word' id='word_1_299' title='bbox 1501 2441 1527 2473; x_wconf 84' lang='lat' dir='ltr'>s&#39;</span> <span class='ocrx_word' id='word_1_300' title='bbox 1537 2440 1733 2472; x_wconf 75' lang='lat' dir='ltr'>incrociano.</span> <span class='ocrx_word' id='word_1_301' title='bbox 1747 2440 1802 2472; x_wconf 69' lang='grc' dir='ltr'>Π·</span> 
     </span>
     <span class='ocr_line' id='line_1_32' title="bbox 339 2491 1802 2538; baseline 0.001 -15"><span class='ocrx_word' id='word_1_302' title='bbox 339 2500 433 2524; x_wconf 78' lang='lat' dir='ltr'>senza</span> <span class='ocrx_word' id='word_1_303' title='bbox 458 2491 615 2525; x_wconf 84' lang='lat' dir='ltr'>ricorrere</span> <span class='ocrx_word' id='word_1_304' title='bbox 629 2502 650 2525; x_wconf 87' lang='lat' dir='ltr'>a</span> <span class='ocrx_word' id='word_1_305' title='bbox 664 2495 793 2534; x_wconf 84' lang='lat' dir='ltr'>queste,</span> <span class='ocrx_word' id='word_1_306' title='bbox 808 2494 868 2527; x_wconf 83' lang='lat' dir='ltr'>che</span> <span class='ocrx_word' id='word_1_307' title='bbox 881 2494 923 2526; x_wconf 86' lang='lat' dir='ltr'>da</span> <span class='ocrx_word' id='word_1_308' title='bbox 934 2496 1037 2528; x_wconf 84' lang='lat' dir='ltr'>taluni</span> <span class='ocrx_word' id='word_1_309' title='bbox 1050 2498 1249 2538; x_wconf 77' lang='lat' dir='ltr'>potrebbono</span> <span class='ocrx_word' id='word_1_310' title='bbox 1261 2497 1346 2529; x_wconf 77' lang='lat' dir='ltr'>forse</span> <span class='ocrx_word' id='word_1_311' title='bbox 1361 2493 1521 2528; x_wconf 70' lang='lat' dir='ltr'>revocarat</span> <span class='ocrx_word' id='word_1_312' title='bbox 1532 2494 1568 2525; x_wconf 85' lang='lat' dir='ltr'>in</span> <span class='ocrx_word' id='word_1_313' title='bbox 1581 2493 1722 2534; x_wconf 87' lang='lat' dir='ltr'>dubbio,</span> <span class='ocrx_word' id='word_1_314' title='bbox 1735 2499 1802 2524; x_wconf 74' lang='lat' dir='ltr'>uua</span> 
     </span>
     <span class='ocr_line' id='line_1_33' title="bbox 341 2544 1801 2591; baseline 0.003 -16"><span class='ocrx_word' id='word_1_315' title='bbox 341 2552 381 2576; x_wconf 88' lang='lat' dir='ltr'>ve</span> <span class='ocrx_word' id='word_1_316' title='bbox 397 2544 469 2585; x_wconf 76' lang='lat' dir='ltr'>n’e,</span> <span class='ocrx_word' id='word_1_317' title='bbox 484 2545 544 2577; x_wconf 84' lang='lat' dir='ltr'>che</span> <span class='ocrx_word' id='word_1_318' title='bbox 558 2545 589 2578; x_wconf 86' lang='lat' dir='ltr'>al</span> <span class='ocrx_word' id='word_1_319' title='bbox 603 2546 660 2587; x_wconf 77' lang='lat' dir='ltr'>piu</span> <span class='ocrx_word' id='word_1_320' title='bbox 674 2547 874 2588; x_wconf 87' lang='lat' dir='ltr'>superficiale</span> <span class='ocrx_word' id='word_1_321' title='bbox 886 2551 1084 2582; x_wconf 81' lang='lat' dir='ltr'>osservatore</span> <span class='ocrx_word' id='word_1_322' title='bbox 1096 2559 1157 2591; x_wconf 87' lang='lat' dir='ltr'>pur</span> <span class='ocrx_word' id='word_1_323' title='bbox 1170 2551 1253 2583; x_wconf 86' lang='lat' dir='ltr'>salta</span> <span class='ocrx_word' id='word_1_324' title='bbox 1267 2550 1331 2590; x_wconf 81' lang='lat' dir='ltr'>agli</span> <span class='ocrx_word' id='word_1_325' title='bbox 1343 2547 1458 2581; x_wconf 68' lang='lat' dir='ltr'>ocelli:</span> <span class='ocrx_word' id='word_1_326' title='bbox 1478 2547 1532 2578; x_wconf 85' lang='lat' dir='ltr'>nel</span> <span class='ocrx_word' id='word_1_327' title='bbox 1549 2546 1692 2587; x_wconf 78' lang='lat' dir='ltr'>genitore</span> <span class='ocrx_word' id='word_1_328' title='bbox 1710 2552 1801 2578; x_wconf 65' lang='lat' dir='ltr'>own</span> 
     </span>
     <span class='ocr_line' id='line_1_34' title="bbox 341 2596 1801 2642; baseline 0 -13"><span class='ocrx_word' id='word_1_329' title='bbox 341 2596 374 2629; x_wconf 82' lang='lat' dir='ltr'>la</span> <span class='ocrx_word' id='word_1_330' title='bbox 389 2596 551 2632; x_wconf 62' lang='lat' dir='ltr'>recondita</span> <span class='ocrx_word' id='word_1_331' title='bbox 566 2599 705 2631; x_wconf 78' lang='lat' dir='ltr'>secondo</span> <span class='ocrx_word' id='word_1_332' title='bbox 717 2600 741 2632; x_wconf 89' lang='lat' dir='ltr'>il</span> <span class='ocrx_word' id='word_1_333' title='bbox 757 2602 910 2632; x_wconf 82' lang='lat' dir='ltr'>consueto</span> <span class='ocrx_word' id='word_1_334' title='bbox 924 2601 1117 2634; x_wconf 86' lang='lat' dir='ltr'>andamento</span> <span class='ocrx_word' id='word_1_335' title='bbox 1126 2602 1161 2634; x_wconf 90' lang='lat' dir='ltr'>di</span> <span class='ocrx_word' id='word_1_336' title='bbox 1169 2604 1284 2635; x_wconf 79' lang='lat' dir='ltr'>natura</span> <span class='ocrx_word' id='word_1_337' title='bbox 1295 2610 1316 2634; x_wconf 84' lang='lat' dir='ltr'>a</span> <span class='ocrx_word' id='word_1_338' title='bbox 1326 2599 1435 2642; x_wconf 75' lang='lat' dir='ltr'>quella</span> <span class='ocrx_word' id='word_1_339' title='bbox 1448 2607 1548 2640; x_wconf 80' lang='lat' dir='ltr'>epoca</span> <span class='ocrx_word' id='word_1_340' title='bbox 1558 2598 1592 2630; x_wconf 87' lang='lat' dir='ltr'>in</span> <span class='ocrx_word' id='word_1_341' title='bbox 1602 2598 1688 2630; x_wconf 78' lang='lat' dir='ltr'>circa</span> <span class='ocrx_word' id='word_1_342' title='bbox 1698 2597 1733 2630; x_wconf 85' lang='lat' dir='ltr'>in</span> <span class='ocrx_word' id='word_1_343' title='bbox 1745 2597 1801 2629; x_wconf 86' lang='lat' dir='ltr'>cui</span> 
     </span>
     <span class='ocr_line' id='line_1_35' title="bbox 340 2649 1802 2693; baseline 0.001 -13"><span class='ocrx_word' id='word_1_344' title='bbox 340 2649 393 2681; x_wconf 85' lang='lat' dir='ltr'>nei</span> <span class='ocrx_word' id='word_1_345' title='bbox 409 2649 478 2691; x_wconf 79' lang='lat' dir='ltr'>figli</span> <span class='ocrx_word' id='word_1_346' title='bbox 500 2651 670 2684; x_wconf 86' lang='lat' dir='ltr'>comincia.</span> <span class='ocrx_word' id='word_1_347' title='bbox 686 2654 825 2693; x_wconf 88' lang='lat' dir='ltr'>Dunque</span> <span class='ocrx_word' id='word_1_348' title='bbox 842 2653 915 2685; x_wconf 86' lang='lat' dir='ltr'>nell’</span> <span class='ocrx_word' id='word_1_349' title='bbox 927 2653 1049 2686; x_wconf 88' lang='lat' dir='ltr'>intento</span> <span class='ocrx_word' id='word_1_350' title='bbox 1069 2655 1121 2687; x_wconf 85' lang='lat' dir='ltr'>del</span> <span class='ocrx_word' id='word_1_351' title='bbox 1135 2657 1288 2688; x_wconf 80' lang='lat' dir='ltr'>creatore</span> <span class='ocrx_word' id='word_1_352' title='bbox 1310 2653 1441 2687; x_wconf 71' lang='lat' dir='ltr'>codesta</span> <span class='ocrx_word' id='word_1_353' title='bbox 1460 2650 1722 2692; x_wconf 65' lang='lat' dir='ltr'>congiuuziouee</span> <span class='ocrx_word' id='word_1_354' title='bbox 1736 2650 1802 2683; x_wconf 81' lang='lat' dir='ltr'>vie-</span> 
     </span>
     <span class='ocr_line' id='line_1_36' title="bbox 339 2702 1802 2747; baseline 0.001 -12"><span class='ocrx_word' id='word_1_355' title='bbox 339 2702 418 2735; x_wconf 73' lang='lat' dir='ltr'>tata.</span> <span class='ocrx_word' id='word_1_356' title='bbox 429 2719 439 2726; x_wconf 95' lang='lat'><strong>·</strong></span> <span class='ocrx_word' id='word_1_357' title='bbox 450 2703 486 2735; x_wconf 91' lang='lat' dir='ltr'>L’</span> <span class='ocrx_word' id='word_1_358' title='bbox 501 2705 662 2737; x_wconf 75' lang='lat' dir='ltr'>amicizia</span> <span class='ocrx_word' id='word_1_359' title='bbox 675 2705 729 2746; x_wconf 87' lang='lat' dir='ltr'>poi</span> <span class='ocrx_word' id='word_1_360' title='bbox 748 2706 808 2738; x_wconf 84' lang='lat' dir='ltr'>che</span> <span class='ocrx_word' id='word_1_361' title='bbox 820 2705 880 2738; x_wconf 86' lang='lat' dir='ltr'>dee</span> <span class='ocrx_word' id='word_1_362' title='bbox 896 2706 1001 2747; x_wconf 83' lang='lat' dir='ltr'>legare</span> <span class='ocrx_word' id='word_1_363' title='bbox 1019 2708 1281 2741; x_wconf 75' lang='lat' dir='ltr'>naturalmente</span> <span class='ocrx_word' id='word_1_364' title='bbox 1296 2707 1308 2739; x_wconf 93' lang='lat' dir='ltr'>i</span> <span class='ocrx_word' id='word_1_365' title='bbox 1323 2705 1493 2740; x_wconf 83' lang='lat' dir='ltr'>domestici</span> <span class='ocrx_word' id='word_1_366' title='bbox 1510 2704 1705 2737; x_wconf 72' lang='lat' dir='ltr'>tenderehbe</span> <span class='ocrx_word' id='word_1_367' title='bbox 1718 2704 1802 2737; x_wconf 82' lang='lat' dir='ltr'>colle</span> 
     </span>
     <span class='ocr_line' id='line_1_37' title="bbox 340 2754 1802 2801; baseline 0.003 -16"><span class='ocrx_word' id='word_1_368' title='bbox 340 2754 481 2795; x_wconf 81' lang='lat' dir='ltr'>passioni</span> <span class='ocrx_word' id='word_1_369' title='bbox 505 2756 765 2790; x_wconf 78' lang='lat' dir='ltr'>naturalmente</span> <span class='ocrx_word' id='word_1_370' title='bbox 785 2766 806 2790; x_wconf 79' lang='lat' dir='ltr'>a</span> <span class='ocrx_word' id='word_1_371' title='bbox 829 2757 963 2798; x_wconf 74' lang='lat' dir='ltr'>togliere</span> <span class='ocrx_word' id='word_1_372' title='bbox 986 2759 1061 2800; x_wconf 86' lang='lat' dir='ltr'>ogni</span> <span class='ocrx_word' id='word_1_373' title='bbox 1085 2760 1194 2801; x_wconf 85' lang='lat' dir='ltr'>freno,</span> <span class='ocrx_word' id='word_1_374' title='bbox 1211 2761 1272 2792; x_wconf 88' lang='lat' dir='ltr'>che</span> <span class='ocrx_word' id='word_1_375' title='bbox 1285 2759 1374 2792; x_wconf 82' lang='lat' dir='ltr'>dalla</span> <span class='ocrx_word' id='word_1_376' title='bbox 1387 2757 1516 2798; x_wconf 84' lang='lat' dir='ltr'>ragione</span> <span class='ocrx_word' id='word_1_377' title='bbox 1529 2758 1756 2798; x_wconf 80' lang='lat' dir='ltr'>s’impongono</span> <span class='ocrx_word' id='word_1_378' title='bbox 1768 2757 1802 2790; x_wconf 75' lang='lat' dir='ltr'>al</span> 
     </span>
     <span class='ocr_line' id='line_1_38' title="bbox 341 2806 1802 2854; baseline 0.003 -15"><span class='ocrx_word' id='word_1_379' title='bbox 341 2806 529 2849; x_wconf 82' lang='lat' dir='ltr'>maritaggio</span> <span class='ocrx_word' id='word_1_380' title='bbox 552 2808 744 2843; x_wconf 86' lang='lat' dir='ltr'>dell&#39;uomo.</span> <span class='ocrx_word' id='word_1_381' title='bbox 757 2812 805 2844; x_wconf 84' lang='lat' dir='ltr'>La</span> <span class='ocrx_word' id='word_1_382' title='bbox 829 2812 928 2844; x_wconf 74' lang='lat' dir='ltr'>stessa</span> <span class='ocrx_word' id='word_1_383' title='bbox 949 2812 1080 2853; x_wconf 83' lang='lat' dir='ltr'>ragione</span> <span class='ocrx_word' id='word_1_384' title='bbox 1099 2813 1177 2845; x_wconf 81' lang='lat' dir='ltr'>vuol</span> <span class='ocrx_word' id='word_1_385' title='bbox 1197 2812 1330 2854; x_wconf 83' lang='lat' dir='ltr'>dunque</span> <span class='ocrx_word' id='word_1_386' title='bbox 1343 2811 1404 2844; x_wconf 80' lang='lat' dir='ltr'>che</span> <span class='ocrx_word' id='word_1_387' title='bbox 1416 2819 1478 2843; x_wconf 85' lang='lat' dir='ltr'>ove</span> <span class='ocrx_word' id='word_1_388' title='bbox 1493 2810 1530 2843; x_wconf 83' lang='lat' dir='ltr'>la</span> <span class='ocrx_word' id='word_1_389' title='bbox 1543 2809 1764 2845; x_wconf 69' lang='lat' dir='ltr'>conmunione</span> <span class='ocrx_word' id='word_1_390' title='bbox 1781 2808 1802 2843; x_wconf 69' lang='grc' dir='ltr'>ὲ</span> 
     </span>
     <span class='ocr_line' id='line_1_39' title="bbox 341 2859 1752 2907; baseline 0.002 -14"><span class='ocrx_word' id='word_1_391' title='bbox 341 2859 516 2903; x_wconf 62' lang='lat' dir='ltr'>naturale,</span> <span class='ocrx_word' id='word_1_392' title='bbox 530 2862 579 2895; x_wconf 84' lang='lat' dir='ltr'>sia</span> <span class='ocrx_word' id='word_1_393' title='bbox 594 2863 758 2897; x_wconf 59' lang='lat' dir='ltr'>naturast</span> <span class='ocrx_word' id='word_1_394' title='bbox 771 2872 815 2897; x_wconf 88' lang='lat' dir='ltr'>un</span> <span class='ocrx_word' id='word_1_395' title='bbox 829 2864 973 2906; x_wconf 80' lang='lat' dir='ltr'>maggior</span> <span class='ocrx_word' id='word_1_396' title='bbox 988 2864 1111 2907; x_wconf 78' lang='lat' dir='ltr'>ritegno</span> <span class='ocrx_word' id='word_1_397' title='bbox 1123 2866 1207 2900; x_wconf 69' lang='lat' dir='ltr'>eto.»</span> <span class='ocrx_word' id='word_1_398' title='bbox 1220 2863 1311 2907; x_wconf 78' lang='lat' dir='ltr'>quod</span> <span class='ocrx_word' id='word_1_399' title='bbox 1323 2863 1441 2898; x_wconf 81' lang='lat' dir='ltr'>deinde</span> <span class='ocrx_word' id='word_1_400' title='bbox 1456 2863 1521 2898; x_wconf 82' lang='lat' dir='ltr'>late</span> <span class='ocrx_word' id='word_1_401' title='bbox 1534 2862 1752 2907; x_wconf 74' lang='lat' dir='ltr'>prosequitur.</span> 
     </span>
    </p>
   </div>
  </div>
 </body>
</html>
