1980 3260
371 215 430 260 34
678 226 756 257 Lm.
786 225 831 255 11.
860 223 973 255 SECT.
1002 224 1030 254 1.
1060 223 1110 253 DE
1135 221 1298 252 POTEST.
1330 223 1495 255 ECCLES.

370 313 580 367 potestate
613 301 666 347 ad
691 300 810 348 solos
837 316 963 362 reges
986 315 1037 345 ac
1071 297 1295 362 principes
1325 297 1479 345 civiles
1507 301 1745 361 pertinere,
1783 313 1830 349 ut

367 378 552 425 ecclesia
580 385 768 438 nequeat
785 375 882 421 sine
901 372 1187 437 usurpatione
1205 409 1215 427 ,
1253 381 1328 417 aut
1350 371 1625 433 indulgentia
1657 386 1701 422 et
1716 393 1820 423 con-

369 453 568 500 cessione
602 450 851 514 principum
875 449 986 495 illud
1009 464 1211 495 exercere
1238 448 1321 509 (3).
1352 447 1461 493 Cum
1484 464 1588 494 vero
1610 448 1822 498 dissimu-

368 527 457 573 lare
473 543 559 573 non
578 535 727 590 posset
742 524 972 572 concilium
995 522 1280 569 tridentinum
1313 539 1424 569 sess.
1450 523 1579 568 XXIV
1621 540 1720 570 can.
1738 525 1815 572 m.

367 613 411 649 et
443 603 512 647 IV.
541 602 774 648 anathema
798 601 842 646 in
867 617 943 646 eos
963 599 1118 645 tulisse
1134 636 1143 654 ‚
1173 598 1250 662 qui
1275 598 1468 644 dixerint
1489 617 1497 644 :
1532 618 1553 642 «
1576 599 1821 647 Ecclesiam

369 694 454 723 non
479 694 609 741 posse
631 675 894 722 constituere
912 674 1226 738 impedimenta
1252 673 1580 720 matrimonium
1609 674 1822 722 dirimen-

369 753 450 807 εἰει,
476 746 617 814 »⁴ipse
649 767 725 797 eos
749 750 924 813 negavit
952 766 1051 796 esse
1076 748 1347 812 dogmaticos
1371 767 1380 803 3
1419 759 1511 796 tum
1547 766 1659 797 novo
1691 749 1821 814 plane

367 843 418 871 ac
441 836 569 872 antea
593 825 791 873 inaudito
812 824 1032 889 paradoxo
1065 824 1248 879 effutiit,
1277 823 1538 870 tridentinos
1570 835 1716 888 patres
1751 843 1822 872 ec-

368 901 529 947 clesiae
563 900 740 947 nomine
772 917 897 962 reges
931 916 982 946 ac
1019 898 1242 964 principes
1282 898 1593 961 significasse,
1632 917 1819 963 quorum

367 975 594 1022 dumtaxat
632 975 809 1022 nomine
853 985 895 1021 et
935 974 1191 1020 auctoritate
1223 982 1366 1037 potest
1399 972 1587 1020 ecclesia
1629 985 1821 1023 statuere

368 1050 699 1113 impedimenta.
723 1049 971 1095 Temerario
987 1048 1093 1094 huic
1111 1048 1275 1094 auctori
1296 1064 1395 1094 sese
1412 1060 1711 1111 opposuerunt
1734 1068 1820 1097 non

369 1125 496 1188 pauci
516 1163 524 1180 ‚
563 1122 683 1189 iique
700 1124 946 1171 doctissimi
966 1124 1201 1188 scriptores
1219 1160 1229 1179 ,
1259 1124 1373 1170 inter
1395 1140 1507 1187 quos
1541 1124 1823 1172 eminuerunt

366 1200 625 1246 Dominicus
663 1200 863 1247 Galesius
894 1199 1165 1246 Rubensium
1197 1199 1433 1262 episcopus
1461 1200 1549 1260 (4),
1583 1217 1715 1263 quem
1739 1200 1823 1246 im-

368 1292 562 1339 pugnare
587 1276 806 1322 Launoius
836 1291 1073 1337 aggressus
1103 1284 1171 1321 est
1201 1275 1293 1336 (5);
1327 1291 1406 1321 nec
1438 1271 1525 1321 non
1561 1274 1820 1323 Leullierius

368 1350 445 1414 qui
469 1350 629 1397 malam
664 1350 846 1397 Launoii
879 1349 1010 1396 fidem
1046 1349 1091 1395 in
1115 1349 1351 1396 afferendis
1379 1349 1570 1397 textibus
1594 1349 1722 1397 foede
1744 1350 1821 1398 de—

367 1425 559 1488 pravatis
594 1426 795 1489 apprime
828 1425 992 1472 detexit
1030 1427 1113 1486 (6).
1389 1421 1391 1423 ’

462 1500 645 1547 Launoii
680 1499 879 1562 vestigiis
908 1500 1163 1547 institerunt
1195 1517 1282 1548 non
1315 1501 1444 1564 pauci
1480 1501 1716 1558 causidici,
1747 1519 1822 1550 ca-

358 1574 568 1622 ·nonistae
589 1612 599 1631 ,
637 1584 767 1640 atque
801 1574 991 1637 theologi
1017 1585 1108 1622 tum
1134 1575 1179 1621 in
1211 1575 1389 1623 Austria
1411 1613 1421 1631 ‚
1449 1585 1541 1622 tum
1571 1576 1617 1622 in
1642 1575 1815 1633 Galliis,

454 1721 499 1761 (3)
520 1722 573 1752 Sic
596 1721 685 1753 enim
708 1721 819 1754 scribit
845 1731 898 1763 op.
927 1722 981 1754 cit.
1018 1723 1081 1754 art.
1110 1725 1140 1754 4.
1171 1731 1202 1754 c.
1231 1726 1261 1754 5.
1287 1722 1402 1754 Colon.
1430 1721 1593 1762 Allobrog.
1623 1724 1711 1754 1734.
1738 1731 1814 1763 opp.

367 1774 446 1805 tom.
476 1775 502 1805 Ι.
530 1782 601 1814 pag.
634 1776 706 1806 749.
734 1782 801 1815 seq.
831 1773 1064 1815 «spiritualem
1095 1775 1284 1815 potestatem
1311 1773 1352 1805 ab
1379 1773 1518 1806 seculari
1546 1772 1686 1813 pendere
1710 1774 1818 1815 quoad

368 1827 513 1858 naturam
541 1825 646 1858 civilis
666 1826 849 1858 contractus
873 1826 1094 1864 matrimonii,
1117 1826 1169 1857 cui
1196 1826 1260 1858 iam
1282 1825 1423 1865 legitime
1436 1825 1521 1857 sacto
1545 1824 1704 1858 divinitus
1728 1834 1817 1858 acce·

367 1876 418 1909 dit
440 1877 530 1909 ratio.
547 1877 760 1917 sacramenti,
787 1877 963 1910 secularem
987 1879 1176 1919 potestatem
1201 1886 1220 1909 a
1245 1877 1404 1918 spirituali
1433 1877 1570 1918 pendere
1593 1878 1702 1918 quoad
1724 1877 1819 1910 mini·

370 1929 501 1960 sterium
530 1930 717 1961 sacramenti
743 1930 959 1970 matrimonii,
987 1938 1052 1970 qua
1076 1931 1310 1962 sacramentum
1337 1931 1407 1962 est:
1436 1930 1519 1961 hanc
1544 1931 1690 1962 mutuam
1713 1929 1819 1962 civilis

370 1981 403 2012 et
427 1980 601 2021 spiritualis
625 1981 791 2021 potestatis
821 1981 1117 2013 subordinationem
1144 1980 1272 2013 doctam
1307 1981 1406 2013 fuisse
1431 1990 1451 2013 a
1476 1981 1606 2013 Gelasio
1631 1983 1665 2013 et
1686 1981 1820 2014 Nicolao

367 2032 592 2073 pontificibus3
621 2034 883 2074 impedimentum
903 2034 1144 2066 matrimonium
1172 2034 1326 2066 dirimens
1352 2043 1391 2066 ex
1413 2042 1447 2065 se
1474 2042 1598 2075 suoque
1618 2042 1732 2075 genere
1752 2042 1821 2067 esse

361 2085 460 2116 civile
474 2108 484 2125 ,
501 2093 566 2116 non
579 2085 762 2125 spirituale:
785 2086 943 2118 seculares
961 2086 1120 2127 principes
1138 2085 1366 2126 impedimenta
1380 2085 1622 2118 matrimonium
1637 2085 1819 2118 dirimentia

367 2139 505 2170 statuere
526 2146 637 2178 posse,
653 2138 776 2170 secluso
797 2139 1003 2171 sacerdotalis
1025 2139 1149 2171 ordinis
1161 2147 1336 2179 consensu,
1357 2138 1412 2179 qui
1427 2138 1621 2171 secularium
1641 2138 1821 2179 principum

366 2190 490 2231 iegibus
511 2190 682 2223 obediendi
705 2192 923 2224 necessitatem
952 2191 1071 2232 addat,
1107 2192 1198 2232 quasi
1235 2192 1319 2233 leges
1345 2192 1419 2223 illae
1450 2200 1489 2223 ex
1523 2200 1558 2224 se
1585 2200 1651 2224 non
1671 2190 1819 2233 idoneam

367 2242 434 2274 vim
459 2242 622 2284 obligandi
646 2243 821 2284 haberent;
850 2244 1077 2277 sacerdotalem
1111 2244 1257 2276 ordinem
1288 2253 1411 2276 sacram
1437 2243 1623 2285 pontificum
1646 2244 1816 2276 auctorita-

367 2295 431 2328 tem
455 2303 520 2326 non
544 2303 637 2336 posse
670 2295 740 2327 sine
774 2303 927 2327 consensu
958 2296 1138 2337 principum
1166 2296 1394 2338 impedimenta
1423 2295 1607 2328 dirimentia
1632 2296 1784 2328 statuere.
1802 2309 1817 2323 u

454 2347 498 2388 (4)
520 2349 556 2379 ln
579 2356 631 2388 op.
658 2347 900 2380 Ecclesiastica
923 2350 958 2380 in
982 2350 1241 2381 matrimonium
1259 2350 1425 2390 potestas.
1452 2347 1657 2389 Apoloqema
1677 2356 1742 2389 pro
1763 2357 1818 2380 ve·

366 2401 557 2431 iustissima
571 2401 605 2431 et
619 2399 791 2431 catholica
811 2398 970 2431 doctrina
995 2399 1036 2431 de
1054 2402 1130 2432 iure
1150 2400 1310 2433 ecclesiae
1328 2403 1365 2433 in
1385 2398 1581 2432 sanciendis
1601 2399 1733 2441 leyibus
1747 2408 1818 2432 ma-

365 2453 566 2484 trimonium
587 2451 850 2493 impedientibus
873 2454 906 2484 et
931 2451 1183 2485 dirimentibus.
1207 2455 1327 2486 Romae.
1354 2455 1442 2486 1677.
1471 2452 1536 2484 vol.
1561 2461 1616 2484 un.
1646 2453 1680 2484 in
1705 2455 1736 2485 4.

452 2503 497 2544 (5)
517 2505 554 2535 In
579 2504 636 2536 lib.
666 2504 731 2536 iam
758 2504 813 2536 cit.
842 2506 986 2536 Ioannis
1005 2506 1150 2537 Launoii
1174 2507 1412 2538 contentorum
1437 2506 1473 2537 in
1499 2504 1588 2537 libro
1613 2505 1740 2538 Galesii
1768 2513 1818 2538 er-

363 2557 524 2588 ratorum
541 2555 648 2588 index
673 2555 973 2597 locupletissimus.
992 2557 1092 2589 Paris.
1122 2561 1209 2590 1677.
1237 2558 1320 2590 inter
1345 2565 1421 2599 opp.
1447 2557 1584 2589 Launoii
1611 2557 1662 2589 ed.
1697 2559 1730 2590 et
1754 2557 1817 2591 loc.

361 2608 417 2640 cit.
439 2616 510 2648 pag.
542 2612 708 2641 ssa-1000.
1662 2602 1673 2614 ⁶

451 2660 495 2700 (6)
520 2662 562 2692 In
585 2659 715 2692 tibrum
737 2662 898 2701 Mayiscrz·
927 2662 1069 2693 Launoii
1094 2662 1240 2704 theoloqi
1264 2663 1465 2704 parisiensis
1479 2685 1488 2702 ,
1513 2663 1574 2703 qui
1592 2662 1816 2695 inscribitur:

363 2713 468 2752 Βορέα
484 2713 520 2744 in
545 2714 807 2746 matrimonium
829 2714 981 2754 potestas
1004 2714 1278 2755 observationes,
1294 2716 1435 2747 auctore
1454 2713 1608 2756 theoloye
1619 2716 1815 2757 parisiensi.

340 2771 342 2773 ·
364 2763 464 2795 Paris.
498 2767 584 2797 1678.
612 2770 650 2796 ac
677 2765 834 2806 reperitur
849 2766 881 2797 in
900 2765 1087 2799 collectione
1103 2776 1177 2808 opp.
1193 2767 1327 2800 Launoii
1343 2767 1394 2799 ed.
1412 2767 1468 2799 cit.
1485 2769 1564 2800 tom.
1584 2770 1641 2801 lv.
1667 2769 1750 2809 part.
1773 2761 1815 2800 il.

362 2824 434 2856 pag.
455 2819 596 2849 149-301.
