1980 3260
229 247 317 277 mr.
343 246 403 276 ιιι.
419 246 468 275 ni:
489 245 602 275 scen.
621 244 784 276 rorsssr.
803 244 962 276 msam
980 242 1477 275 im.m.irn.nin.2mr.111.
1519 227 1541 271 1
1552 226 1608 271 25

146 323 354 387 expensis
379 322 529 369 causis
560 322 674 369 hanc
710 322 854 384 ipsam
882 321 1054 368 veniam
1083 320 1231 375 dedit,
1263 330 1306 367 et
1338 320 1399 366 ita
1431 319 1611 383 nuptiae

149 397 247 444 illae
270 398 531 445 conciliatae
555 407 660 444 sunt
682 408 730 444 ut
754 397 884 444 refert
910 395 1164 461 Raynaldus
1183 397 1298 456 (81).
1314 395 1443 442 Aliud
1468 412 1613 442 exem-

141 474 267 539 'plum
311 474 599 539 suppeditant
641 474 844 521 Clemens
885 472 954 518 vl.
992 482 1034 519 et
1072 471 1352 519 Innocentius
1386 472 1454 517 Vl.
1493 471 1611 535 apud

146 549 371 596 Baluzium
397 552 511 611 (82).
537 551 644 596 Item
670 550 856 596 Ioannes
874 549 1006 594 XXll.
1031 548 1106 612 qui
1134 548 1335 603 veniam,
1360 565 1490 611 quam
1521 564 1614 611 pro-

149 636 242 690 pter
273 625 549 688 cognationis
586 624 949 689 impedimentum
986 623 1231 686 Aragoniae
1265 640 1337 669 rex
1368 622 1425 669 ali
1454 640 1502 668 se
1539 640 1615 686 po-

148 702 387 748 stulaverat
418 701 659 747 concedere
693 700 838 745 renuit
871 700 988 763 apud
1025 699 1299 763 Raynaldum
1340 701 1454 760 (83).
1485 699 1614 745 Plura

148 777 235 823 alia
267 776 485 823 eiusmodi
519 775 720 838 exempla
748 785 1054 839 suppeterent,
1086 792 1200 838 quae
1231 791 1412 821 necesse
1437 794 1523 822 non
1548 785 1615 822 est

148 870 226 916 per
267 851 442 914 singula
489 850 665 896 referre.
714 850 891 896 Interim
937 867 989 896 ex
1030 849 1175 895 allatis
1216 849 1459 896 luculenter
1499 862 1615 915 patet

148 927 368 991 quomodo
402 926 570 973 iamdiu
604 937 705 972 ante
738 925 1024 971 tridentinum
1060 925 1294 972 concilium
1325 926 1526 988 cognitae
1561 944 1612 973 ac

149 1014 346 1050 servatae
379 1002 540 1048 fuerint
573 1001 846 1048 conditiones
882 1000 938 1046 ab
961 1000 1115 1047 eodem
1151 1001 1337 1048 concilio
1373 1001 1615 1047 recensitae

148 1078 204 1124 ad
229 1078 393 1125 licitam
418 1078 729 1124 relaxationem
756 1077 1028 1130 faciendam,
1064 1094 1221 1140 maqna
1246 1077 1414 1124 scilicet
1447 1079 1615 1124 utilitas

149 1164 224 1200 aut
257 1155 484 1200 necessitas
517 1163 593 1199 aut
627 1169 779 1200 caussa
812 1152 1112 1206 rationabilis,
1152 1169 1264 1216 quas
1302 1163 1469 1199 tantum
1507 1153 1613 1199 illud

152 1229 377 1276 renovavit
410 1246 462 1276 ac
488 1228 690 1276 sancivit.

245 1294 378 1352 Hisce
401 1304 690 1352 nihilominus
725 1320 810 1351 non
835 1303 1141 1358 obstantibus,
1176 1303 1386 1352 relaxatio
1420 1305 1523 1351 data
1547 1316 1614 1352 est

151 1397 237 1428 non
272 1391 496 1445 tamquam
530 1398 584 1427 ea)
619 1381 786 1427 iustitia
815 1379 990 1435 debita,
1021 1380 1098 1426 sed
1130 1398 1184 1438 ezr
1213 1382 1386 1443 qratia,
1426 1392 1473 1428 ut
1497 1392 1616 1446 patet

150 1473 202 1501 ex
243 1456 554 1521 rescriptorum
601 1456 829 1503 allatorum
870 1456 1048 1511 verbis,
1097 1465 1139 1503 et
1180 1456 1241 1502 ita
1277 1473 1325 1503 se
1364 1467 1617 1504 constanter

150 1543 381 1592 gesserunt
410 1550 517 1579 rom.
560 1532 788 1597 pontifices
815 1533 908 1579 sive
940 1543 1039 1578 ante
1075 1532 1167 1579 sive
1196 1543 1296 1596 post
1329 1533 1611 1580 tridentinum

150 1606 392 1653 decretum.

247 1682 374 1738 Quod
399 1684 437 1730 si
473 1683 654 1730 nimium
695 1684 902 1748 frequens
938 1694 980 1730 et
1008 1684 1131 1747 larga
1161 1684 1398 1747 gratiarum
1425 1683 1582 1731 effusio
1600 1722 1609 1740 ‚

152 1768 198 1804 ut
232 1758 425 1822 loquitur
458 1759 659 1807 Clemens
686 1761 753 1806 lv.
783 1761 900 1821 (84),
930 1760 1142 1806 scandala
1167 1778 1253 1807 non
1283 1778 1381 1807 raro
1416 1760 1609 1823 peperit,

152 1851 254 1879 num
282 1833 384 1880 huic
413 1845 500 1881 tam
529 1835 677 1897 largae
702 1835 939 1898 gratiarum
968 1835 1174 1882 effusioni
1200 1846 1494 1899 opportunum
1520 1835 1616 1881 obi-

151 1927 243 1957 cem
271 1911 495 1975 posuisset
523 1912 758 1959 concilium
778 1950 788 1969 ,
820 1912 857 1959 si
884 1912 1133 1959 facultatem
1165 1930 1245 1959 suo
1269 1913 1441 1960 decreto
1465 1911 1617 1959 dedis-

152 1996 217 2032 set
248 1986 469 2051 episcopis
507 1987 696 2050 singulis
733 1987 1047 2052 impedimenta
1080 1987 1333 2043 relaxandi,
1362 1987 1540 2052 quando
1571 1987 1616 2033 id

152 2063 392 2109 necessitas
411 2075 452 2110 et
470 2064 585 2110 iusta
603 2081 739 2110 causa
759 2063 1050 2128 postularent,
1076 2064 1184 2110 adeo
1203 2074 1250 2110 ut
1275 2075 1520 2111 reservatae
1540 2064 1616 2110 de-

152 2137 256 2184 hinc
274 2149 425 2184 essent
448 2139 716 2202 apostolicae
736 2139 830 2185 sedi
865 2138 1154 2186 relaxationes
1175 2149 1340 2185 tantum
1374 2157 1428 2185 eoe
1445 2140 1611 2202 qratia,

152 2214 392 2278 permissae
416 2231 518 2261 vero
542 2214 631 2261 imo
665 2226 706 2261 et
732 2215 954 2260 iniunctae
985 2214 1173 2277 singulis
1198 2214 1421 2279 episcopis
1449 2214 1617 2261 relaxa-

153 2289 294 2337 tiones
329 2309 384 2336 eoe
409 2291 576 2336 iustitia
593 2291 615 2336 P
638 2307 767 2337 nemo
791 2301 890 2355 post
917 2308 969 2337 ea
987 2307 1101 2354 quae
1131 2290 1344 2337 hactenus
1368 2290 1487 2338 dicta
1513 2301 1617 2337 sunt

154 2366 344 2428 profecto
378 2367 423 2412 id
460 2366 545 2413 sibi
583 2366 883 2431 persuadebit.
924 2368 988 2412 Ex
1025 2367 1148 2413 hisce
1177 2367 1382 2413 omnibus
1417 2367 1617 2413 animad-

240 2477 304 2517 (81)
327 2477 374 2510 Ad
387 2487 439 2510 an.
462 2483 549 2510 1258.
566 2488 598 2510 n.
614 2480 651 2510 X.
671 2480 852 2511 et1259.n.
872 2480 956 2510 xix.
974 2487 1045 2520 pag.
1063 2481 1100 2511 27
1129 2480 1161 2511 et
1177 2483 1226 2511 ³9.
1243 2478 1324 2511 tomi
1338 2480 1394 2511 111.
1413 2479 1463 2511 ed.
1482 2481 1617 2511 Lucens.

240 2531 305 2569 (82)
327 2530 521 2563 Miscellan.
539 2531 680 2572 diplom.
698 2533 777 2563 tom.
801 2533 856 2563 ΙΙΙ.
875 2531 925 2564 ed.
944 2533 1078 2564 Lucens.

240 2584 304 2623 (83)
325 2584 371 2615 Ad
397 2592 448 2615 an.
477 2588 566 2616 1329.
584 2593 619 2617 n.
636 2585 837 2616 Lxxxvnl.
860 2593 928 2626 seq.
951 2593 1021 2626 pag.
1041 2587 1091 2618 46.
1108 2585 1188 2617 tomi
1206 2586 1262 2617 ΠΙ.
1278 2584 1329 2617 ed.
1349 2586 1405 2617 cit.

243 2635 307 2676 (84)
329 2638 376 2667 En
393 2636 490 2668 verba
502 2635 676 2668 Clementis
690 2636 722 2667 in
740 2644 880 2677 respons.
895 2636 934 2668 acl
954 2637 1150 2677 Alphonsnm
1166 2637 1329 2669 castilliae
1348 2645 1452 2678 regem
1469 2649 1474 2666 :
1494 2637 1618 2677 «Larga

150 2688 191 2731 in*
212 2688 273 2720 hac
295 2689 429 2721 materia
454 2689 620 2721 retroactis
640 2689 724 2721 facta
740 2689 937 2730 temporibus
956 2689 1156 2722 diversarum
1176 2690 1293 2722 effusio
1307 2690 1483 2731 gratiarum
1498 2689 1617 2721 multos

149 2737 289 2772 reddidit
309 2740 370 2773 sub
390 2749 446 2782 spe
467 2741 579 2773 veniae
600 2741 709 2773 faciles
720 2740 760 2773 ad
776 2741 949 2774 incestum:
967 2742 1092 2774 tanturn
1108 2742 1230 2775 crimen
1244 2750 1283 2774 eo
1296 2742 1399 2774 levius
1413 2741 1489 2773 licet
1502 2741 1619 2773 temere

151 2792 350 2834 iudicantes,
377 2803 442 2834 quo
462 2794 589 2826 facilius
612 2795 686 2826 ante
704 2794 962 2827 coniunctionem
979 2795 1029 2827 vel
1044 2797 1156 2836 postea
1173 2794 1420 2837 dispensationis
1440 2793 1541 2835 gratia
1566 2803 1617 2835 po·

154 2848 236 2877 terat
254 2846 406 2879 obtineri.
421 2860 436 2874 n
461 2846 554 2886 Apud
570 2847 712 2879 Mai-tene
726 2847 886 2880 anecdot.
902 2849 981 2880 tom.
999 2849 1038 2880 ΙΙ.
1056 2857 1127 2889 pag.
1149 2851 1204 2882 304
1221 2857 1289 2889 seq.
