1980 3260
333 254 422 305 286
660 269 741 302 us.
764 268 811 301 11.
835 268 948 302 secr.
970 268 999 300 ι.
1024 267 1076 300 nn
1101 267 1264 300 rorssr.
1290 263 1456 301 aceres.

331 350 475 399 roecia
498 348 544 393 in
569 345 735 412 quibus
758 347 872 394 inter
895 345 1138 394 catholicos
1162 354 1206 393 et
1227 344 1477 394 haereticos
1506 347 1662 396 eodem
1686 358 1799 398 tem-

330 425 405 489 plo
436 431 609 471 utentes
626 460 636 479 ,
674 422 805 469 datur
835 422 1165 476 simultaneum,
1204 431 1254 468 ut
1287 430 1476 479 vocant,
1504 431 1662 487 estque
1685 441 1713 472 a
1733 442 1804 474 ca*

329 498 506 547 tholicis
539 497 865 564 promulgatum
899 498 1124 545 decretum
1159 497 1446 546 tridentinum
1469 537 1479 556 ,
1515 498 1714 547 validum
1745 501 1806 550 sit

331 575 653 623 haereticorum
676 573 931 637 coniugium
955 590 1104 621 coram
1129 574 1309 640 proprio
1337 573 1543 623 ministro
1573 575 1621 622 in
1650 575 1807 624 eodem

331 651 495 717 templo
535 650 803 700 celebratum
819 649 844 696 ‘P
877 651 974 698 Non
1016 649 1179 699 desunt
1211 650 1438 715 theologi,
1484 651 1562 717 qui
1597 661 1810 700 censeant

329 728 549 777 eiusmodi
585 727 908 776 haereticorum
948 727 1209 792 coniugium
1241 728 1442 776 validum
1474 745 1577 779 esse
1611 730 1657 776 1.
1687 728 1809 795 quod

330 805 388 853 ad
405 804 675 853 matrimonii
691 803 885 853 valorem
903 804 1026 851 iuxta
1049 803 1224 852 concilii
1242 803 1471 852 tridentini
1491 804 1678 853 formam
1696 798 1809 854 satis

332 881 393 930 sit
425 880 678 947 praesentia
710 879 894 945 parochi
928 879 1063 928 etiam
1097 880 1286 945 putativi
1301 918 1312 938 ,
1350 880 1448 929 sive
1481 881 1559 947 qui
1593 891 1644 929 ut
1675 897 1810 930 verus

332 958 553 1025 parochus
586 956 801 1014 habetur,
838 951 1044 1022 quamvis
1078 955 1230 1022 reipsa
1262 973 1351 1004 non
1386 956 1471 1014 sit;
1500 958 1546 1004 2.
1568 957 1690 1024 quod
1725 957 1812 1007 hoc

333 1035 383 1083 in
405 1053 514 1084 casu
536 1034 653 1082 duae
676 1033 734 1082 ad
758 1033 965 1082 effectum
986 1033 1223 1082 videantur
1248 1050 1350 1081 esse
1373 1033 1608 1099 paroeciae
1625 1072 1636 1092 ,
1673 1025 1812 1083 altera

333 1112 654 1161 catholicorum
688 1110 773 1159 sub
805 1110 985 1177 proprio
1019 1109 1219 1175 parocho
1257 1109 1476 1159 catholico
1518 1110 1807 1176 degentium,-

333 1189 661 1238 haereticorum
694 1188 833 1237 altera
855 1188 902 1235 in
926 1205 1017 1253 qua
1043 1204 1132 1236 non
1165 1187 1250 1235 fuit
1283 1186 1559 1253 publicatum
1582 1206 1728 1255 neque
1747 1206 1814 1238 re*

334 1277 511 1331 ceptum
534 1265 757 1313 decretum
771 1262 1153 1321 conc.tridentini,
1167 1262 1247 1328 qui
1261 1262 1450 1328 proinde
1469 1263 1621 1313 valide
1643 1274 1814 1314 contra-

334 1340 448 1389 hunt
474 1339 790 1405 praetermissa
816 1339 956 1387 forma
973 1335 1031 1387 ab
1048 1337 1126 1387 illo
1146 1338 1335 1388 concilio
1354 1340 1632 1406 praescripta
1656 1341 1807 1404 (194)..

430 1417 524 1465 lam
556 1433 661 1465 vero
695 1432 747 1463 ex
782 1415 1058 1480 praestitutis
1091 1432 1120 1463 a
1151 1415 1282 1464 nobis
1316 1417 1550 1483 principiis
1589 1415 1811 1466 eiusmodi

335 1492 555 1540 sententia
589 1491 760 1540 admitti
796 1490 1049 1540 nullatenus
1089 1501 1248 1558 potest.
1285 1493 1397 1541 Nam
1431 1493 1472 1541 si
1505 1492 1719 1542 haeretici
1754 1493 1813 1541 de

339 1570 434 1617 iure
457 1567 773 1617 ecclesiasticis
797 1567 970 1632 legibus
999 1567 1318 1628 subiiciuntur,
1348 1569 1506 1635 eisque
1529 1569 1710 1618 omnino
1733 1568 1814 1617 ob—

335 1645 475 1694 stricti
505 1654 637 1702 sunt,
670 1654 720 1692 ut
745 1661 828 1692 suo
853 1643 951 1692 loco
983 1643 1262 1693 ostendimus
1280 1684 1291 1703 ,
1330 1645 1527 1710 profecto
1559 1639 1816 1708 obligantur

335 1722 468 1771 etiam
502 1721 651 1787 quoad
684 1721 829 1786 legem
862 1721 1107 1772 irritantem
1136 1722 1471 1770 matrimonium
1495 1721 1596 1770 sine
1619 1718 1815 1786 parocho

337 1808 610 1847 contractum
627 1836 638 1856 ,
666 1797 707 1846 si
732 1798 954 1847 eiusmodi
983 1797 1055 1846 lex
1083 1798 1168 1847 fuit
1190 1797 1237 1846 in
1260 1798 1476 1864 parochia
1497 1797 1576 1846 ubi
1599 1795 1812 1846 haeretici

338 1875 506 1938 degunt
537 1873 815 1940 promulgata
837 1885 973 1940 atque
1000 1885 1192 1941 recepta.
1222 1874 1342 1923 Talis
1367 1891 1478 1923 sane
1500 1883 1569 1923 est
1590 1890 1716 1922 mens
1739 1889 1814 1921 eo*

340 1951 502 1999 clesiae
534 1969 743 2000 romanae
759 1990 769 2008 ,
801 1961 852 1999 ut
877 1961 998 2018 patet
1029 1969 1084 2000 ex
1115 1951 1254 2000 variis
1289 1950 1658 2017 responsionibus
1691 1950 1812 1998 datis

340 2037 432 2075 tum
460 2046 488 2075 a
512 2046 603 2076 sac.
633 2028 810 2077 concilii
840 2028 1204 2093 congregatione,
1235 2038 1330 2076 tum
1352 2045 1380 2077 a
1402 2045 1496 2077 sac.
1518 2026 1813 2094 poenitentia-

347 2103 414 2151 ria
446 2121 561 2168 quas
594 2121 674 2153 suo
709 2104 806 2153 loco
840 2104 1086 2153 attulimus.

440 2179 565 2236 Quae
595 2198 696 2228 cum
725 2181 787 2229 ita
820 2198 870 2230 se
901 2181 1118 2239 habeant,
1157 2180 1329 2229 nullum
1362 2196 1602 2246 superesse
1629 2178 1817 2228 dubium

343 2266 491 2322 potest
512 2256 568 2304 de
593 2256 901 2322 illegitimitate
934 2257 1112 2307 illorum
1146 2258 1468 2307 connubiorum
1484 2296 1495 2316 ,
1522 2273 1640 2324 quae
1666 2256 1821 2306 ineant

437 2408 525 2450 (194)
545 2408 594 2442 Ita
610 2409 693 2442 inter
705 2411 828 2443 ceteros
839 2412 1006 2444 'rannerus
1021 2412 1179 2454 Theoloq3
1191 2411 1356 2445 scholast.
1370 2410 1550 2452 lngolstad.
1565 2412 1656 2444 1627.
1667 2410 1749 2443 tom.
1759 2410 1816 2442 lv.»

346 2462 430 2504 disp.
444 2463 533 2495 VIII.
547 2464 672 2504 quaest.
695 2464 752 2495 111.
773 2463 852 2496 dub.
874 2466 931 2496 VI.
957 2473 990 2496 n.
1022 2470 1089 2498 1⁴22.
1115 2467 1149 2498 et
1176 2467 1344 2506 Laymann
1366 2463 1523 2505 Theoloq.
1549 2462 1674 2495 moral.
1695 2461 1754 2495 lib.
1775 2463 1817 2494 V.

342 2516 438 2548 tract.
454 2518 494 2548 Χ.
507 2524 578 2557 par.
592 2517 636 2549 11.
650 2524 679 2548 c.
696 2518 727 2548 4.
741 2524 775 2548 n.
792 2519 823 2548 7.
837 2511 980 2550 attamen
1001 2518 1127 2559 primus
1150 2518 1349 2551 haesitanter
1367 2516 1431 2548 hoc
1451 2514 1612 2556 adstruit3
1639 2515 1722 2547 alter
1739 2522 1818 2547 vero

344 2577 412 2601 non
436 2568 566 2602 disertis
585 2568 718 2610 quidem
739 2568 866 2610 verbis,
881 2569 938 2602 sed
953 2570 1059 2603 solum
1073 2571 1326 2613 aequivalenter.
1338 2568 1429 2602 Idan
1441 2568 1496 2602 dic
1509 2567 1551 2600 de
1569 2567 1697 2600 Pichler
1713 2566 1749 2599 in
1764 2575 1818 2609 op.

346 2621 568 2655 Candidatus
584 2621 882 2664 iurisprudentiae
894 2631 1016 2656 sacrae
1030 2623 1088 2656 lib.
1095 2626 1152 2657 lv.
1160 2624 1212 2657 tit.
1225 2625 1283 2656 111.
1291 2632 1326 2656 ιι.
1343 2626 1393 2655 15.
1403 2622 1445 2655 Et
1459 2620 1632 2654 Stalenns‘
1622 2628 1657 2652 ιιι
1671 2618 1816 2653 Dissert.

344 2674 545 2717 theoloyico-
542 2674 690 2717 politica
701 2683 773 2717 cap.
780 2676 839 2707 VI.
848 2677 948 2717 part.
956 2677 1140 2717 posterior.
1152 2676 1209 2709 ubi
1222 2676 1294 2709 fuse
1306 2675 1374 2717 agit
1386 2675 1449 2707 hac
1459 2673 1501 2707 de
1514 2682 1569 2715 re,
1581 2674 1620 2706 ut
1633 2671 1717 2706 alios
1728 2672 1822 2706 omit⁴

342 2728 431 2768 tam,
458 2736 542 2768 quos
565 2727 627 2769 ipsi
649 2728 798 2760 auctores
818 2729 993 2761 recensent.
1013 2728 1164 2770 Plerique
1179 2729 1353 2771 scriptores
1367 2723 1541 2769 germanici
1556 2735 1616 2768 pro
1631 2725 1743 2758 valore
1761 2733 1820 2767 pu-

345 2782 450 2821 gnant
463 2780 687 2822 coniugiorum
701 2789 785 2822 qnae
799 2780 841 2813 ab
855 2780 1027 2814 haereticis
1041 2782 1213 2824 ineuntur,
1225 2782 1324 2815 etiam
1337 2780 1393 2814 uhi
1409 2780 1607 2823 publicatam
1618 2788 1657 2812 ac
1671 2778 1820 2813 ohserva-

343 2836 411 2867 tam
436 2835 486 2867 est
510 2834 676 2868 decretum
702 2833 944 2875 tridentinum3
967 2835 1017 2867 ast
1037 2834 1173 2868 istorum
1205 2834 1395 2877 argumenta
1414 2833 1514 2868 meris
1532 2833 1716 2867 innituntur
1746 2840 1821 2866 eon·

345 2887 495 2928 iecturis,
517 2888 743 2929 conniventia,
767 2883 865 2929 atque
888 2888 923 2920 ut
945 2888 1054 2928 aiunt,
1077 2897 1101 2921 a
1117 2890 1243 2930 priori
