1980 3260
350 259 437 313 430
605 282 685 312 mn.
716 261 1188 312 11.sr·:cr.A1.r1÷:nAim·:
1224 261 1562 310 rornsr.C1v1Li.

431 358 571 414 Quod
606 358 646 405 si
689 357 776 405 hae
817 357 939 421 leges
981 356 1179 422 aliquam
1213 357 1302 418 vim
1344 345 1391 403 in
1404 340 1681 405 vinculum
1705 355 1827 423 iuna

347 435 521 500 aliquos
564 434 730 481 habere
776 443 1048 499 potuerunt,
1093 433 1165 479 id
1185 433 1330 480 solum
1365 433 1421 480 ad
1458 438 1681 497 5ιιιιιιιιιιιιι
1727 434 1830 480 coin*

345 510 443 558 cedi
472 512 651 575 posset,
672 518 929 575 'quaten-us
947 509 1174 574 principes
1209 527 1286 557 eas
1319 509 1440 573 leges
1475 509 1714 566 tulerunt,
1737 527 1827 576 ιιοιι

346 596 435 634 tam
470 597 519 634 ut
552 586 704 634 civiles
726 586 989 671 principes,
1029 603 1162 650 quam
1197 596 1248 633 ut
1281 586 1524 654 pontifices
1541 603 1592 633 ac
1621 570 1832 633 sacerdo-

345 674 411 711 tes
444 663 506 709 in
517 677 720 728 persona
754 661 972 728 principis
1008 662 1231 726 supremi,
1270 662 1379 727 quia
1401 662 1597 726 dignitas
1622 647 1832 710 sacerdo-

345 739 447 787 talis
483 757 561 787 seu
596 739 825 805 pontificia
859 738 982 802 regio
1006 755 1058 785 ac
1082 738 1303 824 imperiali
1341 738 1544 807 culmini
1561 755 1698 803 saepe
1729 741 1834 786 con-

345 816 495 886 iuncta
529 816 643 873 fuit,
663 827 724 864 et
758 815 1112 880 quadantenus
1100 833 1147 861 ιιι
1181 833 1319 862 ιιιιιιιιι
1352 814 1537 863 coaluit:
1574 815 1830 880 coniugium

343 882 448 964 'vero
490 910 543 954 ex
581 855 826 940 universali
859 891 1089 965 quadam
1106 873 1345 939 traditione
1382 895 1616 957 tamquam
1657 887 1830 956 aliquid

348 961 522 1018 saerum
558 985 608 1017 ac
643 969 879 1033 religi0sae
914 968 1181 1028 auctoritati
1198 967 1463 1015 obnoxium
1479 967 1706 1029 habitum·
1716 966 1827 1024 fuit,

347 1046 548 1127 adeoque
582 1045 845 1125 legislatio,
874 1045 1161 1110 potissimum
1194 1043 1251 1091 de
1285 1044 1595 1110 matrimonio,
1623 1043 1832 1119 sacerdo—

347 1122 450 1184 talis
486 1124 587 1170 5555
621 1119 854 1170 consuevit
888 1127 1045 1187 penes
1070 1138 1228 1205 persas
1251 1159 1261 1178 ‚
1306 1120 1569 1206 aegyptios,
1608 1137 1700 1168 neo
1739 1120 1830 1169 non

347 1198 486 1265 ¹'penes
513 1202 720 1246 romanos
750 1199 867 1261 (17).
896 1198 951 1245 At
974 1197 1225 1262 principes,
1254 1207 1399 1261 prout
1410 1196 1643 1262 principes
1659 1181 1829 1262 Politici

348 1275 461 1323 s'unt*
487 1275 657 1323 nullam
692 1274 827 1321 relate
861 1274 918 1320 ad
952 1272 1223 1335 matrimonii
1256 1272 1484 1320 vinculum
1502 1311 1512 1330 ,
1541 1283 1587 1338 et
1607 1272 1666 1320 ad
1689 1272 1833 1339 impe-

350 1351 547 1417 dimenta
589 1350 846 1398 dirimentia
879 1359 1138 1414 potestatem
1172 1367 1371 1415 unquam
1405 1349 1690 1415 habuerunt>
1711 1348 1833 1397 Haec

348 1427 551 1492 quidem,
591 1426 676 1474 etsi
711 1426 758 1472 in
794 1425 1044 1483 abstracto,
1083 1436 1134 1473 ut
1166 1426 1315 1483 aiunt,
1362 1435 1560 1491 spectata
1600 1426 1832 1474 veritatem

349 1503 518 1551 habere
532 1504 787 1560 videantur,
815 1503 862 1549 in
887 1514 1091 1551 concreto
1114 1486 1408 1551 nihilominus
1433 1503 1471 1551 si
1497 1521 1568 1551 res
1587 1514 1827 1586 spectemus,

349 1581 437 1628 non
472 1578 630 1646 paucis
661 1580 859 1628 subsunt
894 1578 1275 1637 difficultatibus
1298 1591 1348 1628 ut
1380 1580 1500 1627 enim
1525 1591 1694 1645 postea
1706 1567 1833 1629 'vide-

345 1655 516 1714 bimus‚
539 1657 768 1722 principes
794 1657 1000 1705 infideles
1017 1674 1118 1705 cum
1139 1656 1298 1705 salsam
1317 1672 1370 1705 ac
1388 1657 1745 1722 superstitiosam
1762 1666 1833 1721 re*-

346 1733 556 1797 ligionem
593 1733 904 1820 profiterentur
937 1733 1067 1781 cuius
1102 1730 1351 1781 sacerdotio
1383 1733 1704 1797 fungebantur,
1743 1735 1832 1781 non

348 1821 551 1895 poterant
567 1811 612 1859 vi
631 1811 775 1895 ipsius
801 1811 1089 1876 pontificatus
1112 1811 1198 1859 has
1222 1810 1343 1875 leges
1362 1827 1477 1876 quae
1497 1810 1589 1859 vim
1619 1805 1835 1859 haberent

347 1884 465 1934 circa
498 1887 753 1951 coniugium
787 1886 1003 1944 condere,
1043 1904 1189 1953 neque
1223 1887 1473 1952 putandum
1496 1896 1565 1934 est
1582 1888 1724 1935 Deum
1752 1886 1832 1934 his

351 1962 477 2011 falsis
507 1958 821 2011 sacerdotibus
846 1981 898 2011 ac
922 1963 1212 2049 pontificibus
1238 1963 1543 2011 auctoritatem
1568 1960 1695 2011 suam
1719 1979 1835 2027 oom-

351 2041 595 2097 municare‚
619 2041 811 2107 illosque
834 2040 1105 2089 constituere
1126 2040 1240 2104 legis
1259 2039 1710 2102 naturalis-divinae
1697 2049 1834 2087 mter-

345 2122 501 2181 pr'etes
521 2128 562 2164 et
579 2136 765 2182 organa,
786 2129 836 2165 ut
860 2117 1104 2165 decernant
1128 2117 1412 2164 matrimonia
1435 2116 1584 2182 quoad
1605 2099 1835 2164 vinculum

349 2192 497 2239 valida
534 2205 610 2240 aut
643 2194 782 2241 nulla.
815 2195 881 2242 Eo
909 2193 978 2242 vel
1013 2193 1156 2257 magis
1192 2193 1321 2258 quod
1345 2210 1479 2258 saepe
1501 2192 1835 2254 honestaverint

349 2267 447 2316 'sive'
482 2269 689 2332 coniugia
723 2271 817 2318 sive
851 2270 1069 2327 divortia,
1108 2287 1224 2336 quae
1259 2269 1383 2317 nulla
1417 2269 1589 2318 ratione
1612 2286 1712 2317 cum
1734 2269 1833 2334 lege

349 2343 542 2402 naturali
569 2362 621 2393 ac
646 2345 799 2405 divina
822 2347 1124 2395 cohaererent.
1153 2347 1210 2394 Ut
1233 2346 1322 2394 alia
1346 2345 1694 2412 praetermittam
1717 2335 1833 2413 quac

350 2421 484 2486 paulo
502 2432 604 2469 ante
622 2421 850 2485 attigimus
876 2424 932 2470 de
958 2423 1060 2471 idea
1083 2441 1174 2489 qua
1196 2423 1284 2489 ipsi
1309 2423 1510 2483 destituti
1533 2434 1684 2482 erant,
1715 2435 1762 2502 ut
1779 2423 1831 2510 id

348 2496 526 2546 'efficere
554 2497 774 2546 voluerint
804 2500 883 2546 aut
916 2500 1157 2564 potuerint
1679 2505 1682 2508 “

356 2577 358 2579 ’
428 2575 624 2653 Frustra
655 2591 759 2652 vero
798 2574 963 2640 aliquis
1008 2586 1254 2641 opponeret
1292 2576 1520 2642 principes
1568 2575 1774 2624 saltem
1760 2594 1831 2623 ιιι-

447 2745 513 2786 (17)
535 2746 667 2777 Praeter
689 2744 884 2778 documenta
910 2754 995 2786 quac
1019 2746 1054 2778 in
1078 2747 1162 2780 hanc
1183 2757 1251 2781 rem
1276 2748 1425 2790 superius
1447 2746 1671 2789 exhibuimus,
1688 2748 1738 2780 Cf.
1755 2749 1828 2781 Von

347 2797 446 2838 Moy
436 2806 471 2829 ιιι
493 2807 549 2839 op.
564 2807 708 2839 german.
724 2799 777 2831 cui
798 2798 915 2831 titulus
934 2799 1033 2832 latine
1049 2802 1208 2833 Historia
1228 2803 1319 2834 iuris
1339 2800 1611 2834 matrimonialis
1631 2800 1829 2834 christiani.

349 2849 566 2892 Regensburg.
586 2855 675 2884 1883.
691 2859 765 2893 pag.
781 2855 799 2883 3
819 2859 888 2892 seq.
905 2852 986 2884 Item
1003 2853 1246 2885 Hotomannum
1268 2853 1317 2885 De
1337 2854 1412 2885 ritu
1430 2854 1532 2894 nupt.
1547 2862 1576 2885 c.
1594 2857 1625 2885 5.
1640 2853 1675 2885 in
1693 2854 1832 2886 Graevii

351 2901 436 2934 thes.
458 2904 623 2946 antiquit.
642 2912 776 2936 roman.
792 2904 872 2935 tom.
890 2905 980 2951 vm·
