1980 3260
349 235 457 281 364.
602 249 683 279 un.
711 248 758 278 n.
787 248 900 279 sacr.
930 247 1102 278 ALTERA.
1133 247 1186 278 nu
1218 246 1382 278 ro'rnsr.
1411 246 1552 280 clvm.

347 327 434 391 plis
461 325 684 381 dimissis,
710 333 882 372 constat
908 323 1148 372 Caecilium
1167 323 1388 371 Metellum
1404 362 1414 381 ,
1436 340 1572 372 uxore
1586 324 1809 386 defuncta,

344 402 464 448 illius
493 404 688 448 sororem
715 417 926 464 sponsam
955 400 1166 457 duxisse,
1196 399 1407 448 Crassum
1437 400 1633 448 defuncti
1666 401 1813 452 statiis

344 477 527 524 duxisse
553 493 758 533 uxorem,
782 486 831 523 ut
849 477 982 524 refert
999 475 1288 533 Plutarchus;
1319 476 1615 524 Pudentillam
1642 477 1816 527 tabulas

346 552 567 616 nuptiales
592 570 692 600 cum
709 552 793 601 viri
817 553 978 600 mortui
1005 552 1136 600 fratre
1154 553 1302 618 prodit
1320 553 1535 618 Apuleius
1551 555 1831 617 (16).»Βὶιὶ·

344 628 476 675 etiam
519 629 690 693 lonqum
721 639 822 692 post
867 639 1029 694 tempus
1062 647 1090 676 a
1122 629 1419 678 celebratione
1458 630 1594 678 huius
1639 630 1831 678 concilii

343 704 741 753 licitaseiusmodi
780 705 959 770 nuptias
993 705 1170 753 habitas
1208 723 1332 763 esse,
1364 717 1412 754 ut
1439 717 1560 772 patet
1582 724 1635 754 ex
1664 706 1744 754 lib.
1768 707 1814 754 3.

346 780 412 829 tit,
445 781 522 827 12.
552 780 637 843 leg.
662 782 706 828 2.
734 780 811 828 ubi
838 781 1028 829 dicitur:
1060 782 1192 830 «Etsi
1221 781 1392 830 licitum
1419 790 1590 831 veteres
1619 781 1821 831 credide-

346 867 473 914 runt,
495 858 663 922 nuptiis
687 857 835 906 fratris
853 858 1011 906 solutis
1027 897 1038 916 ,
1059 859 1222 907 ducere
1239 859 1387 907 fratris
1411 877 1621 918 uxorem;
1649 860 1820 908 licitum

345 934 478 981 etiam
513 946 616 999 post
654 946 838 983 mortem
884 935 1085 984 mulieris
1127 947 1204 984 aut
1246 936 1484 984 divortium
1504 975 1514 993 ‚
1559 937 1821 985 contrahere

346 1027 446 1056 cum
487 1011 686 1058 eiusdem
733 1028 883 1059 sorore
926 1012 1182 1075 coniugium
1211 1031 1221 1069 ;
1267 1011 1520 1059 abstineant
1560 1011 1820 1060 huiusmodi

346 1086 516 1150 nuptiis
542 1087 739 1135 universi
758 1089 1076 1153 (17).»1taque
1095 1088 1252 1135 merito
1269 1087 1615 1135 iurisconsultus
1633 1089 1690 1136 de
1700 1089 1824 1136 Men-

346 1162 460 1210 doza
487 1163 690 1228 scripsit:
717 1164 947 1211 «Primum
964 1202 974 1221 ‚
1003 1174 1052 1212 ut
1075 1164 1255 1229 opinor,
1284 1164 1508 1212 decretum
1534 1163 1692 1213 litteris
1715 1181 1820 1213 con·

349 1238 574 1302 signatum
603 1277 614 1296 ,
652 1257 741 1304 quo
775 1240 1063 1287 constitutum
1099 1249 1168 1287 est
1195 1278 1205 1296 ‚
1243 1239 1574 1287 matrimonium
1606 1239 1824 1288 affinitate

348 1315 577 1381 impediri,
615 1316 700 1364 hoc
733 1316 1025 1381 hispanorum
1059 1317 1372 1382 episcoporum
1405 1317 1603 1375 videtur,
1644 1319 1822 1382 antiquo

347 1409 621 1439 romanorum
637 1393 728 1439 iure
749 1393 976 1457 abrogato,
999 1411 1089 1458 quo
1108 1393 1270 1457 licebat
1287 1411 1388 1442 cum
1413 1393 1649 1442 defunctae
1671 1394 1823 1443 uxoris

347 1483 501 1515 sorore
526 1467 857 1515 matrimonium
880 1469 1139 1517 contrahere
1162 1472 1312 1533 (18).»

445 1542 694 1590 Videndum
722 1543 811 1590 iam
833 1554 980 1592 utrum
1004 1544 1178 1592 felicius
1202 1563 1273 1592 res
1297 1545 1425 1593 cedat
1441 1545 1691 1610 Spalatensi
1715 1545 1827 1592 dum·

348 1619 584 1667 connititur
624 1621 856 1668 ostendere
900 1638 953 1668 ex
993 1622 1195 1670 conciliis
1233 1621 1554 1686 posterioribus
1577 1660 1597 1679 ,.
1626 1639 1821 1670 canones

347 1695 522 1759 legibus
553 1714 603 1744 se
631 1697 934 1746 conformasse
963 1698 1173 1747 civilibus
1200 1699 1248 1745 in
1281 1699 1610 1747 constituendis
1634 1698 1825 1765 impedi-

349 1773 509 1820 mentis
550 1773 908 1822 connubialibus.

449 1869 471 1894 «
499 1849 746 1898 Concilium
781 1851 1046 1914 agathense,
1085 1852 1262 1909 scribit,
1302 1863 1618 1901 commemorat
1655 1852 1822 1917 gradus

350 1925 812 1992 prohibitos,quorum
832 1927 982 1975 nullus
1002 1929 1247 1976 secundum
1266 1929 1454 1986 excedit,
1467 1939 1510 1976 et
1527 1939 1709 1977 renovat
1726 1945 1824 1993 pro·

352 2000 634 2060 bibitionem;
665 2004 744 2052 sed
769 2015 915 2052 tamen
939 2004 1099 2053 fatetur
1115 2022 1191 2053 eos
1211 2005 1376 2069 gradus
1395 2005 1485 2052 iam
1504 2023 1604 2053 esse
1620 2004 1828 2070 prohibi-

355 2089 446 2125 tos:
470 2097 572 2142 quos
605 2098 766 2136 omnes,
792 2081 960 2146 inquit,
989 2091 1029 2128 et
1051 2082 1155 2129 olim
1171 2091 1298 2145 atque
1319 2082 1398 2129 sub
1423 2082 1501 2129 hac
1525 2082 1823 2129 constitutione

352 2155 531 2202 incestos
555 2173 640 2203 esse
663 2174 747 2204 non
774 2157 1037 2205 dubitamus.
1071 2158 1317 2206 Concilium
1352 2175 1607 2224 epaonense
1641 2157 1823 2207 totidem

446 2374 511 2415 (16)
534 2374 585 2407 ef.
600 2374 839 2408 ferdinandum
852 2378 892 2410 de
903 2378 1060 2410 Mendoza
1074 2378 1107 2410 in
1127 2379 1315 2411 comment.
1333 2378 1367 2410 in
1382 2378 1469 2410 hunc
1490 2386 1563 2409 can.
1580 2379 1664 2410 LXI.
1682 2377 1820 2410 concilii

352 2426 541 2460 illiberitani
563 2427 650 2469 apud
665 2428 754 2460 card.
768 2431 815 2461 De
829 2431 963 2470 Aguirre
976 2431 1009 2463 in
1023 2432 1078 2463 eit.
1093 2431 1234 2464 collect.
1248 2433 1406 2464 maxima
1424 2431 1652 2463 conciliorum
1670 2427 1826 2463 omniicm

349 2481 541 2522 Hispaniae
560 2482 640 2513 tom.
661 2482 687 2513 Ι.
705 2481 761 2513 lib.
778 2483 818 2513 ΙΙ.
836 2491 908 2522 pag.
925 2487 997 2516 663.
1015 2484 1135 2524 quibus
1156 2484 1249 2525 plura
1271 2484 1336 2516 alia
1357 2483 1477 2515 adfecit
1505 2482 1641 2524 ipsemet
1669 2481 1759 2515 card.
1777 2482 1824 2514 De

350 2534 484 2575 Aguirre
503 2533 536 2565 in
554 2536 728 2567 comment
747 2534 842 2566 noxis
858 2535 938 2566 ibid.

446 2587 511 2628 (17)
532 2587 582 2619 Cf.
604 2586 891 2619 Goissiofredium:
924 2588 1039 2621 Codex
1071 2589 1314 2622 theodosianus
1341 2597 1422 2621 cum
1438 2589 1614 2630 perpetuis
1642 2588 1821 2620 comment.

351 2640 512 2682 Lugduni
525 2645 612 2674 1665.
621 2641 702 2677 tom.
715 2642 740 2672 1.
753 2649 825 2682 pag.
844 2645 918 2673 296.

448 2693 513 2734 (18)
534 2693 689 2726 Mendoza
714 2694 775 2725 loc.
791 2694 847 2725 cit
865 2693 919 2725 cui
933 2694 1076 2727 concinit
1090 2697 1215 2729 Natalis
1228 2696 1336 2736 Alex„
1350 2695 1408 2735 qui
1422 2703 1460 2726 ex
1475 2695 1537 2726 hoc
1551 2702 1674 2726 canone
1695 2693 1825 2725 concilii

351 2747 538 2779 illiberitani
558 2747 675 2786 infert,
697 2747 866 2780 ecclesiam
888 2748 1112 2780 auctoritatem
1141 2749 1325 2781 exercuisse
1348 2747 1566 2780 constituendi
1594 2746 1826 2788 impedimenta

350 2799 571 2841 matrimonii,
596 2799 668 2841 ipso
689 2799 796 2845 adhuc
820 2798 947 2840 vigente
975 2800 1210 2840 persecutionis
1229 2802 1388 2842 tempore.
1405 2799 1455 2832 Cf.
1473 2801 1512 2831 In
1532 2798 1618 2832 Diss.
1636 2799 1722 2831 xxt.
1737 2806 1822 2831 saec.

349 2852 463 2885 eccles.
478 2854 535 2884 lii.
551 2854 611 2885 art.
627 2854 685 2885 ΙΙΙ.
701 2854 752 2885 Dc
771 2851 908 2885 concilii
930 2851 1086 2885 illiberit.
1104 2853 1296 2886 canonibus
1314 2854 1347 2885 ec
1365 2853 1588 2885 auctoritate.
