1980 3260
370 229 427 275 7⁰
678 239 758 270 Lm.
787 238 832 269 11.
862 236 973 269 SEGT.
1002 237 1032 267 1.
1065 235 1116 266 DE
1141 233 1306 265 POTEST.
1336 233 1500 266 accus.

366 319 487 384 poris
523 315 704 363 Launoii
738 325 1031 362 commentum
1048 349 1058 368 ‚
1096 326 1147 357 ac
1181 325 1342 357 novum
1376 326 1560 372 prorsus
1577 347 1588 366 ‚
1625 310 1825 375 adeoque

369 394 530 441 falsum
557 407 657 438 esse
680 389 765 437 hoc
788 389 884 436 eius
908 386 1137 449 effugium.

908 519 1192 557 ARTICULUS.
1221 520 1282 555 lv.

372 620 545 660 Canones
571 618 785 657 Tridentini
802 617 874 655 111.
888 619 927 654 et
945 615 1013 654 IV.
1030 625 1123 654 sess.
1144 613 1287 653 XXIV.
1308 612 1355 651 de
1383 616 1572 663 potestate
1595 613 1758 662 propria
1773 623 1823 660 ,ac

465 683 641 735 origInali
658 682 848 720 Ecclesiae
874 680 1035 730 intelligi
1058 679 1222 729 debent,
1247 689 1325 716 non
1346 682 1472 716 autem
1491 678 1539 716 de
1555 681 1741 727 potestate
1760 677 1823 722 adv.

462 748 642 796 ventitia‚
667 756 764 796 quae
789 756 835 783 ex
862 745 1076 794 principum
1103 745 1185 782 sive
1208 753 1387 792 expresso
1406 744 1487 780 sive
1501 743 1618 780 tacito
1633 749 1821 779 consensu

461 811 677 861 proveniat.

460 919 646 967 Nonnisi
674 919 806 983 pauci
835 917 1055 980 theologi,
1095 927 1170 964 aut
1209 917 1466 964 canonistae
1497 933 1599 964 cum
1632 916 1827 964 launoio

366 1013 418 1043 eo
450 995 720 1043 devenerunt
751 1005 800 1042 ut
831 993 1064 1042 ecclesiam
1106 993 1162 1040 de
1205 1002 1411 1057 usurpato
1450 992 1700 1057 principum
1733 992 1828 1040 iure

365 1073 645 1128 incusarent,
683 1071 789 1117 dum
821 1070 910 1118 sibi
944 1070 1015 1118 ius
1049 1069 1203 1117 tribuit
1233 1070 1351 1117 circa
1384 1067 1713 1132 impedimenta¹
1732 1086 1827 1133 mu·

360 1147 618 1194 xtrimonium
644 1145 897 1193 dirimentia
915 1146 1034 1208 (91).
1058 1143 1263 1208 Plerique
1285 1143 1494 1192 neoterici
1516 1143 1709 1190 contenti
1733 1142 1828 1190 fue.»

366 1231 467 1269 runt
499 1221 722 1269 affirmare
753 1220 988 1269 concilium
1017 1219 1301 1267 tridentinum
1334 1219 1380 1264 in
1413 1217 1670 1265 memoratis
1695 1233 1830 1266 cano·-

364 1297 499 1345 nibus
522 1297 716 1345 locutum
749 1297 888 1344 fuisse
910 1296 966 1343 de
988 1305 1202 1360 potestate
1234 1294 1470 1350 ecclesiae,
1498 1304 1544 1341 at
1565 1311 1743 1341 ea-nom
1757 1294 1829 1342 in—

365 1373 475 1429 sita,
513 1372 594 1419 sed
628 1372 798 1419 adscita
832 1389 885 1418 ex
924 1371 1174 1436 principum
1206 1387 1417 1435 expressa
1448 1380 1525 1417 aut
1557 1369 1691 1418 tacita
1711 1384 1829 1418 -οοιι-

367 1448 574 1496 sensione
588 1485 598 1505 ‚
635 1458 853 1512 quatenus
887 1464 969 1512 pro
996 1463 1079 1494 sua
1104 1464 1209 1510 erga
1240 1446 1473 1494 ecclesiam
1501 1446 1669 1511 pietate
1687 1445 1827 1494 nonfa—

364 1541 468 1572 vore
485 1541 511 1572 a
528 1523 732 1588 pluribus
751 1522 914 1571 seculis
937 1523 1195 1570 exercitium
1211 1522 1347 1571 huius
1365 1522 1595 1588 potestatis
1612 1520 1828 1570 ecclesiae

366 1609 678 1648 concesserunt
702 1610 778 1648 aut
805 1599 1101 1664 permiserunt
1121 1601 1239 1662 (92).
1257 1600 1323 1647 Ex
1352 1616 1442 1663 quo
1470 1599 1693 1663 principio
1714 1614 1828 1646 non—

364 1675 477 1723 nulli
501 1675 743 1724 intulerunt
773 1693 906 1741 posse
933 1675 1156 1740 principes
1191 1693 1318 1723 suam
1349 1676 1466 1723 hanc
1494 1675 1830 1723 concessionem

366 1768 570 1799 revocare
587 1789 598 1808 ,
631 1752 892 1816 praesertim
914 1767 1016 1799 cum
1040 1762 1197 1815 agatur
1220 1751 1277 1799 de
1299 1751 1396 1798 iure
1410 1789 1420 1808 ,
1445 1762 1497 1798 ut
1517 1751 1607 1815 ipsi
1638 1750 1831 1815 loquun-

366 1839 460 1884 tur,
496 1830 758 1876 maiestatico
796 1839 930 1893 atque
968 1828 1132 1876 idcirco
1170 1828 1445 1875 inalienabili
1467 1865 1478 1885 ,
1515 1837 1668 1892 utpote
1694 1827 1830 1892 quod

367 1904 630 1968 principatui
669 1905 757 1969 ipsi
790 1905 1016 1952 inhaereat
1053 1906 1168 1967 (93).
1208 1904 1472 1952 Iniuriosam
1499 1941 1511 1960 ,
1556 1904 1692 1950 immo
1727 1919 1831 1951 voro

366 1978 671 2043 blasphemam
685 1981 867 2029 Launoii
891 1981 1243 2029 semi-lutherani
1260 1981 1457 2028 hominis
1474 1980 1831 2027 «criminationem

369 2054 663 2112 dimittentes,
705 2073 786 2104 nos
825 2057 926 2104 heic
960 2067 1202 2104 ceterorum
1237 2067 1406 2140 tantum
1443 2055 1698 2103 refellemus
1728 2070 1831 2103 son·-

1658 2147 1660 2171 l
1687 2135 1776 2176 iiii:
1802 2154 1806 2168 τ

464 2199 530 2242 (91)
550 2201 696 2233 Attamen
717 2202 827 2242 paucis
846 2203 888 2235 ab
908 2203 985 2236 hine
1005 2204 1117 2244 annis,
1141 2212 1257 2245 nempe
1281 2212 1335 2236 an.
1357 2208 1447 2238 1852,
1470 2211 1536 2237 non
1557 2170 1760 2253 ᾱοΐιιιιηιμ,
1767 2202 1831 2244 qni

369 2248 585 2285 inverecuniie
598 2256 775 2286 assererent
788 2256 974 2295 potestatem
990 2255 1030 2288 de
1044 2265 1109 2297 qua
1123 2256 1264 2297 agimus,
1280 2256 1378 2288 ruisse
1392 2250 1654 2297 usurpationem
1669 2241 1830 2296 ecelesiae

368 2305 475 2337 medio
489 2314 579 2338 aevo.
592 2306 663 2337 lta
654 2314 687 2337 m
705 2307 844 2338 comitiis
861 2307 1048 2348 subalpinis.
1063 2308 1144 2341 Ved.
1159 2308 1196 2341 Il
1204 2309 1449 2350 par-lamento·
1438 2309 1583 2341 -senato
1597 2296 1704 2348 reyss.
1711 2315 1746 2348 p.
1761 2310 1828 2340 189.

465 2356 530 2398 (92)
552 2358 692 2398 Primus
706 2357 795 2398 quod
807 2359 907 2390 sciam
916 2362 998 2400 ,qui
1013 2360 1221 2393 affirmaverit
1232 2361 1395 2406 principes
1407 2360 1602 2395 christianos
1613 2363 1831 2401 prosuaerga

369 2403 536 2442 ecclesiam
558 2410 692 2450 pietate,
713 2410 815 2442 cidem
838 2412 895 2442 aut
914 2413 1103 2452 potestatem
1119 2416 1175 2445 aut
1188 2414 1355 2455 potestatis
1379 2413 1567 2446 exercitium
1590 2413 1677 2444 circa
1697 2412 1830 2455 impedi-

366 2452 478 2493 menta
493 2461 700 2493 connubialia
714 2462 864 2503 cessisse,
877 2460 942 2495 'fuit
955 2464 1077 2496 Petrus
1080 2465 1156 2497 soto
1159 2465 1237 2506 ,qni
1253 2464 1286 2498 ιιι
1300 2472 1354 2507 op.
1361 2461 1430 2498 ¹ci't.
1438 2459 1490 2496 we
1504 2465 1658 2496 institut.
1669 2454 1830 2498 sacer&-

371 2512 779 2554 tumlect.1v.p0stquam
793 2514 889 2545 etiam
902 2514 1123 2555 principibus
1115 2526 1164 2548 ius
1176 2517 1348 2559 adscripsit
1358 2515 1574 2549 constituendi
1586 2516 1828 2557 impedimenta,

369 2564 478 2597 subdit
502 2565 588 2598 circa
611 2565 748 2598 finem«
731 2568 961 2608 Quamquam
978 2567 1090 2601 civiles
1105 2569 1211 2610 leges'
1204 2580 1238 2603 ιιι
1249 2570 1302 2603 his
1316 2569 1466 2602 omnibus
1483 2577 1529 2601 ex
1545 2570 1682 2610 pietate
1696 2569 1784 2604 certe
1797 2570 1832 2602 et

368 2617 535 2649 voluntate
560 2617 744 2658 principum
770 2618 864 2651 facile
887 2619 1042 2652 cesserint
1066 2622 1235 2662 ecclesiae,
1253 2624 1291 2655 ut
1306 2622 1383 2655 inm
1382 2621 1517 2653 sunum
1537 2623 1708 2654 cernentur
1718 2622 1831 2654 matri-

367 2670 512 2754 {lpoutium
524 2670 750 2712 illegitimum,
765 2671 855 2712 quod
870 2672 1005 2739 ecclesia
1022 2674 1090 2706 tale
1099 2683 1165 2707 non
1178 2675 1332 2708 iudicatu
1343 2675 1450 2733 Celeri
1475 2673 1594 2707 deinde
1614 2680 1699 2707 eum
1705 2674 1829 2708 ⁶¹⁸⁶ss-

394 2730 436 2753 un
465 2731 503 2755 nc
517 2725 708 2764 sequuntur.

468 2774 533 2815 (93)
553 2777 654 2808 Prout
669 2777 788 2817 passim
810 2776 988 2817 loquuntur
1008 2778 1150 2820 theologi
1168 2782 1203 2812 et
1221 2779 1426 2819 canonistas,
1438 2779 1576 2819 quinon
1589 2779 1635 2812 iu
1642 2738 1818 2820 pridem
1795 2779 1829 2812 in

367 2827 553 2868 Germania,
570 2829 603 2861 et
615 2829 745 2862 Austria
760 2829 963 2871 potissimmn
975 2838 1034 2871 pro
1048 2831 1231 2873 principun·
1246 2831 1327 2865 hnc·
1315 2840 1351 2864 ιιι
1360 2838 1399 2864 re
1408 2832 1569 2873 mestum
1579 2832 1747 2865 steten-nt.
