1980 3260
484 252 573 282 CAP.
603 251 633 281 1.
664 250 761 282 GEN.
784 250 878 282 ini-:A
901 249 1067 280 POTEST.
1092 248 1257 280 ECCLES.
1280 249 1371 280 ΛΒΤ.
1396 249 1425 279 1.
1638 236 1691 280 11

325 328 392 374 Ab
428 328 499 375 his
534 327 794 391 singillatim
830 324 1070 372 asserendis
1104 324 1410 381 abstinemus,
1437 341 1538 372 cum
1567 325 1697 372 nobis

231 405 281 449 in·
300 404 522 468 praesenti
546 402 730 450 articulo
753 400 885 447 unice
904 399 1179 465 propositum
1203 401 1336 448 fuerit
1362 400 1598 449 ostendere
1621 418 1697 465 ge-

230 480 434 535 neratim,
461 476 696 524 eeclesiam
724 487 817 524 tum
847 475 1062 523 divinitus
1086 476 1277 533 habere,
1306 486 1399 523 tum
1423 478 1585 541 iugiter
1607 477 1694 525 sibi

229 556 382 603 divino
414 553 509 600 iure
542 552 588 599 in
623 552 969 600 christianorum
1004 552 1212 616 coniugia
1257 562 1517 617 potestatem
1550 553 1700 601 vindi-

232 645 374 675 casse.

791 738 1068 774 ARTlCULUS
1096 739 1143 774 11.

282 827 457 867 Potestas
486 827 677 867 Ecclesiae
704 828 744 865 in
774 827 1063 866 Matrimonium
1091 827 1345 866 christianum
1372 838 1552 878 suprema
1580 832 1638 867 est

800 895 839 930 et
857 891 1133 941 independens.

325 1020 505 1086 Optima
530 1019 640 1067 ratio
665 1019 955 1082 dignoscendi
993 1029 1195 1066 naturam
1230 1019 1463 1084 potestatis
1488 1019 1700 1067 ecclesia-

229 1097 396 1154 sticae,
435 1097 491 1144 de
525 1114 614 1161 qua
648 1095 934 1153 disserimus,
973 1106 1040 1153 est
1073 1095 1308 1159 diligenter
1354 1095 1575 1160 inspicere
1609 1112 1702 1142 ma-

230 1174 382 1221 teriam
415 1173 532 1221 circa
554 1190 686 1237 quam
715 1183 939 1229 versatur,
970 1183 1012 1219 et
1035 1172 1215 1219 modum
1247 1189 1335 1236 quo
1360 1172 1406 1218 in
1430 1171 1601 1237 praxim
1626 1171 1704 1219 de-

229 1248 363 1295 ducta
385 1257 469 1296 est.
493 1248 536 1294 Si
562 1248 678 1295 enim
698 1247 882 1294 materia
911 1247 1037 1312 ipsa,
1071 1257 1222 1311 utpote
1247 1246 1492 1313 spiritualis
1523 1247 1703 1295 omnino

230 1333 273 1370 et
307 1340 457 1379 sacra,
492 1340 743 1389 supremam
778 1333 821 1370 et
856 1323 1228 1387 independentem
1263 1323 1478 1370 ecclesiae
1512 1331 1705 1388 potesta-

230 1411 315 1446 tem
343 1410 500 1465 suapte
530 1411 688 1447 natura
720 1400 916 1465 requirat
940 1439 948 1457 ‚
990 1400 1028 1448 si
1065 1400 1254 1448 ccclesia
1279 1418 1304 1447 a
1328 1401 1424 1448 suis
1449 1417 1592 1464 usque
1618 1399 1705 1446 ini-

230 1475 305 1522 tiis
338 1475 423 1523 hoc
460 1476 590 1540 plane
625 1492 762 1523 sensu
797 1475 895 1522 sine
929 1475 1022 1523 ulla
1055 1493 1239 1541 prorsus
1274 1475 1573 1540 dependentia
1606 1491 1703 1522 eam

228 1551 432 1599 collatam
468 1551 554 1599 sibi
589 1552 801 1600 divinitus
835 1569 935 1600 esse
971 1552 1261 1609 intellexerit,
1296 1569 1348 1599 ac
1383 1552 1545 1615 iugiter
1580 1568 1702 1598 exer-

229 1626 395 1682 cuerit,
434 1627 629 1691 profecto
670 1644 800 1675 nemo
847 1627 1022 1675 inficias
1058 1627 1141 1674 ibit
1173 1627 1393 1675 eiusmodi
1441 1636 1701 1692 potestatem

230 1702 324 1748 iure
359 1702 604 1767 meritoque
638 1702 726 1750 dici
761 1703 1131 1768 independentem
1167 1712 1301 1767 atque
1331 1719 1602 1767 supremam.

327 1778 382 1825 At
403 1796 535 1835 vero,
563 1779 601 1826 si
627 1780 771 1843 primo
805 1779 1034 1827 materiam
1070 1780 1188 1826 circa
1223 1797 1356 1844 quam
1391 1788 1587 1844 potestas
1611 1794 1705 1825 ver-

232 1846 358 1901 satur
392 1854 712 1919 inspiciamus,
752 1872 803 1901 ea
837 1865 904 1901 est
938 1855 1267 1902 matrimonium
1303 1854 1597 1901 christianum
1629 1870 1706 1902 ve-

232 1947 328 1976 rum
353 1930 674 1995 propriumque
697 1941 1038 1978 sacramentum.
1062 1931 1179 1977 Huic
1197 1931 1483 1978 fundamento
1506 1939 1703 1995 potestas

229 2005 445 2053 ecclesiae
477 2023 620 2070 eaque
655 2024 865 2071 suprema
898 2018 940 2054 et
975 2006 1279 2071 independens
1314 2005 1534 2052 innititur.
1559 2005 1702 2052 Semel

228 2098 280 2128 ac
318 2082 598 2145 coniugium,
643 2082 762 2147 quod
805 2094 932 2130 antea
979 2083 1023 2128 in
1068 2083 1262 2130 officium
1310 2091 1521 2137 naturae,
1567 2098 1617 2128 ac
1662 2081 1697 2128 si

229 2156 398 2220 placet,
434 2157 478 2202 in
514 2157 739 2205 societatis
776 2157 941 2205 bonum
983 2158 1269 2205 constitutum
1304 2167 1396 2204 erat
1417 2196 1426 2213 ,
1469 2157 1525 2204 ad
1561 2173 1705 2204 sacra-

230 2232 363 2279 menti
389 2232 649 2295 dignitatem
674 2245 872 2281 evectum
896 2245 989 2289 est,
1013 2251 1064 2282 eo
1082 2235 1184 2298 ipso
1202 2233 1407 2281 Christus
1425 2233 1704 2281 Deus-homo

229 2323 280 2354 ac
322 2324 559 2372 supremus
600 2309 815 2356 Dominus
861 2309 957 2356 sine
1001 2309 1091 2356 ulla
1134 2326 1317 2374 prorsus
1354 2309 1408 2356 ab
1444 2309 1703 2356 hominibus

229 2381 528 2447 dependentia
565 2383 608 2429 in
644 2394 733 2431 tota
768 2401 849 2432 sua
882 2385 1159 2449 plenitudine
1193 2402 1448 2450 supremam
1490 2383 1706 2431 ecclesiae

230 2473 339 2505 suae
362 2468 622 2523 potestatem
647 2459 831 2507 contulit
853 2459 897 2506 in
924 2469 1250 2508 sacramentum
1275 2459 1563 2515 matrimonii,
1583 2458 1703 2524 quod

231 2533 328 2598 ipse
363 2533 571 2582 instituit.

326 2609 542 2657 Nimirum
571 2612 723 2659 eadem
761 2612 930 2661 ratione
963 2612 1180 2660 ecclesiae
1208 2613 1497 2660 commissum
1522 2621 1590 2659 est
1613 2628 1703 2659 ma-

231 2685 423 2733 trimonii
459 2698 784 2736 sacramentum
804 2727 814 2745 ,
855 2705 944 2754 qua
977 2699 1121 2737 cetera
1156 2698 1434 2737 sacramenta
1467 2687 1612 2735 eidem
1637 2704 1704 2734 ec-

228 2760 393 2810 clesiae
427 2763 783 2813 administranda
813 2766 1051 2814 commissa
1087 2775 1214 2822 sunt;
1255 2766 1425 2813 scilicet
1448 2782 1501 2812 ea
1525 2775 1593 2812 est
1615 2764 1705 2812 col-

228 2837 316 2886 lata
351 2857 558 2905 suprema
592 2852 813 2906 potestas,
864 2860 979 2907 quae
1029 2843 1282 2892 necessario
1328 2842 1607 2907 requiritur,
1658 2851 1706 2887 ut
