1980 3260
365 214 419 259 60
652 245 654 247 -
687 226 765 256 un.
790 225 834 255 11.
858 224 969 256 sncr.
993 225 1021 254 1.
1046 223 1096 254 nn
1122 223 1284 254 rorns‘r.
1310 223 1472 255 nectas.

456 304 691 350 Effecimus
715 302 899 365 proinde
915 340 924 357 ,
953 317 1066 365 quae
1090 300 1172 346 hoc
1197 300 1242 344 in
1267 300 1450 346 articulo
1476 304 1802 365 proposuimus,

359 379 628 427 ostendimus
660 377 827 423 scilicet
852 393 1041 423 canones
1076 375 1151 419 111.
1184 383 1225 421 et
1258 374 1325 420 lv.
1349 373 1612 421 tridentinae
1645 377 1805 441 synodi

358 471 457 501 vere
496 470 594 499 esse
637 452 934 514 dogmaticos,
977 467 1104 497 secus
1140 468 1190 497 ac
1224 450 1515 497 autumaverit
1552 451 1803 510 Launoius,

358 539 400 574 et
427 527 637 574 evicimus
671 526 868 573 eiusdem
899 521 1160 572 tridentinae
1183 524 1454 571 definitionis
1483 525 1708 572 veritatem
1730 527 1810 574 ad·-

355 619 508 649 versus
545 601 705 649 saeculi
729 602 835 646 XVI.
859 610 1105 648 novatores.

453 677 603 724 Verum
624 694 777 740 parum
797 676 942 723 adhuc
960 676 1314 740 profecissemus,
1340 675 1426 722 nisi
1451 676 1583 723 simul
1606 677 1810 724 ostende-

359 754 493 799 rimus
530 753 791 799 tridentinos
817 763 963 816 patres
981 752 1087 799 dum
1106 752 1396 799 definiverunt
1419 752 1648 799 ecclesiam
1672 768 1808 817 posse

358 829 623 875 constituere
663 825 1010 892 impedimenta,
1058 829 1257 874 ecclesiae
1297 829 1474 875 nomine
1504 846 1604 876 vere
1638 829 1811 891 signifi—

357 920 483 950 casse
517 904 760 951 clericalem
795 915 986 960 coetum,
1016 921 1095 950 seu
1119 904 1464 951 ecclesiasticam
1492 904 1803 960 hierarchiam,

357 995 444 1038 non
477 989 621 1025 autem
664 979 885 1042 principes
933 978 1153 1025 seculares
1176 1016 1185 1034 ,
1231 989 1359 1043 prout
1401 979 1597 1025 omnium
1642 978 1811 1043 primus

357 1053 577 1115 Launoius
601 1053 847 1108 contendit,
870 1053 987 1117 quod
1012 1053 1190 1117 quidem
1215 1053 1463 1117 insequenti
1487 1053 1671 1101 articulo
1689 1070 1810 1118 prae-

358 1128 589 1176 stabimus.

902 1246 1172 1284 ARTICULUS
1197 1244 1264 1282 111.

359 1339 569 1379 Concilium
591 1341 852 1379 Tridentinum
879 1340 1087 1378 canonibus
1100 1341 1157 1378 III
1171 1345 1208 1378 et
1230 1341 1299 1378 lV.
1318 1351 1410 1378 sess.
1428 1340 1569 1378 XXIV.
1590 1339 1801 1394 Ecclesiae,

452 1406 608 1441 nomine
623 1404 833 1441 clericalem
849 1409 1014 1452 coetum,
1026 1414 1093 1441 seu
1105 1404 1398 1442 ecclesiasticam
1413 1403 1681 1454 hierarchiam,
1691 1407 1802 1453 prout

453 1477 475 1503 a
493 1466 599 1504 laicis
615 1477 660 1505 ac
678 1466 911 1504 secularibus
927 1465 1161 1515 principibus
1177 1467 1438 1516 distinguitur,
1455 1460 1700 1516 significavit.
1721 1465 1723 1468 ’

452 1581 543 1629 lam
577 1582 780 1646 superius
810 1582 1199 1629 animadvertimus
1224 1600 1384 1630 novum
1416 1581 1599 1628 Launoii
1628 1578 1815 1645 figmen-

358 1669 447 1704 tum
482 1655 629 1722 ,-quo
649 1656 651 1658 ’
673 1658 901 1705 adstruere
941 1659 1128 1706 adnisus
1174 1670 1241 1705 est
1286 1658 1545 1705 tridentinos
1579 1654 1728 1722 patres
1766 1658 1815 1704 in

348 1722 557 1780 adductis
599 1730 842 1781 canonibus
876 1735 1073 1781 ecclesiae
1112 1735 1289 1782 nomine
1324 1734 1576 1796 significare
1617 1733 1814 1783 voluisse

355 1808 771 1873 civilesprincipes,
799 1809 910 1857 adeo
933 1807 1140 1874 paradoxi
1164 1811 1305 1857 instar
1326 1827 1447 1866 esse,
1475 1820 1524 1857 ut
1547 1806 1718 1857 nullum
1740 1806 1816 1857 ad-

359 1883 656 1948 stipulatorem
680 1895 834 1932 nactus
859 1886 931 1933 sit.
956 1886 1155 1933 Attamen
1169 1881 1646 1933 Tamburinius'eidem
1669 1886 1816 1934 favere

356 1959 481 2007 visus
507 1959 582 2007 ‘est
623 1963 738 2024 (71).
781 1962 927 2017 Quare
960 1973 1009 2008 ut
1039 1958 1124 2009 hoc
1158 1962 1291 2008 etiam
1326 1961 1539 2024 effugium
1573 1962 1814 2026 eripiamus

356 2035 681 2083 ecclesiasticae
712 2038 940 2102 potestatis
975 2035 1268 2094 adversariis,
1308 2033 1429 2084 haud
1462 2054 1544 2085 nos
1561 2031 1747 2102 'pigebit
1772 2047 1818 2084 et

359 2111 445 2158 hoc
476 2123 767 2159 commentum
803 2112 1009 2162 evertere,
1039 2115 1178 2178 quue
1206 2114 1451 2161 efficiemus
1478 2115 1522 2159 1.
1551 2107 1606 2160 ex
1629 2113 1730 2178 ipsa
1750 2112 1814 2160 rei

359 2198 537 2243 natura3
569 2188 612 2233 2,
635 2197 846 2254 exssscopo
875 2190 1210 2237 tridentinorum
1240 2187 1439 2254 patrum;
1469 2191 1579 2236 3.ex
1596 2187 1808 2244 absin-dm

361 2263 403 2308 4.
428 2280 480 2309 ex
511 2263 641 2310 facto.

454 2338 580 2393 Quod
603 2349 839 2403 antequam
858 2353 1132 2405 praestemus
1152 2342 1324 2407 aliquid
1341 2342 1398 2389 de
1415 2340 1598 2388 Launoii
1616 2338 1816 2386 doctrina

358 2414 688 2478 praemittamus
712 2432 893 2463 necesse
921 2427 1000 2463 est.
1019 2417 1284 2465 Probaturus
1308 2418 1441 2481 igitur
1455 2415 1676 2463 Launoius
1700 2414 1817 2480 prin-

358 2489 533 2554 cipibus
564 2490 634 2537 ius
665 2502 933 2555 competere,
962 2502 1004 2538 et
1037 2493 1215 2556 quidem
1249 2493 1490 2548 exclusive,
1519 2489 1815 2538 constituendi

359 2564 674 2629 impedimenta
706 2566 1030 2614 matrimonium
1054 2567 1308 2616 dirimentia
1324 2606 1334 2625 ,
1374 2576 1546 2631 praeter
1577 2576 1724 2623 cetera
1745 2582 1817 2612 ar-

352 2652 593 2703 =gumenta,
627 2659 742 2707 quae
773 2643 916 2692 fusius
950 2644 1169 2692 evolverat
1195 2646 1251 2693 ad
1276 2645 1392 2692 hanc
1418 2661 1544 2691 suam
1570 2642 1816 2691 doctrinam

455 2754 520 2793 (71)
541 2755 579 2785 ln
594 2763 647 2795 op.
659 2755 714 2788 cit.
729 2754 896 2788 Praelect.
914 2755 956 2788 de
969 2758 1105 2789 iustitia
1120 2757 1335 2795 christiana,
1349 2758 1383 2789 et
1397 2755 1441 2788 de
1454 2756 1680 2788 sacramentis
1693 2754 1758 2790 vol,
1774 2754 1815 2786 11.

359 2804 388 2844 §.
411 2806 609 2839 Lxxxvui.
1202 2821 1206 2825 ·
