1980 3260
309 233 399 278 480
554 246 635 277 un.
664 246 711 278 11.
740 244 882 277 saeuo
904 244 1078 276 mani.
1105 244 1158 275 nr.
1189 243 1355 276 rornsr.
1384 243 1524 277 civiu.

302 324 452 371 culum
476 360 486 378 ‚
525 323 586 369 ita
620 332 671 369 ut
699 321 878 368 nullum'
907 320 1019 368 illud
1054 321 1164 369 foret
1188 339 1240 368 ac
1263 321 1453 368 irritum.
1482 323 1572 368 Nec
1594 322 1775 378 deerant

302 417 382 464 pro
416 410 604 463 utroque
636 398 801 463 placito
834 398 1054 446 rationum
1090 409 1315 446 momenta
1342 400 1460 461 (61).
1489 398 1607 454 Quin
1641 399 1772 460 etiam

301 475 488 522 dubium
523 475 758 522 excitatum
793 485 862 522 est
898 475 1015 522 circa
1049 485 1252 522 naturam
1287 474 1410 523 illius
1445 475 1774 529 ecclesiasticae

299 551 633 616 approbationis
651 550 709 597 ad
728 568 862 615 quam
888 550 1202 615 appellabant,
1230 551 1308 616 qui
1333 561 1547 599 steterunt
1570 539 1775 616 promul-¹

298 627 422 674 litate
458 627 578 674 illius
614 627 840 674 connubii.
882 627 1111 692 Siquidem
1144 627 1266 674 aliud
1301 638 1369 675 est
1406 628 1772 681 consuetudinem

298 703 494 768 aliquam
529 703 584 749 ab
617 702 806 750 ecclesia
842 702 1048 767 probari,
1077 703 1140 750 ita
1163 713 1212 750 ut
1234 721 1349 768 quae
1383 703 1504 751 iuxta
1538 704 1660 752 illam
1686 704 1774 752 fio*

298 790 393 827 rent
425 779 664 827 dummodo
699 779 1003 827 sanctionibus
1034 780 1262 828 canonicis
1290 797 1378 828 non
1403 781 1767 839 adversarentum

298 856 567 904 haberentur
589 867 684 903 rata
709 856 766 903 ab
791 856 1005 914 ecclesia,
1027 868 1104 903 aut
1121 857 1253 904 etiam
1278 857 1633 922 improbarentur
1654 874 1771 924 quae

296 944 449 981 contra
483 933 684 980 eamdem
726 933 969 996 legitimam
1005 933 1372 981 consuetudinem
1414 944 1765 991 attentarentur3

297 1010 419 1058 aliud
452 1027 556 1058 vero
590 1009 711 1074 quod
746 1009 938 1057 ecclesia
970 1010 1338 1058 consuetudinem
1372 1009 1491 1057 illam
1521 1010 1583 1058 ita
1609 1010 1771 1075 proba-

294 1087 429 1145 verit,
450 1098 500 1134 ut
523 1087 752 1134 induceret
775 1087 1142 1151 impedimentum
1165 1086 1397 1134 dirimens.
1428 1085 1553 1143 Quae
1574 1087 1769 1153 profante

295 1163 411 1212 inter
443 1181 494 1212 se
528 1164 788 1229 permisceri
823 1181 905 1211 nec
939 1174 1128 1229 possunt
1161 1180 1242 1211 nec
1274 1163 1454 1211 debent.

392 1239 510 1296 Quin
544 1257 626 1288 nos
666 1239 942 1287 salebrosam
977 1238 1094 1286 hanc
1136 1238 1500 1303 disceptationem
1544 1238 1768 1304 ingredia(-

295 1333 418 1373 mur,
454 1316 648 1363 dicimus
665 1353 676 1372 ‚
716 1316 836 1380 quod
861 1315 900 1363 si
926 1315 1076 1381 reipsa
1105 1315 1326 1363 eiusmodi
1359 1315 1554 1364 obtinuit
1584 1333 1767 1365 consue-

294 1391 401 1439 tudo
429 1390 486 1438 ab
520 1391 710 1438 ecclesia
743 1408 796 1439 eo
830 1408 968 1438 sensu
1002 1390 1190 1456 probata
1210 1402 1259 1439 ut
1281 1391 1455 1439 irritum
1481 1392 1646 1441 faceret
1663 1409 1768 1442 oon·

293 1467 403 1531 iugii
438 1466 594 1515 foedus
618 1466 665 1513 in
689 1466 969 1532 principibus
993 1467 1115 1531 regio
1138 1467 1358 1531 sanguine
1380 1468 1632 1532 prognatis,
1660 1485 1765 1532 rege

292 1542 431 1591 invito
463 1552 758 1599 contractum,
791 1541 964 1590 nullum
998 1542 1181 1607 quidem
1214 1542 1356 1591 fuisse
1388 1542 1647 1607 coniugium
1682 1543 1767 1592 Ga—

291 1619 431 1667 stonis
466 1618 594 1666 ducis
626 1618 950 1667 aurelianensis
973 1629 1247 1668 contractum
1270 1637 1372 1667 cum
1389 1619 1667 1684 Margaretha
1681 1620 1765 1668 Lo-

292 1695 540 1760 tharingia‚
563 1706 693 1761 prout
711 1695 888 1743 irritum
912 1695 1037 1743 fieret
1058 1695 1182 1743 aliud
1206 1696 1520 1762 quodcumque
1536 1696 1584 1743 in
1601 1695 1764 1745 iisdem

291 1790 438 1820 rerum
454 1772 678 1820 adiunctis
702 1771 861 1820 initum
879 1791 889 1828 ;
911 1782 982 1820 ast
1001 1789 1090 1820 non
1107 1771 1164 1820 ob
1180 1772 1419 1822 inhaerens
1444 1772 1592 1837 regiae
1613 1782 1765 1829 aucta-3

385 1955 450 1996 (61)
471 1955 522 1987 Cf.
537 1955 668 1997 Scipion
685 1955 825 1998 anieix
841 1956 992 1989 Histoire
1005 1955 1050 1989 de
1061 1955 1165 1989 Leuis
1186 1955 1219 1988 le
1231 1955 1332 1998 ⁸iuste
1350 1955 1465 1989 XIII.
1485 1962 1566 1988 nom
1583 1953 1634 1987 du
1649 1955 1706 1987 roi
1719 1953 1764 1987 de

291 2007 437 2039 Frauce.
454 2008 545 2041 Paris
570 2013 659 2042 ¹635.
675 2009 732 2050 qui
751 2008 793 2041 ad
811 2018 865 2041 an.
884 2011 973 2042 1634.
993 2009 1040 2041 ita
1059 2008 1190 2042 scribit:
1204 2011 1274 2042 «Or
1289 2017 1417 2042 eonnne
1429 2008 1502 2041 tant
1512 2006 1765 2045 del’assanblee

291 2058 335 2091 du
353 2060 475 2101 cierge,
491 2061 674 2103 qu’autres,
697 2061 755 2103 qui
778 2062 908 2094 avaient
921 2071 971 2095 un
985 2063 1170 2094 sentiment
1191 2062 1367 2094 contraire
1386 2060 1406 2093 a
1425 2060 1509 2093 celui
1529 2059 1587 2092 des
1606 2059 1761 2101 deputes,

290 2114 523 2154 approuvaient
543 2115 617 2146 bien
638 2116 672 2147 et
691 2115 756 2147 fort
776 2115 952 2148 volontiers
972 2123 1037 2156 que
1055 2115 1087 2147 le
1109 2114 1157 2146 roi
1177 2123 1197 2146 a
1217 2114 1357 2156 pouvoir
1371 2112 1560 2146 d’interdire
1574 2112 1605 2146 le
1619 2112 1762 2154 maringe

288 2173 368 2198 avec
389 2166 510 2197 certain
532 2167 634 2207 parti,
656 2167 675 2199 a
696 2167 740 2200 tel
762 2167 804 2199 de
824 2176 876 2200 ses
896 2167 1014 2208 suiets,
1031 2175 1098 2208 que
1109 2166 1155 2199 lui
1170 2165 1310 2207 semble3
1327 2167 1360 2198 et
1373 2166 1527 2207 pourtant
1545 2174 1610 2207 que
1627 2173 1664 2198 ee
1676 2164 1762 2206 sajet

289 2225 329 2249 ne
349 2217 379 2249 le
408 2219 484 2258 pent
511 2220 691 2251 contracter
713 2210 930 2252 {alablement
950 2228 1026 2252 sans
1055 2219 1087 2251 le
1115 2218 1354 2251 consentiment
1378 2217 1419 2251 de
1440 2227 1477 2251 sa
1498 2217 1648 2258 majeste:
1672 2218 1763 2250 mais

288 2269 364 2302 cela
378 2269 533 2302 s’enlend
551 2270 815 2312 potitiquement
837 2273 871 2304 et
891 2271 1110 2311 civilement;
1131 2269 1327 2304 east-adire
1350 2270 1505 2311 qnant’an
1525 2267 1671 2302 οοιηηοί
1689 2268 1724 2301 et
1740 2267 1762 2301 δ

288 2323 322 2356 la
343 2323 537 2356 convention
558 2323 670 2362 civile,
697 2334 763 2357 non
780 2334 846 2367 pas
865 2327 977 2367 quant
993 2333 1042 2358 au
1060 2326 1264 2357 sacrenaent.
1280 2326 1329 2357 De
1348 2325 1436 2357 sorte
1454 2331 1519 2365 que
1534 2320 1618 2356 cene
1635 2324 1763 2356 eontra·

287 2375 420 2422 ⁴vention
432 2376 544 2408 merite
554 2376 646 2417 peine
662 2378 764 2410 meme
778 2379 914 2419 capitale
925 2403 935 2415 .
949 2378 976 2410 si
990 2378 1021 2410 le
1034 2378 1083 2410 roi
1095 2387 1137 2410 ne
1151 2378 1210 2410 fait
1221 2378 1315 2419 grace
1324 2386 1365 2410 au
1377 2376 1536 2410 criminel.
1552 2376 1634 2409 Mais
1645 2376 1696 2409 s’il
1707 2375 1762 2417 n’y

288 2437 307 2460 a
322 2429 415 2469 point
429 2428 572 2460 d’autres
586 2429 746 2461 obstacles
758 2439 800 2462 ou
815 2431 1073 2472 empechements
1088 2439 1130 2463 au
1143 2430 1301 2472 mariage,
1318 2430 1344 2462 il
1358 2438 1400 2462 ne
1420 2429 1566 2463 laissera
1574 2437 1642 2471 pas
1654 2427 1763 2462 d'elre

288 2481 447 2521 valable,
470 2483 661 2524 canemque
682 2484 715 2514 et
737 2482 888 2523 legittime
907 2485 1020 2525 quant
1035 2492 1084 2516 au
1098 2485 1302 2516 sacrement.
1318 2483 1359 2516 Ni
1379 2483 1453 2524 plus
1472 2482 1506 2514 ni
1527 2482 1634 2514 moins
1653 2490 1718 2523 que
1733 2482 1763 2515 si

288 2535 318 2566 le
334 2535 383 2572 roi
400 2535 563 2568 defendait
577 2535 597 2568 a
609 2544 654 2568 un
668 2535 779 2577 prince
796 2535 839 2568 du
855 2545 952 2578 sang,
968 2547 1010 2569 ou
1025 2537 1045 2570 a
1059 2537 1285 2579 quelqu’autre
1296 2536 1398 2570 deces
1409 2536 1578 2569 vaissoeux
1591 2544 1634 2568 ou
1646 2527 1760 2576 sujum

288 2587 329 2620 de
358 2587 438 2620 faire
464 2587 605 2629 baptiser
626 2596 686 2620 son
712 2588 824 2620 entant
851 2597 891 2620 en
919 2589 1039 2630 l'eglise
1063 2589 1121 2623 des
1145 2589 1349 2630 calvinistes,
1364 2597 1407 2621 ou
1422 2597 1481 2630 par
1495 2586 1618 2620 certain
1636 2586 1759 2628 preti-eg

287 2641 320 2672 et
346 2649 410 2681 que
439 2641 628 2673 neanmoins
653 2640 679 2674 il
705 2641 756 2674 fut
781 2641 908 2683 baptis&
934 2651 992 2683 par
1019 2652 1064 2674 un
1089 2643 1238 2676 ministre
1266 2651 1309 2675 ou
1330 2639 1574 2683 reiigionnaire,
1593 2640 1627 2672 et
1646 2647 1705 2681 par
1724 2646 1762 2672 ω

286 2694 457 2736 pretre·la;
483 2695 617 2727 l’ent'ant
643 2694 841 2728 misserat-il
869 2694 911 2727 de
941 2696 1085 2728 recevoir
1105 2705 1150 2728 un
1170 2696 1321 2738 bapteme
1351 2694 1501 2728 valahle?
1522 2695 1587 2726 Par
1616 2692 1761 2739 exemple

286 2755 402 2779 encore
422 2747 450 2779 si
472 2748 503 2780 le
524 2747 574 2780 roi
589 2746 754 2781 defendait
773 2747 794 2780 ὲ
814 2756 858 2780 un
879 2747 921 2780 de
943 2756 996 2781 ses
1017 2748 1118 2789 sujets
1144 2748 1186 2781 de
1211 2747 1350 2790 prendre
1373 2747 1422 2780 les
1447 2746 1560 2779 ordi-es
1581 2745 1709 2786 sacres,
1727 2745 1762 2778 et

286 2809 351 2841 que
370 2801 561 2834 neanmoins
581 2810 622 2834 au
645 2800 811 2843 preindiee
828 2800 871 2834 de
890 2801 975 2835 cette
1001 2801 1131 2834 defense
1155 2802 1179 2834 il
1200 2802 1247 2843 s’y
1270 2801 1311 2834 nt
1331 2800 1560 2843 promonvoir,
1578 2797 1761 2833 luissent-il

287 2852 388 2887 d'etre
410 2855 572 2887 vraiment
596 2855 630 2887 et
652 2853 924 2895 canoniquement
948 2853 1096 2887 ordonne
1117 2854 1262 2895 prefici»
