1980 3260
320 238 411 284 424
581 252 662 284 Lm.
692 253 738 283 11.
768 251 882 283 sncr.
913 251 1085 282 ALTERA.
1116 251 1168 282 m:
1193 250 1357 282 rornsr.
1387 248 1529 282 olvm.

317 330 437 395 quod
484 347 537 376 ex
582 328 787 375 adductis
836 328 1113 375 documentis
1159 327 1348 391 positive
1393 337 1565 375 constet
1609 344 1700 392 quo
1742 346 1790 377 m

319 405 458 469 gradu
493 404 626 451 fuerit
658 403 869 451 Bertrada
903 402 1237 466 consanguinea
1270 402 1480 467 Philippo
1500 437 1512 460 ‚
1550 419 1709 467 nempe
1741 402 1788 450 in

319 490 470 544 quarto
500 480 650 541 (144).

414 557 457 601 2.
487 556 583 603 Non
607 554 758 602 minus
780 555 965 620 turpiter
988 555 1151 602 erravit
1174 555 1315 619 Nuytz
1339 554 1447 601 dum
1470 554 1657 602 fidenter
1679 553 1795 602 adeo

316 628 508 679 affirmat
538 632 761 678 historiam
784 649 868 678 non
893 631 1012 695 loqui
1032 630 1083 677 de
1107 631 1422 695 dispensatione
1446 630 1503 678 ad
1526 630 1792 678 contrahen-

317 708 423 754 dum
458 707 788 754 matrimonium
822 707 952 764 data,
992 707 1073 754 sed
1107 706 1239 754 unice
1257 706 1314 754 de
1337 702 1615 755 absolutione
1638 705 1696 759 ab
1718 723 1796 754 ex·-

316 782 715 831 communicatione
748 782 955 848 Philippo
986 783 1158 830 inflicta
1189 782 1246 830 ob
1280 800 1410 831 suum
1450 800 1551 830 cum
1580 782 1795 830 Bertrada

318 860 477 907 initum
512 859 768 923 coniugium
801 861 952 922 (145).
981 859 1063 907 Ast
1086 859 1354 907 contrarium
1387 868 1584 916 constat,
1611 869 1662 907 ut
1681 858 1796 907 vidi-

318 952 418 983 mus
449 951 503 981 ex
537 935 695 991 Ivone,
726 934 803 999 qui
826 952 918 982 una
941 952 1042 982 cum
1067 934 1294 982 nonnullis
1318 934 1420 982 aliis
1443 934 1668 999 episcopis
1693 944 1796 998 post

314 1022 578 1059 conventum
596 1011 949 1074 Bangenciacum
984 1011 1253 1076 supplicavit
1285 1010 1404 1075 apud
1441 1009 1702 1058 Paschalem
1730 1010 1790 1057 ΙΙ.

314 1105 395 1152 pro
414 1087 728 1152 dispensatione
747 1086 989 1135 adiiciens:
1017 1107 1040 1132 α
1055 1087 1450 1152 Dispensationum
1468 1096 1616 1133 autem
1634 1084 1797 1135 modus

313 1163 424 1211 nulli
448 1180 648 1228 unquam
673 1162 923 1228 sapientum
944 1162 1172 1227 displicuit
1194 1163 1376 1224 (146),»
1392 1161 1469 1226 qui
1486 1160 1648 1208 deinde
1664 1160 1795 1226 plura

314 1239 514 1287 adtexuit
547 1249 809 1302 argumenta
843 1249 935 1285 tum
969 1256 1022 1285 ex
1056 1238 1314 1285 auctoritate
1336 1247 1430 1285 tum
1451 1255 1505 1285 ex
1529 1237 1699 1285 ratione
1721 1253 1798 1302 pe-

313 1315 394 1362 tita
428 1325 478 1362 ut
512 1313 781 1378 persuadeat
816 1313 1013 1378 pontifici
1047 1313 1380 1371 necessitatem,
1409 1324 1487 1361 aut
1509 1311 1666 1361 saltem
1688 1329 1796 1361 con·-

316 1391 565 1454 gruentiam
600 1390 873 1438 concedendi
908 1390 1130 1438 eiusmodi
1165 1389 1541 1454 dispensationem.

412 1468 644 1514 Praeterea
662 1467 708 1512 in
726 1466 811 1514 hac
831 1465 988 1514 eadem
1013 1466 1203 1531 epistola
1225 1466 1344 1514 circa
1358 1466 1514 1523 finem,
1543 1465 1620 1513 lvo
1642 1475 1796 1530 aperte

314 1543 428 1589 duas
464 1541 700 1605 distinguit
732 1542 969 1606 petitiones
986 1579 996 1598 ,
1024 1558 1139 1606 quae
1163 1540 1330 1589 fiebant
1357 1540 1582 1607 pontifici,
1621 1539 1794 1589 scilicet

313 1619 646 1682 dispensationis
681 1617 738 1665 ab
770 1618 1088 1683 impedimento
1122 1617 1576 1682 consanguineitatis‚
1603 1627 1648 1665 et
1668 1617 1796 1665 abso-

314 1695 494 1741 lutionis
528 1694 585 1741 ab
620 1695 1091 1743 excommunicatione.
1121 1695 1189 1742 En
1224 1695 1322 1742 eius
1354 1694 1523 1742 verba:
1563 1713 1586 1739 (ι
1607 1694 1796 1742 Nostrae

314 1771 616 1834 suggestionis
651 1788 826 1818 summa
858 1781 947 1829 est,
974 1781 1023 1818 ut
1046 1771 1338 1819 imbecillitati
1372 1770 1567 1819 hominis
1601 1769 1789 1828 amodo,

315 1857 529 1911 quantum
552 1864 653 1894 cum
678 1847 822 1895 salute
845 1836 943 1895 eius
969 1848 1179 1912 potestis,
1205 1847 1574 1896 condescendatis
1602 1850 1794 1913 (nempe

314 1922 431 1970 circa
459 1923 839 1988 dispensationem
862 1924 919 1972 de
943 1941 1034 1989 qua
1058 1924 1313 1972 immediate
1336 1934 1438 1972 ante
1461 1923 1787 1986 disseruerat),

314 2007 356 2045 et
381 2007 540 2045 terram
556 2037 566 2056 ‚
594 2017 711 2064 quae
743 1999 843 2047 eius
877 1999 1159 2047 anathemate
1189 1999 1465 2064 periclitatur
1481 2036 1493 2056 ‚
1520 1998 1578 2046 ab
1602 1998 1686 2047 hoc
1709 2015 1791 2063 pe·-

314 2073 452 2121 riculo
476 2075 639 2122 eruatis
661 2095 684 2120 »
709 2086 754 2123 et
776 2075 888 2123 haec
911 2074 1030 2123 circa
1051 2075 1393 2123 absolutionem.

411 2150 456 2195 3.
497 2149 669 2198 Erravit
708 2151 755 2197 in
795 2168 848 2199 eo
887 2151 1009 2216 quod
1057 2151 1247 2198 affirmet
1291 2151 1471 2199 nonnisi
1510 2150 1644 2199 valde
1689 2167 1790 2200 sero

315 2225 540 2290 caeperint
573 2225 669 2272 dari
709 2227 764 2274 ab
805 2226 1050 2292 apostolica
1090 2227 1198 2275 sede
1237 2227 1597 2292 dispensationes
1637 2219 1790 2276 matri-

315 2301 530 2349 moniales
549 2339 559 2358 ,
598 2312 647 2349 ut
679 2302 785 2350 inde
829 2303 1008 2368 colligat
1043 2304 1113 2352 ius
1148 2304 1444 2369 dispensandi
1488 2320 1578 2351 non
1622 2303 1679 2352 ad
1717 2320 1791 2352 ec-

315 2376 518 2433 clesiam,
557 2376 639 2423 sed
680 2377 737 2424 ad
776 2378 951 2426 civilem
992 2379 1297 2428 auctoritatem
1334 2379 1574 2443 originario
1613 2389 1791 2444 specta-

412 2536 498 2578 (144)
520 2535 621 2568 Paulo
640 2536 714 2568 ante
735 2536 833 2568 verba
853 2537 1022 2570 retulimus
1044 2539 1188 2572 chronici
1206 2539 1413 2572 virdunensis
1425 2538 1467 2571 ad
1482 2538 1545 2571 hoc
1558 2537 1785 2571 evincendum.

414 2589 500 2631 (145)
523 2589 575 2622 Sic
596 2589 683 2622 enim
702 2589 909 2631 prosequitur
931 2590 993 2622 loc.
1012 2591 1067 2623 cit.
1083 2594 1143 2624 «E
1165 2592 1202 2625 la
1221 2594 1333 2626 storia
1353 2600 1422 2625 non
1439 2593 1472 2624 ci
1483 2590 1594 2633 parla
1607 2590 1672 2632 pi&
1682 2591 1721 2623 di
1737 2589 1790 2623 dt-

314 2649 438 2683 spensa
459 2642 535 2674 data
553 2642 606 2683 pel
632 2642 854 2683 matrimonio,
878 2651 932 2674 ma
953 2642 987 2674 di
1008 2643 1224 2677 assoluzione
1244 2645 1287 2677 da
1306 2643 1532 2683 scommunica¹
1551 2643 1681 2676 inserita
1700 2642 1733 2676 al
1753 2651 1789 2676 re

316 2694 443 2736 Filippo
458 2694 498 2728 ed
513 2704 533 2728 a
547 2695 706 2728 Bertrada
729 2704 786 2737 per
813 2696 927 2736 questo
952 2695 1023 2728 loro
1047 2697 1274 2739 matrimonio,
1302 2693 1454 2730 concessa
1474 2696 1561 2729 sotto
1586 2697 1790 2738 giuramento

315 2746 350 2778 di
368 2748 559 2788 scpararsi.»

413 2799 500 2842 (146)
520 2802 597 2834 Loc.
617 2801 673 2834 cit.
693 2800 812 2843 quihus
829 2800 946 2835 alludit
965 2801 1006 2834 ad
1034 2801 1132 2835 verba
1156 2811 1193 2836 ex
1214 2812 1242 2837 s.
1257 2802 1380 2844 cyrillo
1401 2802 1505 2836 relata
1529 2811 1551 2836 a
1574 2803 1724 2837 paschali
1742 2804 1787 2837 u.

317 2860 464 2894 quaeque
490 2862 550 2887 nos
571 2853 653 2887 alias
680 2854 919 2897 descripsimus.
