1980 3260
253 195 343 246 208
568 206 648 238 m.
677 204 723 237 ιι.
752 203 865 237 srcr.
895 203 925 234 1.
954 201 1007 234 nn
1030 201 1196 233 rornsr.
1226 200 1392 235 nectes.

250 289 416 355 phylus
449 282 718 350 Raynaudus
757 283 875 345 (13);
913 280 1004 327 Van
1037 279 1188 343 Espen
1226 279 1345 340 (14);
1372 279 1559 330 Antoine
1591 282 1710 346 (15),-

249 366 409 412 Baston
432 399 442 418 ‚
487 357 750 407 Lamennais
785 373 897 422 quos
939 354 1120 402 adducit
1154 353 1354 400 Carriere
1391 355 1511 416 (16);
1549 357 1716 420 quibus

250 438 353 487 addi
392 436 522 483 debet
553 433 674 482 card.
705 432 818 480 Gotti
852 433 969 493 (17),
992 439 1043 476 ut
1065 428 1178 477 alios
1208 438 1482 493 praeteream
1499 465 1511 485 ,
1537 429 1596 477 de
1615 431 1718 494 qui..

248 515 333 561 bus
363 522 515 578 postea
548 510 711 557 redibit
745 524 905 555 sermo.

345 588 572 644 Quaenam
597 602 727 650 porro
751 583 990 648 praecipua
1023 583 1112 629 sint
1139 581 1427 628 fundamenta
1459 581 1625 646 quibus
1656 581 1720 628 in-⁴

250 664 339 711 nixi
385 661 589 710 recensiti
631 671 830 708 auctores
872 659 918 706 in
951 659 1068 706 hanc
1111 658 1371 706 devenerint
1409 658 1675 706 sententiam
1703 695 1714 714 ,

249 740 408 787 melius
449 738 651 802 dignosci
693 755 781 785 non
827 754 961 801 posse
999 735 1206 784 videntur
1245 753 1379 800 quam
1419 753 1472 782 ex
1506 734 1564 782 iis
1602 752 1720 800 quae

251 816 382 862 refert
407 814 670 861 Benedictus
703 813 812 859 XIV.
851 812 898 858 in
937 829 1012 876 op.
1055 812 1114 858 De
1152 811 1307 876 synod.
1341 811 1519 859 dioeces.
1542 811 1620 858 lib.
1642 812 1713 858 vl.

250 909 350 955 cap.
377 891 447 938 vl.
474 889 635 936 Scribit
657 889 775 936 enim
799 887 1085 936 doctissimus
1111 886 1306 951 pontifex
1334 887 1516 934 eosdem
1544 905 1719 952 permo-

248 979 317 1015 tos
352 968 492 1015 fuisse
529 967 723 1031 primum
757 983 810 1013 ex
849 974 995 1012 mente
1040 964 1185 1029 ipsius
1230 964 1407 1011 concilii
1451 964 1714 1020 tridentini,

248 1044 367 1109 quod
397 1044 444 1091 in
478 1060 560 1091 suo
593 1043 788 1099 decreto,
815 1053 866 1090 ut
899 1042 1030 1089 refert
1061 1040 1261 1088 eiusdem
1295 1040 1472 1088 concilii
1506 1040 1719 1089 historio-

248 1120 446 1185 graphus
471 1119 592 1167 card.
615 1118 911 1167 Pallavicinus
935 1118 1052 1180 (18),
1075 1116 1177 1164 ideo
1198 1115 1496 1164 conditionem
1518 1116 1720 1181 publica-

250 1196 392 1245 tionis·
418 1196 466 1243 in
501 1195 691 1259 singulis
726 1194 945 1260 paroeciis
981 1192 1170 1250 adiecit,
1210 1192 1318 1258 quia
1350 1191 1522 1257 absque
1550 1192 1629 1241 illa
1651 1192 1721 1240 in-

250 1289 360 1335 gens
402 1272 769 1320 heterodoxorum
808 1269 1097 1336 querimoniis
1136 1286 1320 1334 campus
1355 1279 1535 1334 apertus
1570 1269 1684 1318 foret
1703 1308 1715 1327 ,

246 1364 388 1412 eoque
420 1347 563 1410 magis
599 1357 729 1394 aucta
762 1347 921 1394 fuisset
954 1362 1106 1394 eorum
1140 1363 1167 1393 a
1200 1345 1388 1394 concilio
1433 1346 1640 1404 aversio,
1679 1346 1718 1394 si

246 1422 368 1470 illius
401 1421 564 1469 decreti
598 1422 642 1469 vi
677 1421 869 1469 decursu
903 1422 1114 1486 temporis
1150 1439 1311 1469 uxores
1350 1439 1457 1470 suas
1495 1439 1577 1487 pro
1611 1438 1717 1469 con-

247 1498 423 1547 cubinis
458 1497 650 1555 habere,
681 1515 878 1564 suosque
911 1498 1075 1546 liberos
1109 1498 1364 1562 illegitimos
1393 1498 1618 1546 declarare
1640 1498 1719 1547 de-

247 1575 476 1631 buissent;
510 1574 734 1640 siquidem
768 1575 1052 1623 manifestum
1076 1586 1144 1623 est
1166 1593 1410 1640 numquam
1435 1575 1631 1623 futurum
1654 1575 1719 1623 fu-

248 1651 338 1698 isse
355 1689 365 1707 ,
404 1650 541 1716 idque
574 1661 721 1715 patres
756 1651 960 1714 ignorare
994 1668 1082 1698 non
1116 1661 1345 1716 poterant,
1373 1661 1422 1698 ut
1445 1668 1608 1699 novum
1641 1650 1720 1698 de-

250 1737 415 1774 cretum
451 1726 507 1773 ab
541 1726 630 1774 illis
661 1727 934 1792 acciperetur
967 1738 1101 1793 atque
1131 1728 1377 1776 executioni
1413 1727 1716 1784 mandaretur,

252 1820 491 1868 eorumque
532 1803 815 1851 matrimonia
854 1821 1001 1852 coram
1041 1804 1236 1869 parocho
1271 1803 1490 1852 catholico
1523 1803 1720 1852 celebra-

253 1888 416 1925 rentur.
451 1879 566 1926 Huic
598 1880 733 1943 igitur
760 1880 1040 1929 incommodo
1073 1880 1256 1946 provide
1284 1895 1518 1929 occursum
1547 1891 1616 1928 est
1638 1898 1719 1946 per

188 1998 189 2001 ,
250 1954 545 2002 conditionem
587 1955 708 2003 illam
752 1957 927 2006 decreto
972 1957 1191 2005 adiectam
1214 1996 1224 2016 ‚
1267 1975 1358 2023 qua
1390 1957 1600 2022 imposita
1634 1957 1719 2004 fuit

247 2029 368 2077 illius
393 2030 706 2094 publicationis
733 2034 976 2082 necessitas
994 2073 1004 2092 ‚
1026 2034 1090 2082 ita
1106 2046 1155 2082 ut
1173 2034 1218 2081 in
1236 2034 1346 2082 locis
1371 2033 1712 2092 haereticorum,

249 2105 295 2152 in
319 2105 482 2170 quibus
507 2107 1063 2178 proculdubioxnumquam
1091 2110 1348 2158 huiusmodi
1374 2108 1615 2175 publicatio
1638 2109 1718 2157 fie-

246 2190 339 2237 ret,
379 2198 467 2228 non
498 2182 723 2231 verificata
757 2185 1010 2234 conditione
1031 2224 1042 2243 ,
1079 2204 1107 2233 a
1139 2204 1230 2252 qua
1263 2185 1499 2234 concilium
1522 2186 1717 2251 pendere

245 2255 386 2304 voluit
407 2256 572 2304 decreti
601 2260 669 2306 sui
693 2260 937 2309 efficaciam
953 2301 963 2319 ,
985 2280 1066 2310 nec
1083 2262 1258 2311 incolae
1280 2262 1494 2311 haeretici
1516 2280 1716 2328 unquam

246 2330 448 2380 adstricti
494 2332 637 2381 forent
680 2337 923 2385 servandae
958 2338 1125 2387 formae
1159 2339 1205 2386 in
1239 2340 1341 2404 ipso
1375 2339 1552 2388 decreto
1590 2356 1718 2405 prae-

337 2550 405 2592 (13)
426 2550 598 2584 Heterocl.
613 2554 731 2595 spirit.
749 2555 827 2586 sect.
843 2556 868 2586 1.
882 2557 1007 2589 Punct.
1030 2560 1077 2590 14.
1092 2567 1125 2590 n.
1147 2561 1229 2600 opp.
1243 2558 1293 2591 cd-
1311 2557 1414 2599 Lugd.
1430 2560 1518 2592 1665.
1533 2559 1614 2590 tom.
1627 2553 1713 2590 XVI.

337 2603 404 2644 (14)
425 2605 501 2637 Ius.
515 2604 634 2637 eccles.
654 2607 755 2638 univ.
769 2615 839 2648 par.
856 2609 898 2640 11.
914 2609 966 2642 tit.
981 2611 1053 2642 ΧΠ.
1067 2619 1097 2643 c.
1114 2615 1144 2644 5.
1160 2620 1194 2644 n.
1207 2615 1245 2645 32
1255 2620 1324 2653 seq.

336 2655 403 2696 (15)
425 2658 476 2689 De
491 2658 596 2690 matr.
611 2666 681 2699 par.
699 2659 758 2690 111.
776 2667 865 2692 num.
882 2662 969 2694 XIII.
987 2664 1054 2694 not.
1071 2666 1101 2695 7.

337 2706 402 2748 (16)
425 2710 474 2741 De
491 2711 601 2742 malr.
617 2718 688 2751 par.
703 2712 763 2743 lu.
777 2719 810 2743 n.
827 2715 918 2745 1214.

337 2761 403 2801 (17)
424 2763 532 2794 Tract.
550 2764 601 2795 De
616 2764 722 2796 matr.
734 2772 791 2805 qu.
805 2766 892 2798 vnl.
909 2765 987 2799 duh.
1002 2769 1058 2799 xl.
1074 2767 1105 2808 ξ.
1122 2773 1151 2801 3.
1166 2777 1199 2800 n.
1215 2773 1264 2801 22.

338 2812 405 2853 (18)
426 2813 496 2845 Lib.
512 2816 613 2847 XXII.
627 2823 699 2856 cap.
714 2820 745 2848 s.
758 2824 790 2848 n.
810 2821 856 2849 ιο.
