1980 3260
347 240 438 285 168
662 247 744 280 un.
772 247 818 279 11.
847 246 960 279 secr.
989 246 1020 278 1.
1049 245 1101 277 nr:
1127 244 1481 278 rorssr.ncc1.1·:s.

344 326 554 394 expositis
597 334 766 372 mature
808 322 1068 388 perpensis,
1112 321 1262 369 omnia
1306 322 1588 370 matrimonia
1628 324 1806 374 nulliter

342 411 563 452 contracta
580 438 590 458 ‚
629 400 685 447 de
709 399 872 464 quibus
891 400 936 445 in
970 397 1176 463 precibus
1197 434 1207 454 ‚
1247 396 1294 443 in
1318 396 1468 444 radice
1491 408 1620 446 sanat
1641 409 1684 446 et
1705 417 1805 449 con-

340 478 507 527 validat
534 478 683 539 (18).»

436 553 540 600 Pius
570 552 662 598 VII.
692 569 827 616 opera
859 549 981 598 card.
1011 549 1204 614 Caprara
1233 547 1421 596 indulsit
1451 548 1692 596 Galliarum
1719 550 1809 615 epi-

337 629 485 694 scopis
521 628 773 676 facultatem
807 627 1098 692 dispensandi
1128 628 1175 672 in
1206 625 1351 673 radice
1386 643 1466 690 per
1499 643 1667 673 annum
1701 626 1810 674 inte-

334 723 462 769 grum
479 705 525 751 in
541 704 748 753 omnibus
766 704 983 767 coniugiis
1003 703 1125 751 initis
1142 720 1286 768 usque
1299 702 1354 749 ad
1375 704 1398 748 1
1410 701 1780 765 4.Augusti1801
1793 740 1803 749 .

332 781 454 828 Haec
476 780 630 827 eadem
654 779 841 827 facultas
874 780 1032 826 iterata
1053 788 1122 826 est
1144 796 1222 843 per
1244 777 1464 826 indultum
1483 778 1635 825 datum
1660 780 1705 826 7.
1727 778 1808 826 Fe-

331 855 481 903 bruar.
519 857 659 902 1809.
692 857 809 917 (19).
831 855 886 902 Et
913 872 1087 902 rursum
1117 853 1190 900 die
1224 855 1300 900 27.
1329 854 1447 919 Sept.
1478 855 1619 901 1820.
1648 853 1805 901 eadem

333 932 520 980 facultas
558 949 771 980 concessa
804 932 886 980 fuit
926 932 1137 996 episcopo
1170 930 1434 996 pictaviensi
1471 948 1552 995 pro
1585 930 1804 993 coniugiis

332 1008 564 1056 celebratis
582 1026 728 1056 coram
748 1008 1019 1073 presbyteris
1038 1008 1104 1055 sic
1121 1007 1265 1054 dictae
1275 1023 1441 1070 parvae
1458 1006 1658 1053 ecclesiae
1679 1006 1777 1069 (20)
1789 1043 1799 1052 .

427 1084 509 1131 Die
534 1085 610 1129 10.
639 1084 758 1147 Sept.
789 1085 930 1130 1803.
953 1099 1046 1130 sac.
1079 1098 1286 1145 congreg.
1315 1080 1372 1127 de
1390 1080 1682 1145 Propaganda
1713 1080 1803 1128 fide

331 1158 377 1204 in
410 1159 597 1223 epistola
637 1159 694 1206 ad
728 1159 989 1223 episcopum
1033 1157 1356 1222 quebecensem
1390 1155 1603 1220 scripsit:
1651 1175 1674 1201 «
1694 1156 1805 1203 San-

330 1233 557 1281 ctissimus
594 1234 732 1296 (Pius
766 1235 895 1296 Vll.)
935 1243 1152 1298 quatenus
1181 1249 1295 1296 opus
1329 1231 1421 1289 sit,
1459 1248 1537 1279 eas
1570 1248 1725 1279 omnes
1758 1230 1806 1278 in

331 1309 481 1356 radice
508 1310 684 1357 sanavit
711 1309 1067 1374 dispensationes
1091 1325 1206 1373 quae
1230 1307 1287 1355 ab
1311 1307 1605 1372 amplitudine
1628 1317 1706 1355 tua
1728 1307 1805 1356 da·

329 1394 400 1432 tae
435 1395 565 1441 sunt,
593 1402 682 1432 non
716 1386 881 1433 inserto
899 1423 909 1442 ,
937 1395 986 1432 ut
1004 1395 1289 1450 praeceptum
1312 1395 1430 1442 erat,
1459 1383 1715 1431 facultatum
1738 1393 1804 1431 te-

328 1477 462 1517 nore,
500 1477 601 1507 cum
630 1461 917 1525 expressione
951 1461 1162 1526 temporis
1198 1460 1254 1508 ad
1279 1460 1398 1526 quod
1430 1460 1592 1508 fuerint
1619 1476 1803 1508 conces-

326 1553 461 1582 sae.»
493 1535 658 1584 Omitto
692 1537 946 1585 sanationes
976 1554 1138 1600 magno
1172 1554 1355 1584 numero
1384 1536 1523 1584 factas
1555 1535 1611 1584 ab
1645 1535 1802 1584 eodem

326 1610 538 1674 pontifice
559 1649 569 1667 ‚
607 1610 676 1659 vel
711 1611 768 1659 ab
802 1612 900 1660 eius
934 1612 1192 1660 immediato
1227 1612 1572 1677 praedecessore
1617 1611 1694 1660 Pio
1723 1611 1795 1658 vl.

330 1704 431 1734 cum
466 1688 512 1733 in
537 1688 714 1736 Etruria
746 1689 1107 1753 dispensationes
1142 1688 1199 1736 ab
1234 1689 1564 1754 impedimentis
1589 1688 1802 1735 dirimen-

326 1763 445 1811 tibus
470 1781 702 1830 perperam
726 1765 857 1813 datae
882 1765 1076 1814 fuissent
1099 1765 1155 1812 ab
1180 1766 1392 1831 episcopo
1416 1765 1674 1830 pistoriensi
1707 1764 1803 1812 Sci-

325 1838 457 1902 pione
488 1840 606 1887 Ricci
628 1879 638 1898 ,
677 1841 753 1905 qui
790 1841 877 1888 sibi
912 1858 1010 1888 eam
1045 1841 1298 1889 facultatem
1337 1851 1633 1905 arrogaverat.
1676 1840 1800 1897 Quae

325 1914 446 1961 enim
470 1915 685 1964 hactenus
710 1917 913 1981 exempla
935 1916 1165 1964 attulimus
1184 1917 1299 1965 ultro
1317 1917 1548 1965 sufficiunt
1569 1917 1628 1965 ad
1656 1927 1801 1965 osten-

323 1990 544 2048 dendum,
577 1994 950 2057 quemadmodum
983 1995 1323 2059 proposuimus,
1353 1994 1468 2042 hanc
1502 2003 1793 2058 potestatem,

324 2066 583 2124 ecclesiam,
618 2086 698 2116 seu
729 2087 840 2117 rom.
869 2070 1102 2135 pontifices
1137 2070 1407 2118 exercuisse.
1435 2069 1664 2118 Absonum
1693 2086 1798 2118 vero

323 2142 436 2190 foret
459 2143 503 2189 in
529 2143 713 2192 dubium
737 2164 944 2195 revocare
977 2147 1048 2195 ius
1083 2146 1130 2194 id
1167 2147 1360 2195 faciendi
1395 2146 1516 2211 quod
1540 2164 1568 2194 a
1597 2156 1659 2195 tot
1686 2163 1798 2212 pon-

321 2218 547 2276 tificibus,
586 2221 793 2269 universa
834 2232 1055 2270 annuente
1089 2222 1279 2292 ecclesia
1312 2222 1477 2270 factum
1506 2232 1590 2271 est.

417 2294 498 2341 His
532 2294 660 2342 factis
677 2334 687 2353 ‚
716 2297 754 2343 si
778 2314 890 2361 opus
909 2309 1055 2356 esset,
1094 2316 1330 2364 possemus
1357 2298 1648 2347 celebriorum
1671 2299 1797 2348 theo-

321 2369 521 2432 logorum
554 2381 597 2417 et
630 2372 958 2419 canonistarum
1001 2374 1249 2422 doctrinam
1285 2374 1511 2431 adiicere;
1557 2392 1712 2423 verum
1745 2375 1793 2422 id

321 2462 504 2493 necesse
538 2463 625 2494 non
659 2456 742 2494 est.
773 2446 939 2495 Omnes
963 2450 1081 2496 enim
1109 2450 1246 2498 veluti
1270 2459 1538 2515 compertam
1562 2468 1661 2499 eam
1685 2468 1793 2516 sup-

317 2532 518 2586 ponunt,
557 2523 730 2588 quoties
764 2523 924 2571 docent
965 2542 1097 2590 posse
1132 2544 1242 2574 rom.
1281 2525 1534 2592 pontificem
1574 2526 1792 2591 impedire

406 2688 473 2730 (18)
493 2690 531 2721 In
556 2689 613 2722 cit.
629 2691 774 2724 Dissert.
791 2700 864 2733 pag.
882 2695 932 2725 35.

404 2740 471 2781 (19)
493 2742 687 2775 Instructio
706 2744 760 2775 Io.
787 2745 892 2785 Bapt.
917 2744 1054 2778 cardin.
1085 2747 1245 2788 capr-ara
1266 2746 1304 2778 in
1329 2744 1453 2778 Galliis
1478 2752 1524 2778 ex
1542 2744 1666 2778 Latere
1683 2743 1790 2787 leuati

315 2791 358 2825 de
378 2793 681 2828 matrimoniorum
701 2795 956 2829 revalidatione
981 2797 1016 2829 in
1042 2806 1117 2840 app.
1137 2791 1195 2832 lli.
1214 2798 1272 2832 cit.
1291 2797 1421 2831 dissert.
1440 2806 1513 2840 pag.
1530 2801 1600 2831 110.

405 2845 471 2887 (20)
490 2846 541 2881 cf.
565 2847 865 2891 correspondance
891 2850 1120 2894 amnemque
1143 2851 1187 2886 de
1211 2851 1248 2885 la
1270 2859 1356 2886 cour
1375 2850 1418 2885 de
1441 2853 1554 2885 Rome.
1578 2859 1651 2894 pag.
1669 2854 1737 2886 165.
1775 2890 1778 2892 ,
