1980 3260
1528 265 1585 309 83

689 364 901 402 ωινινι·
930 363 1034 399 111.

429 499 480 530 ΒΕ
515 498 732 530 ECCLESIAE
766 498 993 529 POTESTATE
1027 494 1294 527 msl’ssNSANm

345 575 386 607 IN
420 574 713 606 lMPEDmnNTIS
748 572 1037 605 MATRIMONIUM
1072 571 1376 604 DfflfflENTIBUS.

697 701 969 737 ARTICULUS
994 702 1025 736 1.

139 807 335 845 Romanus
361 802 538 842 Pontifex
559 813 628 851 pro
652 812 831 850 suprema
855 812 931 850 qua
949 802 1065 850 pollet
1087 803 1312 840 auctoritate
1339 803 1377 839 in
1397 802 1587 851 Ecclesia,

201 868 422 917 dispensare
447 870 570 915 potest
587 867 626 903 in
650 865 915 904 ecelesiasticis
934 864 1213 914 impedimentis
1232 865 1519 905 Matrimonium
1538 867 1594 904 di-

211 931 446 970 rimentibus.

227 1041 375 1087 Mirari
409 1056 536 1087 nemo
568 1038 697 1086 debet
725 1038 763 1085 si
788 1037 1060 1084 adstruimus
1087 1054 1266 1085 romano
1292 1038 1486 1103 pontifici
1520 1057 1595 1104 po-

134 1126 331 1165 testatem
368 1114 592 1163 relaxandi
625 1114 938 1178 impedimenta
967 1113 1242 1171 dirimentia‚
1282 1115 1364 1162 etsi
1398 1115 1597 1162 tridenti-

136 1210 241 1239 num
265 1191 499 1239 concilium
524 1189 736 1238 ecelesiae
762 1189 908 1254 potius
927 1206 1061 1253 quam
1080 1189 1249 1236 romani
1275 1190 1494 1254 pontificis
1519 1208 1597 1238 no—

136 1268 254 1315 mine
285 1277 453 1323 utatur,
492 1266 596 1313 dum
632 1265 720 1329 agit
753 1264 809 1311 de
842 1264 1098 1312 huiusmodi
1138 1275 1352 1329 potestate
1380 1267 1463 1328 (1).
1489 1267 1597 1313 Nam

135 1343 368 1391 concilium
388 1360 467 1407 per
484 1341 715 1390 eeclesiam
735 1358 811 1388 eos
831 1341 1052 1404 significat
1068 1341 1143 1405 qui
1162 1341 1393 1388 ecelesiam
1418 1353 1592 1405 regunt,

136 1419 181 1465 in
214 1435 400 1483 eamque
430 1427 690 1482 potestatem
724 1416 914 1473 habent,
944 1416 1054 1463 tales
1088 1433 1190 1463 vero
1216 1427 1319 1463 sunt
1350 1434 1459 1464 rom.
1490 1435 1599 1481 pon-

136 1495 242 1542 tifex
265 1504 307 1542 et
329 1494 563 1542 concilium
588 1494 942 1550 oecumenicum,
971 1494 1077 1557 quia
1109 1493 1155 1539 in
1190 1493 1246 1540 iis
1277 1503 1344 1540 est
1376 1493 1497 1541 illius
1521 1511 1600 1558 po-

134 1571 306 1618 testatis
330 1570 574 1635 plenitudo.
611 1569 738 1625 Quod
772 1568 906 1632 igitur
928 1578 1151 1633 praestare
1179 1578 1322 1632 potest
1345 1585 1397 1615 ac
1425 1569 1600 1617 efficere

135 1646 349 1703 ecclesia,
388 1646 433 1692 id
475 1636 621 1710 ipsuin
656 1655 798 1710 potest
831 1655 922 1691 tum
959 1644 1288 1691 oecumenicum
1330 1645 1596 1703 concilium,

136 1732 227 1768 tum
257 1738 457 1768 summus
481 1720 691 1784 pontifex.
722 1720 954 1766 Probatum
981 1729 1126 1766 autem
1152 1719 1356 1783 superius
1381 1730 1448 1767 est
1470 1738 1602 1784 posse

138 1797 369 1844 ecclesiam
388 1797 702 1861 impedimenta
719 1796 972 1842 dirimentia
994 1797 1260 1843 constituere
1278 1815 1287 1852 ;
1320 1813 1422 1858 ergo
1445 1797 1599 1844 eadem

138 1872 452 1936 impedimenta
483 1881 627 1936 potest
655 1870 842 1918 eeclesia
880 1870 1101 1926 relaxare3
1141 1870 1341 1934 adeoque
1375 1871 1420 1916 id
1454 1872 1601 1935 ipsum

138 1957 280 2012 potest
312 1958 405 1995 tum
442 1947 772 1994 oecumenicum
806 1946 1070 2003 concilium,
1107 1956 1200 1993 tum
1230 1963 1338 1993 rom.
1374 1947 1597 2011 pontifex,

138 2024 213 2088 qui
249 2040 456 2088 suprema
490 2024 534 2069 in
570 2023 758 2070 ecelesia
795 2032 1008 2087 potestate
1047 2022 1221 2068 fruitur.
1266 2022 1368 2070 Ideo
1402 2040 1504 2070 vero
1546 2024 1602 2071 de

142 2098 234 2147 solo
268 2113 448 2146 romano
472 2098 679 2163 pontifice
717 2098 973 2161 singillatim
1008 2114 1221 2160 agemus,
1258 2098 1362 2162 quia
1394 2115 1495 2145 cum
1529 2099 1602 2146 hic

141 2192 283 2222 sermo
316 2175 374 2221 sit
412 2174 466 2221 de
506 2174 710 2221 exercitio
745 2174 835 2236 iugi
872 2173 1102 2237 potestatis
1127 2211 1137 2229 ,
1182 2190 1324 2238 neque
1367 2175 1599 2222 concilium

141 2250 467 2298 oecumenicum
493 2250 634 2314 possit
657 2267 756 2296 esse
773 2266 1061 2313 permanens,
1085 2249 1139 2296 ad
1158 2250 1421 2307 removenda
1439 2251 1603 2298 eonsti-

141 2335 233 2372 tuta
264 2325 580 2389 impedimenta
609 2341 708 2371 cum
731 2342 843 2389 opus
874 2324 1028 2381 fuerit,
1067 2324 1187 2372 nulla
1216 2335 1307 2372 erat
1330 2326 1441 2374 ratio
1465 2344 1602 2391 quare

144 2401 199 2448 de
227 2418 280 2448 eo
313 2401 649 2449 dissereremus.
1444 2403 1455 2424 '

243 2478 357 2524 Dum
392 2488 536 2524 autem
566 2495 673 2524 rom.
713 2477 907 2541 pontifici
942 2477 1182 2525 asserimus
1219 2478 1438 2526 eiusmodi
1481 2489 1603 2542 pote-

145 2563 300 2600 statem
328 2571 409 2616 pro
441 2570 639 2617 suprema
670 2554 759 2599 eius
793 2554 839 2599 in
872 2554 1046 2600 ecclesia
1080 2555 1353 2608 auctoritate,
1390 2554 1473 2601 hoc
1503 2554 1602 2618 ipso

148 2628 287 2693 liquet
319 2645 399 2675 nos
433 2628 549 2676 hane
580 2629 642 2674 illi
674 2638 930 2692 potestatem
951 2629 1179 2677 vindicare
1202 2630 1248 2676 in
1273 2648 1430 2686 sensu,
1458 2641 1506 2676 ut
1528 2637 1611 2677 vo-‘

144 2716 269 2761 cant,
298 2705 537 2760 emelusivo,
573 2722 686 2770 quae
720 2705 887 2753 seilicet
915 2706 1078 2753 nemini
1119 2706 1194 2753 alii
1233 2717 1458 2771 praeterea
1491 2723 1606 2753 com-

144 2782 291 2829 munis
315 2782 396 2838 sit,
427 2792 556 2845 prout
579 2781 743 2829 nemini
775 2781 849 2828 alii
885 2782 1127 2829 communis
1158 2793 1227 2829 est
1252 2799 1459 2845 suprema
1482 2793 1603 2847 pote-

243 2881 288 2922 (ι)
309 2883 390 2914 Sess.
410 2883 522 2915 XXIV.
540 2890 609 2914 can.
634 2883 689 2914 ΙΙΙ.

1475 2940 1501 2963 >st
