1980 3260
231 251 321 283 011».
338 253 399 285 111.
418 253 470 284 nn
490 250 605 284 11001..
624 249 892 284 ror.n1s1›.m
909 249 1345 284 mr.uA·rn.n1n.Anr.
1364 251 1421 284 ιν.
1493 239 1581 284 139

135 331 256 395 gium
294 331 441 392 (100).
479 329 574 376 Alii·
605 339 749 376 autem
786 327 1001 378 eiusmodi
1046 327 1372 376 matrimonium
1406 343 1587 379 censent

134 407 407 472 probabilius
431 424 530 455 esse
554 406 647 453 iure
672 414 854 453 naturae
876 404 1064 460 irritum,
1094 403 1427 470 innitamurque
1450 408 1587 470 potis-

135 483 297 532 simum
321 483 579 531 auctoritate
597 481 841 529 innocentii
861 481 939 528 111.
956 498 1055 545 cap.
1077 479 1337 537 Gaudemus,
1361 482 1411 529 de
1430 482 1584 530 divort.

132 560 210 625 qui
245 560 409 607 edixit:
450 558 728 606 matrimonia
750 557 863 604 inter
889 556 1091 604 infideles
1118 566 1340 604 contracta
1364 557 1409 604 in
1433 575 1590 606 secun—

132 635 189 684 do
206 674 217 692 ,
255 635 382 683 tertio
413 644 457 681 et
490 644 647 697 quarto
690 633 831 695 gradu
874 632 1267 695 consanguinitatis
1303 651 1391 681 non
1427 634 1586 683 debere

130 711 332 760 dissolvi.
361 710 426 757 Ex
457 709 621 773 quibus
656 709 838 772 quidam
870 708 1079 771 colligunt
1112 726 1219 757 rom.
1255 710 1506 774 pontificem
1539 712 1586 759 in

129 804 182 835 ea
217 786 356 833 fuisse
389 782 606 831 sententia
639 782 758 846 quod
792 783 997 845 coniugia
1029 783 1074 828 in
1103 784 1246 847 primo
1274 787 1586 848 consanguini-

129 863 231 912 tatis
261 859 402 925 gradu
433 858 489 906 ab
523 857 777 906 infidelibus
812 858 922 905 inita
953 868 1102 922 utpote
1135 859 1221 906 iuri
1254 861 1443 907 naturali
1482 880 1586 910 con-

129 938 264 987 traria
307 935 492 984 dissolvi
535 951 719 1000 prorsus
747 933 987 981 deberent.
1031 933 1086 981 At
1125 934 1200 981 alii
1242 944 1487 999 repugnant
1538 939 1583 986 id

126 1031 227 1063 esse
250 1029 551 1077 consequens,
578 1011 819 1076 dicuntque
851 1009 1036 1072 intelligi
1070 1027 1203 1075 posse
1235 1012 1475 1061 Innocentii
1500 1014 1578 1060 ΙΙΙ.

127 1106 391 1154 responsum
414 1084 469 1135 de
492 1086 634 1151 primo
663 1086 802 1149 gradu
827 1085 872 1132 in
897 1085 1013 1133 linea
1040 1097 1177 1143 recta,
1206 1098 1282 1135 aut
1305 1087 1488 1145 melius,
1516 1090 1583 1135 In-

125 1165 377 1214 nocentium
395 1164 452 1212 ad
469 1164 515 1210 id
533 1162 815 1228 respondisse
838 1162 957 1226 quod
981 1162 1122 1210 fuerat
1145 1164 1409 1228 quaesitum.
1439 1165 1583 1220 Quae-

125 1242 210 1290 stio
243 1251 389 1289 autem
423 1240 463 1287 ei
497 1238 723 1304 proposita
757 1238 897 1285 fuerat
920 1238 976 1285 de
995 1239 1215 1296 secundo,
1248 1239 1375 1287 tertio
1408 1251 1583 1305 quarto-

123 1335 211 1384 que
244 1317 384 1380 gradu
405 1355 415 1373 ,
453 1316 651 1381 adeoque
682 1315 738 1362 de
770 1315 912 1378 primo
945 1315 1084 1377 gradu
1117 1316 1209 1364 sive
1242 1315 1384 1364 lineae
1418 1327 1576 1374 rectae,

124 1394 218 1442 sive
252 1403 530 1441 transversae
564 1392 626 1439 nil
662 1391 717 1439 ab
749 1391 1002 1439 Innocentio
1035 1392 1211 1455 negari,
1251 1392 1312 1439 nil
1346 1392 1573 1440 affirmari.

123 1470 212 1516 Nec
235 1486 343 1516 sane
365 1468 527 1516 desunt
545 1467 762 1515 rationum
786 1477 1006 1515 momenta
1029 1467 1191 1532 quibus
1215 1467 1425 1533 placitum
1449 1486 1577 1516 suum

121 1555 308 1609 utraque
335 1562 439 1609 pars
467 1553 611 1592 tuetur
636 1554 768 1608 atque
795 1552 1063 1608 propugnat,
1091 1560 1204 1608 quae
1226 1544 1344 1609 apud
1367 1544 1578 1608 allegatos

120 1631 323 1669 auctores
358 1620 543 1686 expendi
580 1631 770 1685 possunt
808 1621 955 1682 (101).
980 1620 1101 1675 Quid
1129 1621 1415 1669 verisimilius
1450 1622 1577 1670 nobis

122 1696 326 1743 videatur
358 1706 512 1760 postea
545 1696 759 1743 dicemus.
795 1695 908 1742 Illud
943 1705 1109 1743 certum
1143 1706 1211 1743 est
1239 1696 1469 1745 ecclesiam
1501 1715 1576 1745 ne-

121 1773 283 1820 minem
317 1789 512 1837 unquam
549 1771 634 1819 hoc
666 1771 717 1818 in-
745 1771 883 1834 gradu
907 1768 1204 1836 'dispensasse
1225 1774 1371 1834 (102).

211 1967 297 2008 (100)
318 1966 459 1999 Sanchez
473 1966 529 1999 lib.
547 1969 620 1999 Vll.
637 1967 720 2008 disp.
734 1971 783 1999 52.
801 1975 833 1998 n.
852 1971 900 1999 10.
919 1967 1085 1998 enumerat
1104 1971 1154 1999 26.
1169 1968 1314 1999 auctores
1328 1976 1386 2008 pro
1400 1967 1460 1999 hac
1479 1975 1571 2008 nega-

114 2010 182 2052 tiva
204 2019 378 2060 sententia,
403 2019 522 2060 quibus
543 2019 687 2052 Leander
706 2021 798 2051 tract.
813 2020 868 2051 lx.
883 2018 968 2060 disp.
984 2023 1033 2051 13.
1049 2025 1131 2059 q.-9.
1149 2020 1229 2052 alios
1244 2018 1414 2052 duodecim
1429 2019 1575 2060 adiungit

115 2072 233 2114 quibus
246 2073 278 2105 et
292 2073 360 2113 ipse
374 2073 563 2113 assentitur,
583 2072 709 2113 sibique
724 2072 880 2104 adiiciunt
894 2081 920 2104 s.
935 2072 1092 2104 Tliomam
1109 2077 1139 2104 2.
1156 2077 1186 2105 2.
1203 2082 1237 2114 q.
1252 2074 1319 2105 154.
1337 2073 1398 2105 art.
1409 2077 1439 2105 9.
1457 2071 1499 2105 ad
1513 2077 1543 2105 3.

210 2125 260 2158 es.
281 2126 377 2158 etiam
406 2126 556 2158 Pontium
579 2128 629 2158 De
651 2134 742 2158 sacr.
757 2127 860 2157 matr.
874 2124 930 2157 lib.
943 2127 1013 2157 vll.
1031 2134 1060 2158 0.
1079 2131 1127 2158 32.
1144 2128 1193 2158 De
1215 2125 1337 2167 imped.
1360 2127 1571 2166 coquatiom's

116 2187 149 2211 n.
166 2183 196 2212 3.
211 2179 270 2220 qui
285 2187 344 2219 pro
357 2178 418 2210 hac
434 2179 592 2210 sententia
611 2179 728 2219 allegat
742 2179 775 2210 et
789 2179 855 2219 ipse
870 2187 896 2210 s.
911 2178 1067 2210 Thomam
1079 2203 1089 2218 ,
1109 2178 1294 2211 caietanum
1304 2203 1313 2219 ‚
1330 2179 1462 2211 Alexan.
1479 2179 1571 2211 Alen-

113 2239 199 2271 sem,
220 2230 436 2271 Richardum,
456 2231 666 2271 Durandum,
692 2231 958 2272 carthusianum,
976 2231 1162 2272 Armillam‘,
1179 2232 1380 2272 Oleastrum,
1405 2231 1569 2264 Guillelm.

118 2283 313 2324 liimerium,
330 2283 473 2315 Gratian.
490 2285 664 2315 Hervetum
675 2308 684 2324 ,
699 2284 850 2325 Laysium
865 2284 1092 2325 legionensem,
1106 2294 1244 2326 quorum
1261 2286 1418 2318 sententia
1432 2287 1480 2318 est
1496 2295 1569 2318 con·

116 2335 238 2376 iugium
253 2336 336 2368 inter
351 2337 479 2368 fratrem
494 2336 525 2368 et
537 2345 677 2368 sororem
694 2336 726 2368 in
740 2338 780 2368 V.
795 2338 831 2368 L.
846 2335 956 2369 divino
969 2337 1054 2376 iure,
1065 2345 1151 2369 nunc
1160 2338 1266 2370 autem
1278 2337 1347 2370 iure
1356 2338 1571 2370 ecclesiastico

111 2397 181 2420 esse
196 2389 404 2430 prohibitum.
422 2389 480 2421 His
494 2389 625 2421 Pontius
642 2389 732 2421 addit
745 2389 901 2430 quaedam
916 2390 1043 2430 patrum
1059 2390 1251 2422 testimonia.
1268 2391 1391 2422 Exinde
1406 2386 1569 2423 Verrioelli

110 2441 143 2472 in
158 2450 212 2482 op.
231 2443 280 2473 De
295 2441 439 2483 apostol.
455 2442 674 2474 missionibus
687 2442 738 2474 tit.
756 2444 810 2473 lv.
826 2443 875 2474 De
884 2442 1046 2484 privileg).
1064 2442 1176 2483 requl.
1189 2452 1221 2484 q.
1236 2448 1287 2475 98.
1302 2443 1379 2475 dub.
1394 2446 1442 2475 14.
1461 2443 1566 2476 insert.

110 2506 125 2520 «ι
142 2494 249 2529 Quare
262 2493 290 2525 si
304 2493 431 2534 gentilis
442 2495 515 2526 ante
535 2493 729 2534 baptismum
742 2494 936 2526 contraxerit
950 2495 1188 2527 matrimonium
1204 2504 1278 2527 011111
1293 2503 1402 2527 sorore
1414 2496 1447 2527 in
1459 2505 1496 2527 co
1505 2505 1570 2536 per·

106 2553 254 2578 severare
268 2546 362 2579 debet
375 2548 447 2588 post
459 2547 687 2588 baptismum.»

204 2598 273 2639 (101
295 2600 418 2630 Ηο111111
433 2601 497 2631 ΑΛ.
512 2608 643 2631 censum
659 2599 788 2632 exhibet
803 2601 920 2641 Kugler
937 2610 989 2642 op.
1005 2602 1060 2633 011.
1076 2611 1108 2642 q.
1124 2603 1237 2633 XLlll.
1255 2601 1338 2633 inter
1352 2603 1566 2642 quaestiones

106 2652 215 2691 maqt's
230 2650 427 2692 disputatas
442 2661 474 2683 n.
497 2655 583 2684 1874.

201 2703 287 2744 (102)
308 2706 460 2737 Nonnulli
482 2705 643 2738 affirmant
661 2707 832 2738 111-1111111111]
847 2706 1096 2748 V.dispensasse
1110 2707 1143 2739 111
1159 2706 1362 2740 matrimonio
1378 2706 1485 2738 fratris
1494 2714 1568 2739 cum

106 2765 233 2797 sorore;
250 2757 391 2799 itemque
406 2759 624 2800 dispensatum
641 2769 709 2792 esse
723 2769 797 2792 cum
812 2762 1017 2794 Emmanuele
1032 2762 1214 2794 Lusitaniae
1230 2770 1311 2801 rege.
1326 2760 1456 2792 Athaco
1469 2759 1564 2793 desti-

104 2810 175 2842 tuta
195 2818 264 2842 csse
281 2811 415 2844 veritate
436 2812 589 2845 historica
611 2814 752 2846 ostendit
771 2813 857 2847 card.
873 2816 921 2846 De
937 2816 1027 2856 Lugo
1043 2815 1099 2847 lib.
1114 2817 1139 2847 l.
1152 2818 1248 2856 Resp.
1265 2813 1390 2846 moral.
1406 2811 1483 2844 dub.
1497 2814 1561 2845 XL.

104 2863 137 2894 et
150 2862 341 2903 spondanus
352 2864 392 2896 ad
406 2873 457 2897 an.
476 2869 562 2898 1496.
578 2867 628 2900 Cf.
642 2867 761 2907 Kugler
775 2867 836 2899 loc.
852 2868 907 2900 011.
926 2869 963 2900 Et
980 2877 1068 2909 sane,
1083 2869 1119 2900 ut
1139 2870 1198 2902 rite
1216 2866 1443 2900 animadvertit
1459 2866 1560 2899 Natal.
