1980 3260
392 216 485 267 384
648 231 728 264 mn.
759 232 804 263 11.
834 230 948 264 secr.
978 228 1150 262 Atrium.
1181 229 1232 261 ns
1258 227 1422 261 rorssr.
1451 226 1602 262 cmm:

391 310 660 378 hypothesi,
698 309 818 374 quod
852 319 1104 358 contractus
1122 346 1132 365 ,
1162 300 1384 374 quatenns
1408 306 1556 355 civilis
1579 318 1674 365 est,
1701 310 1864 358 sit'bu·

391 388 461 434 ius
485 386 751 434 sacramenti
781 385 981 432 materia.
1010 384 1067 432 At
1098 383 1359 432 huiusmodi
1382 383 1495 432 ratio
1520 383 1663 431 civilis
1686 393 1778 432 tota
1798 379 1869 433 est

390 462 639 510 extrinseca
672 461 918 509 contr-actui
957 460 1148 508 naturali
1182 460 1336 509 divino
1369 460 1448 525 qui
1483 477 1564 525 per
1596 472 1864 509 consensum

388 531 591 586 mutuum
616 538 730 586 inter
751 537 1061 585 christianos
1049 554 1139 584 iam
1163 546 1232 585 est
1256 546 1599 584 sacramentum

487 607 553 661 Ex
584 614 750 662 nostris
787 613 1025 678 principiis
1061 613 1152 661 iam
1188 612 1355 678 pariter
1387 612 1553 661 corruit
1585 611 1725 660 altera
1758 612 1871 660 ratio

390 689 583 738 adducta
611 707 639 738 a
662 690 717 736 D.
736 689 955 748 Camere,
984 689 1074 737 nisi
1099 689 1318 737 tribuatur
1348 689 1420 737 ius
1447 688 1532 737 hoc
1561 687 1866 754 principibus,

391 765 564 814 nullum
610 783 745 832 posse
791 766 1159 831 impedimentum
1194 766 1361 831 apponi
1395 765 1613 814 dirimens
1647 758 1870 830 coniugiis

385 842 665 900 -infidelium3
697 861 801 891 nam
835 861 917 891 nos
952 843 999 890 id
1033 842 1148 891 ultro
1183 853 1411 908 tamquam
1445 834 1737 892 verisimilius
1761 842 1872 913 fate-5

389 937 515 976 mur;
553 912 764 967 nimirum
804 919 1056 985 principes,
1096 919 1369 985 quicumque
1402 919 1582 968 demum
1617 919 1735 977 sint,
1773 919 1870 967 sive

389 988 546 1044 fideles
564 996 659 1044 sive
677 995 881 1044 infideles
899 996 1021 1044 haud
1041 1013 1176 1061 posse
1193 996 1366 1043 irritum
1386 995 1572 1044 reddere
1589 995 1866 1059 coniugium,

389 1072 510 1139 quod
545 1072 642 1121 iure
675 1083 859 1121 naturae
901 1073 1098 1121 validum
1141 1073 1201 1121 sit
1228 1111 1238 1130 ‚
1283 1089 1365 1120 nec
1401 1081 1651 1138 opponatur
1684 1071 1771 1119 iuri
1806 1071 1872 1119 di-

386 1149 496 1198 ‘vino
533 1152 650 1212 (66).
681 1150 890 1198 Poterunt
924 1150 1150 1215 principes
1186 1148 1371 1197 reddere
1405 1147 1577 1196 nullum
1612 1146 1869 1212 coniugium

390 1225 437 1272 in
472 1235 653 1274 externo
687 1225 782 1273 soro
817 1225 963 1282 civili,
991 1234 1040 1272 ut
1073 1224 1387 1289 exposuimus,
1416 1223 1554 1289 idque
1587 1223 1699 1272 satis
1721 1223 1869 1272 estad

390 1300 555 1350 bonum
590 1300 756 1349 sociale
773 1339 783 1358 ,
823 1317 1068 1366 pacemque
1104 1300 1330 1348 tuendam.

485 1376 660 1424 Corruit
683 1376 838 1424 eadem
857 1376 1069 1424 facilitate
1087 1376 1207 1442 quod
1228 1375 1494 1424 Gerbaesius
1512 1375 1765 1425 eruditione
1787 1393 1871 1425 sua

387 1451 578 1501 adnisus
606 1462 676 1500 est
707 1451 958 1500 ostendere.
998 1452 1228 1517 Siquidem
1263 1469 1352 1500 non
1387 1451 1511 1500 aliud
1549 1453 1773 1501 evincunt
1794 1452 1870 1501 ad-

388 1527 522 1575 ducta
556 1526 613 1575 ab
647 1527 749 1592 ipso
782 1526 1048 1575 documenta
1066 1565 1076 1585 ,
1114 1545 1250 1593 quam
1284 1545 1418 1593 posse
1451 1528 1678 1594 principes
1711 1527 1869 1577 civiles

386 1604 562 1651 irritare
590 1604 715 1669 quod
749 1603 1094 1653 conti-aciviles
1117 1603 1241 1669 leges
1275 1605 1435 1653 initum
1472 1604 1606 1653 suerit
1635 1615 1771 1670 prout
1801 1615 1870 1654 est

384 1680 518 1729 civile
551 1681 808 1745 coniugium
840 1698 920 1729 seu
954 1681 1131 1746 privare
1163 1681 1406 1729 effectibus
1432 1678 1754 1730 civilibuseos
1787 1682 1868 1747 qui

386 1756 474 1806 tale
506 1757 766 1821 coniugium
801 1769 953 1806 contra
986 1757 1107 1822 leges
1137 1758 1305 1806 ineunt.
1334 1759 1489 1823 Neque
1508 1755 1557 1805 id
1581 1756 1869 1806 dissimulant

386 1833 587 1883 nonnulli
612 1851 667 1881 ex
690 1834 788 1882 eius
811 1834 1060 1882 fautoribus
1074 1873 1084 1892 ‚
1106 1834 1184 1900 qui
1202 1834 1393 1883 candide
1417 1835 1610 1883 fatentur
1632 1852 1722 1883 non
1745 1833 1868 1883 aliud

387 1910 590 1965 evincere
612 1910 784 1976 aliquot
806 1911 965 1959 saltem
989 1911 1255 1960 documenta
1279 1911 1336 1959 ab
1360 1911 1460 1977 ipso
1482 1911 1676 1975 allegata
1696 1906 1826 1975 (67).‘
1856 1943 1858 1945 >

483 1987 572 2034 Nec
601 1986 747 2051 magis
771 1987 931 2036 efficax
954 1998 1024 2036 est
1048 1987 1160 2036 ratio
1183 1986 1378 2035 adducta
1400 2004 1427 2034 a
1451 1987 1578 2035 Petro
1600 1987 1728 2044 Βοῖος
1755 1982 1870 2035 haec

385 2061 503 2108 enim
536 2063 667 2127 unice
701 2063 887 2129 probat,
926 2081 1062 2130 posse
1093 2063 1323 2129 principes
1350 2063 1467 2111 intra
1491 2058 1728 2129 potestatis
1756 2078 1868 2118 suae

385 2136 600 2185 ambitum
616 2176 626 2195 ‚
657 2139 827 2188 scilicet
849 2139 1021 2198 civilis,
1053 2139 1292 2205 prohibere
1319 2138 1529 2203 coniugia
1543 2154 1562 2196 3-
1575 2155 1692 2204 quac
1715 2139 1868 2205 reipu-

384 2211 528 2261 blicae
546 2212 662 2262 bono
687 2215 915 2264 adversari
941 2215 1213 2264 existimant.
1231 2214 1402 2263 Ateius
1421 2215 1652 2281 potestatis
1670 2213 1866 2264 ambitus

477 2336 545 2377 (66)
565 2337 657 2381 Hanc
678 2339 869 2382 sententiam
893 2349 953 2373 nos
975 2340 1059 2373 intra
1079 2340 1228 2383 pluribus
1255 2339 1454 2381 argumentis
1479 2339 1686 2373 adstruemus
1704 2348 1742 2372 ac
1756 2338 1863 2372 vindi·

383 2388 543 2422 cabimus.
1855 2402 1858 2405 “

477 2442 546 2484 (67)
566 2443 653 2476 luter
672 2445 796 2477 ceteros
819 2446 945 2488 conet,
968 2446 1026 2488 qui
1047 2455 1123 2480 cum
1145 2456 1218 2489 cap
1234 2448 1309 2480 vn.
1324 2455 1358 2482 n.
1373 2448 1425 2480 64.
1442 2446 1652 2487 provocasset
1674 2445 1716 2478 ad
1742 2446 1829 2488 legen
1844 2454 1865 2479 a

383 2494 584 2538 principibus
600 2495 787 2529 christianis
802 2497 884 2530 latas
899 2507 980 2539 quas
995 2503 1139 2533 recenset
1154 2499 1302 2541 Gerbais,
1318 2500 1351 2532 in
1364 2500 1442 2532 nota
1457 2498 1588 2530 scribit.
1600 2497 1805 2532 «Fatendum
1819 2499 1866 2531 ta·

382 2557 456 2580 men
472 2556 513 2581 ex
531 2547 572 2581 iis
585 2548 726 2582 textibus
741 2550 916 2583 nonnullos
931 2560 1021 2591 esse,
1040 2552 1097 2593 qui
1123 2551 1229 2586 videri
1251 2552 1377 2594 possint
1393 2559 1460 2584 non
1477 2550 1519 2583 ad
1535 2550 1642 2592 ipsam
1663 2539 1864 2595 matrimonii

382 2601 598 2634 &instantiam
614 2601 793 2643 pertinere,
809 2601 868 2634 sed
882 2602 925 2634 ad
943 2603 1079 2636 effectus
1091 2613 1130 2637 ex
1144 2613 1184 2637 eo
1205 2604 1338 2646 prodire
1355 2603 1559 2636 consuetos.»
1570 2601 1696 2636 Deinde
1709 2603 1866 2644 provocat

382 2653 425 2686 ad
447 2653 656 2688 matrimonia
676 2653 819 2687 filiorum
840 2654 979 2688 familias
997 2656 1068 2690 sine
1088 2659 1260 2698 parentum
1278 2664 1437 2690 consensu
1461 2655 1560 2696 inita;
1581 2654 1648 2688 iam
1668 2664 1765 2696 vero,
1788 2664 1863 2690 cum

381 2706 541 2740 formulae
563 2706 685 2749 quibus
703 2706 736 2739 in
758 2706 829 2740 iure
853 2707 924 2740 sive
949 2717 1102 2750 romano,
1126 2710 1196 2742 sive
1216 2709 1333 2751 gallico
1360 2707 1521 2741 eiusmodi
1541 2707 1674 2749 nuptiae
1694 2707 1862 2741 irritantur

382 2767 459 2800 prae
486 2759 602 2793 ceteris
629 2759 802 2802 explicitae
825 2760 912 2801 sint,
940 2762 1028 2802 patet
1056 2762 1168 2806 eadem
1204 2763 1329 2794 ratione
1352 2769 1418 2803 qua
1444 2762 1593 2794 auctores
1618 2761 1673 2794 isti
1701 2762 1861 2802 coguntur

381 2811 476 2844 fateri
492 2811 580 2854 leges
597 2811 780 2855 principum
800 2812 996 2845 secularium
1017 2822 1083 2845 non
1108 2814 1264 2855 attingere
1284 2813 1498 2846 substantiam
1515 2821 1571 2846 seu
1584 2812 1781 2854 vinculum,
1802 2821 1863 2846 nos

380 2873 474 2905 posse
501 2867 534 2898 et
560 2864 676 2899 debere
705 2865 790 2908 leges
818 2875 931 2900 omncs
956 2865 1141 2899 istiusmodi
1170 2867 1239 2908 pari
1265 2866 1364 2900 modo
1393 2866 1537 2908 accipere
1565 2867 1597 2900 et
1629 2866 1845 2908 interpretari.
