1980 3260
235 288 402 321 cmm.
422 290 473 322 1>ss
491 284 908 322 civ.ro·msr.1›nmc.
929 290 1192 322 mannum
1212 290 1337 321 uun.
1355 289 1447 320 Anr.
1467 290 1495 320 1.
1557 274 1640 318 451

169 364 336 415 'directe
360 386 411 417 ac
436 379 601 416 remote
634 369 750 416 hanc
785 378 1044 433 potestatem
1079 368 1265 425 habere,
1294 378 1522 433 quatenus
1549 367 1648 414 red-

169 441 274 490 dere
309 453 493 508 po'ssent
527 444 732 491 subditos
768 461 872 491 suos
908 443 1130 491 inhabiles
1165 443 1221 490 ad
1253 460 1487 490 assensum
1520 460 1647 507 prae-

168 518 373 567 bendum·
398 521 642 568 contractui
678 519 864 585 nuptiali
902 538 927 567 a
962 520 1058 584 lege
1092 520 1255 576 vetito,
1295 531 1425 585 prout
1459 519 1646 567 ecclesia

167 595 221 648 ‘ins
247 589 436 643 ‘concilio
471 596 710 644 tridentino
745 596 970 644 inhabiles
1002 597 1057 644 ad
1089 596 1437 643 contrahendum
1475 613 1550 643 eos
1585 595 1649 642 es-

167 665 292 727 seest,
332 671 410 735 qui
447 671 721 719 clandestine
756 672 964 735 coniugia
998 689 1079 720 sua
1120 671 1297 719 inirent.
1333 672 1538 729 Frustra,
1579 671 1646 716 in-

166 748 325 810 quam,
365 746 410 792 id
445 747 671 812 quispiam
707 759 974 812 opponeret;
1004 766 1103 794 nam
1141 749 1348 812 princeps
1383 747 1526 794 civilis
1555 764 1643 794 non

164 831 311 886 potest
341 821 566 869 inhabiles
602 823 787 870 reddere
821 823 1129 870 contrahentes
1155 822 1357 870 subditos
1382 822 1468 870 nisi
1494 823 1540 868 in
1571 841 1641 869 or-

163 896 270 944 dine
292 897 413 944 civili
440 915 492 944 ac
517 898 693 954 sociali,
723 910 772 946 ut
796 900 1071 965 principatus
1098 910 1254 946 natura
1272 899 1491 963 exposcit,
1515 910 1643 962 prout

164 960 388 1022 inhabiles
414 975 558 1022 reddit
582 975 775 1041 pupillos
802 976 899 1023 sine
923 994 1147 1023 consensu
1178 976 1361 1033 tutoris,
1398 975 1645 1022 filiosfami-

165 1049 251 1097 lias
287 1050 383 1097 sine
423 1068 644 1098 consensu
686 1051 854 1115 patris,
900 1069 1058 1098 uxores
1101 1052 1197 1098 sine
1239 1069 1460 1098 consensu
1496 1051 1641 1098 mariti

164 1126 230 1180 ad
248 1137 498 1175 'contractus
523 1127 742 1192 quosdam
768 1127 1003 1174 ineundos.
1035 1127 1120 1182 Qui
1146 1128 1331 1192 proinde
1351 1127 1387 1175 si
1409 1128 1639 1192 quidpiam

165 1211 452 1259 attentarent,
483 1203 595 1250 nihil
620 1203 844 1250 efficerent
867 1202 923 1250 ob
947 1203 1166 1250 eiusmodi
1193 1203 1538 1260 inhabilitatem,
1562 1221 1642 1250 nec

163 1289 415 1329 tenerentur
438 1280 482 1324 in
508 1279 779 1327 conscientia
804 1289 932 1343 pacta
957 1296 1155 1335 servare,
1194 1279 1301 1343 quia
1327 1279 1526 1326 subiecta
1557 1298 1645 1326 ma—

163 1355 272 1402 teria
307 1355 362 1402 id'
388 1356 577 1420 patitur,
617 1373 733 1420 quae
768 1355 961 1420 principi
996 1354 1186 1402 obnoxia
1225 1366 1293 1402 cst
1327 1357 1443 1417 (18).
1483 1355 1644 1402 Contra

160 1438 265 1482 vffer'o
299 1440 437 1498 quum
472 1443 727 1480 contractus
764 1432 1004 1497 nuptialis,
1043 1442 1193 1496 utpote
1228 1432 1297 1478 sui
1340 1433 1546 1494 generis,
1591 1450 1643 1478 ex

162 1509 347 1574 saepius·
380 1509 538 1565 dictis,
569 1509 759 1573 principi
796 1508 980 1555 minime
1014 1508 1233 1555 obnoxius
1275 1508 1358 1564 sit,
1403 1509 1556 1573 nequit
1601 1509 1639 1555 is

162 1584 386 1634 inhabiles
422 1585 624 1632 subditos
651 1585 736 1632 sibi
763 1585 1028 1632 commissos
1054 1585 1226 1632 efficere
1252 1585 1308 1631 ad
1336 1585 1459 1631 illum
1485 1586 1643 1631 ineun-

161 1655 294 1719 dum,
323 1679 403 1712 nec
434 1673 670 1727 eapropter
696 1672 842 1726 potest
870 1661 1096 1709 vinculum
1127 1661 1339 1726 impedire
1368 1672 1444 1708 aut
1473 1661 1641 1709 solvere

161 1737 240 1785 sed
274 1737 419 1792 unice,
440 1747 583 1803 potest
607 1737 792 1787 effectus
817 1747 1045 1793 externos,
1078 1736 1258 1792 civiles,
1289 1737 1476 1784 sociales
1509 1737 1642 1784 attin-

158 1831 283 1878 gere
299 1813 499 1861 eiusdem
529 1812 816 1861 connubialis
857 1823 1134 1868 contractus,
1175 1812 1250 1877 qui
1296 1813 1351 1859 ad
1396 1813 1641 1879 principem

161 1889 364 1956 spectant
393 1892 509 1952 (19).

256 1966 384 2022 Quod
421 1967 458 2013 si
495 1966 684 2014 ecclesia
719 1966 940 2014 inhabiles
977 1967 1021 2012 in
1057 1966 1245 2014 concilio
1265 1966 1503 2014 tridentino
1529 1965 1638 2012 fide-

158 2032 238 2092 les
246 2043 394 2092 effecit
418 2043 474 2090 ad
501 2043 853 2091 contrahendum
875 2043 1148 2090 clandestine
1167 2043 1518 2099 matrimonium,
1542 2042 1641 2089 ideo

157 2130 251 2176 est,
292 2120 399 2185 quia
439 2131 690 2167 contractus
733 2131 801 2167 est
844 2119 1029 2166 materia
1072 2119 1270 2183 proxima
1314 2119 1575 2166 sacramenti
1612 2136 1638 2165 a

157 2214 247 2261 qua
293 2213 338 2243 re
383 2213 470 2243 non
510 2196 822 2259 distinguitur,
867 2195 1111 2260 eodemque
1153 2206 1253 2242 actu
1296 2195 1344 2241 fit
1384 2206 1636 2242 contractus

159 2290 211 2322 ac
246 2282 587 2327 sacramentum,
618 2289 697 2318 seu
722 2271 887 2318 clarius
923 2272 1051 2318 etiam
1070 2311 1079 2328 ,
1120 2282 1370 2319 contractus
1395 2283 1462 2319 est
1492 2272 1637 2336 ipsum

157 2359 499 2396 sacramentum.
530 2347 639 2394 Cum
674 2364 776 2395 vero
813 2365 838 2394 a
863 2347 1038 2395 Christo
1063 2347 1251 2395 ecclesia
1276 2357 1533 2412 potestatem
1562 2364 1635 2393 ac—

157 2424 322 2490 ceperit
356 2422 534 2488 plenam
577 2423 622 2469 in
667 2434 1040 2470 sacramentorum
1085 2423 1493 2478 administratione,
1542 2423 1635 2468 iure

156 2501 298 2565 potuit
331 2500 546 2568 attingere
580 2499 889 2547 contrahentes
925 2500 970 2546 in
1011 2500 1166 2548 ordine
1205 2500 1263 2547 ad
1309 2507 1631 2547 sacramentum

253 2678 318 2719 (18)
341 2679 460 2710 Saltem
475 2687 513 2710 ex
531 2678 697 2710 communi
715 2677 874 2710 sententia
890 2685 954 2709 una
967 2686 1042 2709 cum
1059 2676 1300 2718 exceptionibus
1319 2684 1399 2715 quas
1418 2674 1558 2715 theologi
1579 2683 1632 2715 ap-

156 2739 274 2772 ponere
297 2733 411 2764 solent.
429 2733 479 2764 Cf.
498 2734 587 2773 Lugo
603 2734 634 2764 ct
652 2732 796 2763 Lcssium
815 2731 876 2763 loc.
894 2731 948 2763 cit.

253 2785 318 2824 (19)
341 2786 423 2816 Cum
440 2785 622 2826 principum
639 2785 723 2825 leges
735 2785 819 2816 intra
833 2783 990 2815 ambitum
1008 2783 1172 2825 potestatis
1187 2782 1246 2813 sibi
1262 2781 1408 2821 propriae
1422 2780 1453 2811 in
1469 2780 1631 2811 conscicn-

155 2837 202 2869 tia
219 2836 368 2870 subditos
386 2838 549 2880 obligent3
566 2838 593 2871 si
610 2838 731 2870 subditi
748 2839 877 2880 nuptias
894 2839 1013 2871 inirent
1027 2840 1139 2870 contra
1154 2835 1232 2875 legis
1253 2834 1497 2874 praescriptum,
1520 2833 1631 2872 ntique

152 2891 344 2931 peccamut,
362 2891 389 2923 si
409 2891 494 2932 leges
510 2891 616 2924 iustae
631 2892 712 2932 sint,
731 2892 862 2932 nuptiae
877 2893 970 2924 crunt
987 2890 1120 2923 illicitae
1132 2913 1140 2928 ,
1158 2887 1212 2919 sed
1230 2889 1335 2919 tamen
1354 2885 1489 2917 validae.
