1980 3260
454 266 544 298 cir.
571 267 599 298 1.
626 266 722 298 cert.
747 266 841 298 mm
868 265 1033 298 rorssr.
1063 264 1225 298 mvius.
1251 266 1343 299 Aur.
1373 268 1402 299 1.
1572 251 1662 298 347

193 354 270 391 aut
302 361 518 408 personas
551 344 773 410 denique,
816 356 946 409 prout
980 355 1084 393 sunt
1117 345 1427 394 contrahentes
1450 383 1461 403 ,
1500 344 1666 394 nullius

191 419 323 484 plane
351 421 521 470 roboris
552 439 604 469 ac
636 421 800 469 valoris
825 432 976 478 erunt,
1004 431 1158 486 utpote
1180 421 1237 469 ab
1260 421 1494 486 illegitima
1517 433 1668 471 aucto-

191 496 318 545 ritate
346 497 486 554 latae,
523 508 656 563 atque
682 509 804 546 extra
827 498 1049 546 obiectum
1073 498 1303 563 proprium
1335 502 1565 562 vagantesss

285 575 436 621 Restat
467 574 627 637 igitur,
664 585 714 622 ut
745 574 875 622 unice
910 574 1144 622 conveniat
1176 574 1424 622 auctoritati
1461 574 1667 639 politicae

188 660 386 714 potestas
415 650 534 697 cirea
557 668 632 706 ea,
661 668 776 715 quae
801 651 1048 699 extrinseca
1075 651 1271 699 diximus
1305 651 1526 699 connubio
1549 650 1662 716 ipsi,

188 743 242 773 ac
278 727 501 791 pertinent
534 727 590 774 ad
624 728 752 775 civile
787 728 1019 776 iudicium.
1043 729 1154 776 Eius
1178 728 1353 792 generis
1378 739 1484 775 sunt
1505 745 1667 786 causae

187 801 329 859 dotis,
357 812 491 867 atque
525 802 840 861 haereditatis,
881 804 986 851 item
1020 804 1344 861 successionis,
1375 804 1666 852 admissionis

185 888 262 926 aut
285 878 557 927 exclusionis
583 879 641 926 ab
665 879 825 928 officiis
850 897 902 928 ac
927 881 1093 928 muniis
1118 879 1311 945 publicis
1341 891 1417 928 aut
1449 881 1636 945 privatis
1652 919 1662 937 ,

185 954 511 1020 illegitimitatis
536 956 675 1021 prolis
699 957 744 1003 in
770 955 864 1005 foro
887 957 1034 1014 civili,
1063 956 1270 1022 aliaeque
1286 956 1529 1013 eiusmodi,
1552 973 1668 1021 quae

183 1032 230 1078 in
263 1032 495 1080 codicibus
530 1033 886 1099 uniuscuiusque
921 1033 1093 1097 gentis,
1125 1034 1273 1097 regni,
1306 1044 1383 1081 aut
1411 1032 1668 1098 provinciae

186 1109 468 1174 reperiuntur
501 1121 543 1158 et
578 1110 873 1157 eontinentur.

283 1186 389 1232 Dari
426 1187 650 1234 enimvero
685 1196 874 1250 possunt
919 1185 1146 1249 legitimae
1180 1201 1343 1233 causae
1379 1185 1436 1234 ob
1471 1202 1585 1251 quas
1619 1186 1665 1233 in

184 1261 488 1326 peculiaribus
524 1263 752 1311 societatis
792 1262 1016 1310 adiunctis
1057 1262 1248 1310 debeant
1281 1280 1307 1310 a
1340 1263 1556 1328 regimine
1591 1279 1665 1328 po·

184 1338 307 1387 litico
331 1356 384 1387 ac
407 1339 605 1388 humano
630 1339 884 1403 legislatore
908 1339 1147 1405 improbari
1172 1357 1354 1387 suorum
1383 1339 1664 1388 subditorum

186 1415 392 1480 nuptiae,
431 1433 546 1480 quae
583 1415 784 1481 alioquin
819 1433 899 1480 per
930 1432 981 1463 se
1014 1415 1161 1463 licitae
1195 1432 1248 1463 ac
1282 1415 1507 1479 legitimae
1540 1426 1658 1463 sunt.

182 1490 292 1538 Cum
325 1509 430 1539 vero
463 1491 652 1540 ecclesia
693 1492 907 1539 rationem
952 1491 1117 1539 habere
1157 1490 1318 1539 debeat
1360 1490 1664 1540 universitatis

182 1567 374 1615 filiorum
413 1586 620 1626 suorum,
649 1578 781 1633 atque
816 1567 1074 1615 abstrahere
1092 1576 1124 1615 'a
1147 1567 1279 1615 malis
1314 1585 1394 1615 seu
1427 1567 1664 1616 incommo-

182 1644 255 1691 dis
293 1644 643 1692 accidentalibus
662 1683 672 1701 ,
715 1655 765 1691 ut
797 1644 886 1692 dici
919 1644 1057 1701 solet,
1097 1644 1232 1692 huius
1264 1643 1334 1692 vel
1363 1643 1485 1692 illius
1519 1644 1664 1708 regio-

180 1721 277 1776 nis,
316 1721 453 1769 huius
488 1721 728 1770 alteriusve
761 1721 936 1785 gentis,
975 1738 1088 1786 quas
1123 1738 1277 1769 omnes
1312 1721 1478 1787 pariter
1500 1718 1583 1769 suo
1613 1721 1659 1768 in

180 1798 349 1860 gremio
393 1797 726 1863 complectitur;
772 1815 871 1845 cum
917 1809 1145 1863 praeterea
1181 1797 1371 1845 ecclesia
1405 1797 1663 1846 abstrahere

179 1872 338 1921 debeat
361 1891 387 1921 a
411 1885 659 1939 temporum
693 1873 932 1930 varietate,
967 1873 1024 1920 ad
1057 1891 1173 1938 quae
1209 1873 1360 1921 omnia
1393 1873 1526 1920 etiam
1561 1889 1662 1921 sese

177 1949 404 2006 extendit,
455 1967 640 1998 necesse
683 1961 751 1998 est
784 1961 832 1997 ut
867 1949 1042 2013 legibus
1089 1948 1372 2012 generalibus
1419 1948 1662 2014 prospiciat

177 2026 377 2074 omnium
412 2026 606 2074 filiorum
642 2044 823 2075 suorum
856 2026 1002 2083 bono,
1036 2025 1259 2091 quidquid
1293 2026 1352 2072 sit
1383 2025 1440 2072 de
1473 2024 1659 2090 speciali

178 2113 253 2150 aut
285 2103 501 2168 peculiari
538 2103 691 2169 aliquo
728 2103 1042 2159 incommodo,
1087 2102 1207 2167 quod
1243 2119 1296 2150 ex
1329 2118 1621 2167 personarum
1646 2140 1656 2159 ,

176 2177 374 2226 locorum
399 2196 452 2226 ac
476 2189 724 2243 temporum
755 2178 1055 2243 peculiaribus
1090 2178 1312 2226 adiunctis
1336 2194 1561 2242 emergere
1584 2194 1660 2242 po-

176 2254 291 2302 terit.
314 2256 415 2302 Suis
442 2255 651 2302 nimirum
676 2255 851 2319 legibus
876 2255 1066 2303 ecclesia
1090 2254 1311 2302 communi
1340 2271 1393 2302 ac
1415 2254 1657 2303 universali

178 2329 313 2379 totiu‘s
342 2331 615 2379 christianae
646 2332 870 2380 societatis
906 2331 1138 2380 commodo
1171 2348 1222 2379 ac
1254 2330 1435 2380 utilitati
1460 2348 1561 2380 sese
1584 2348 1658 2379 ac-

177 2408 460 2456 commodare
494 2408 639 2456 debet.
676 2409 756 2456 Est
789 2409 907 2456 enim
942 2408 1192 2456 communis
1228 2418 1368 2456 mater
1402 2425 1454 2456 ac
1487 2407 1650 2455 nutrix.

175 2484 378 2532 Attamen
414 2485 509 2533 fieri
544 2486 699 2550 utique
734 2495 902 2550 potest,
939 2496 987 2533 ut
1020 2484 1260 2534 nonnullae
1296 2483 1517 2550 nuptiales
1552 2500 1657 2531 con-

176 2562 426 2610 iunctiones
460 2563 505 2608 in
540 2562 813 2627 quibusdam
855 2562 1111 2626 regionibus
1147 2562 1193 2609 in
1237 2562 1548 2610 detrimentum
1584 2577 1656 2608 ce-

175 2639 283 2687 dant
318 2640 572 2697 societatis,
622 2639 739 2687 mala
779 2639 956 2705 pariant
978 2678 988 2696 ,
1028 2639 1399 2704 gravissimisque
1432 2636 1652 2684 interdum

176 2715 469 2764 incommodis
493 2716 711 2764 obnoxiae
736 2716 839 2763 sint.
864 2715 978 2764 Hinc
1003 2726 1219 2780 coguntur
1241 2713 1518 2777 legislatores
1542 2730 1655 2761 non-

176 2791 298 2838 nulla
333 2792 617 2840 connubialia
653 2792 857 2849 foedera,
897 2793 1046 2858 quoad
1071 2793 1166 2840 eius
1194 2789 1287 2837 fieri
1314 2799 1483 2855 potest,
1517 2789 1654 2855 impe-

176 2867 295 2923 dire,
345 2869 620 2933 improbare,
667 2869 897 2933 illegitima
943 2869 1179 2917 decernere
1215 2878 1256 2914 et
1293 2877 1442 2914 contra
1488 2876 1651 2915 statuta
