1980 3260
286 234 375 267 CAP.
393 234 451 265 VI.
471 234 522 265 DE
541 233 665 266 MATR.
686 233 863 266 mnam.
882 233 966 266 lm.
983 234 1030 266 SE
1048 232 1127 266 VEL
1139 232 1221 266 ΕΗΒ
1241 233 1362 266 cun.
1380 233 1473 266 Aur.
1489 233 1534 266 11.
1598 217 1683 265 221

322 312 514 368 Quarto:
550 312 725 360 Certum
756 321 845 369 est,
872 320 921 359 ut
943 321 1097 376 postea
1125 311 1399 369 videbimus,
1425 310 1692 360 Declaratio·

222 405 321 436 nem
345 388 570 436 Benedicti
592 388 702 435 XIV.
727 405 817 453 qua
843 387 992 436 valida
1015 388 1295 436 matrimonia
1318 388 1411 436 sive
1440 388 1555 436 inter
1582 388 1687 436 hae-

223 465 385 513 reticos
410 465 467 513 ad
491 466 709 522 invicem,
738 465 833 513 sive
865 464 999 512 mixta
1033 464 1079 511 in
1096 462 1098 465 ’
1114 463 1349 512 Hollandia
1371 463 1588 512 celebrata
1615 473 1693 512 aut

223 541 521 598 celebrantur,
550 541 807 598 edicuntur,
835 550 1060 588 extensam
1083 557 1183 588 esse
1215 540 1274 588 ad
1306 539 1456 605 plures
1488 540 1691 603 regiones

223 618 281 665 in·
298 612 471 683 ‘quibus
507 612 1048 674 haeretici'dominantur,
1075 627 1124 664 ut
1146 615 1360 682 deinceps
1391 613 1589 680 legitima
1612 633 1691 663 seu

221 688 381 743 valida
406 692 485 739 illa
506 688 776 739 haberentur
791 729 801 748 ,
831 688 962 739 etiam
987 693 1299 757 praetermissa
1328 692 1504 741 concilii
1527 691 1693 740 triden-

219 768 301 816 tini
326 767 492 823 sorma,
518 765 722 831 quamvis
756 765 852 813 eius
887 767 1108 814 decretum
1138 767 1270 814 suerit
1302 767 1364 813 ibi
1399 767 1686 832 publicatum.

219 844 358 908 Ergo,
387 838 605 899 inferunt,
633 842 732 890 sine
765 842 842 889 tali
867 842 1196 898 Declaratione,
1224 842 1345 890 nulla
1369 843 1534 900 forent,
1563 853 1694 908 prout

218 914 351 967 etiam
373 934 584 983 expresse
608 918 788 983 saepius
811 935 838 965 a
860 918 1000 966 sacris
1017 918 1450 982 congregationibus,
1473 929 1515 966 et
1531 937 1558 966 a
1576 937 1686 966 rom.

217 989 504 1061 pontificibus
537 993 807 1041 declaratum
841 1004 931 1051 est;
976 1004 1038 1042 tot
1070 994 1205 1058 igitur
1236 995 1455 1043 habentur
1487 994 1693 1043 inelucta-

216 1065 334 1119 biles
369 1069 652 1135 probationes
685 1069 741 1117 de
774 1068 974 1117 nullitate
1007 1069 1227 1118 eiusmodi
1251 1070 1556 1134 coniugiorum
1585 1080 1692 1135 quot

220 1141 326 1195 sunt
358 1147 559 1211 regiones
594 1146 650 1194 ad
683 1163 795 1212 quas
819 1145 1100 1194 benedictina
1121 1146 1367 1195 Declaratio
1390 1158 1572 1195 extensa
1593 1156 1685 1204 est3

220 1222 419 1288 alioquin
444 1239 628 1287 prorsus
651 1221 822 1270 inutilis
845 1222 1063 1270 eiusmodi
1087 1223 1285 1272 extensio
1315 1223 1440 1272 foret.
1471 1222 1691 1281 Quorsum

221 1299 341 1346 enim
375 1298 717 1346 declarationem
751 1297 873 1345 illam
907 1298 1166 1356 extendere,
1205 1298 1244 1347 si
1277 1299 1426 1347 valida
1458 1299 1546 1346 iam
1579 1298 1692 1346 cele-

218 1374 405 1422 brantur
436 1374 527 1423 illis
561 1375 607 1421 in
632 1372 897 1438 'regionibus
932 1374 1185 1422 connubia?

314 1450 473 1507 Quinto
498 1451 721 1509 subdunt3
750 1450 827 1498 illa
854 1451 985 1498 unice
1005 1468 1110 1499 vera
1133 1451 1351 1500 sententia
1366 1451 1604 1500 censenda
1626 1459 1694 1499 est

216 1545 351 1592 quam
386 1527 623 1575 theoretice
656 1545 708 1576 ac
740 1528 933 1593 practice
967 1527 1155 1575 ecclesia
1189 1545 1371 1575 romana
1405 1544 1485 1576 seu
1519 1536 1692 1592 aposto·

215 1602 303 1651 lica
325 1603 455 1651 sedes
480 1603 643 1667 iugiter
661 1620 688 1650 a
711 1603 1004 1651 celebratione
1039 1603 1215 1652 concilii
1246 1603 1470 1652 tridentini
1495 1602 1553 1650 ad
1576 1601 1692 1650 hanc

214 1696 359 1744 usque
391 1679 510 1726 diem
544 1689 795 1726 consectata
828 1688 921 1735 est;
950 1678 1051 1726 talis
1083 1696 1185 1727 vero
1218 1689 1286 1727 est
1313 1679 1526 1726 ecclesiae
1549 1695 1694 1726 roma-

218 1771 303 1802 nae
336 1754 538 1802 doctrina
570 1764 614 1801 et
645 1754 822 1818 praxis,
843 1765 893 1802 ut
924 1754 1046 1801 nulla
1078 1765 1330 1803 constanter
1361 1753 1567 1801 habuerit
1599 1753 1694 1801 sive

217 1830 566 1879 acatholicorum
590 1831 799 1894 coniugia
823 1831 937 1878 inter
959 1848 1035 1887 se,
1064 1831 1157 1879 sive
1182 1830 1388 1894 coniugia
1409 1830 1562 1887 mixta,
1578 1847 1694 1894 quae

218 1906 328 1954 inita
362 1907 523 1954 fuerint
557 1917 632 1954 aut
677 1907 882 1955 ineantur
915 1905 1004 1954 illis
1038 1906 1087 1953 in
1120 1906 1231 1955 locis
1264 1907 1310 1952 in
1344 1905 1508 1972 quibus
1541 1905 1695 1953 decre-

218 1993 315 2031 tum·
337 1979 625 2030 tridentinum
651 1983 926 2048 publicatum
950 2000 1003 2031 ac
1026 1993 1249 2048 receptum
1271 1993 1365 2040 est,
1394 1982 1481 2031 nisi
1505 1982 1693 2031 interve-

217 2059 334 2107 nerit
355 2068 431 2106 aut
454 2059 717 2107 interveniat
741 2058 954 2108 ecclesiae
971 2058 1262 2124 dispensatio.
1284 2059 1424 2124 quue
1439 2058 1582 2107 sensit
1605 2075 1693 2106 ser-

218 2136 428 2201 vavitque
450 2135 574 2182 nulla
598 2135 781 2184 ratione
799 2134 952 2184 habita
985 2136 1252 2184 conditionis
1276 2137 1322 2184 in
1345 2153 1435 2202 qua
1457 2135 1690 2184 acatholici

217 2208 521 2267 inveniantur,
545 2227 705 2275 nempe
722 2211 817 2258 sive
836 2228 935 2258 cum
959 2211 1187 2260 catholicis
1211 2211 1434 2260 commixti
1458 2211 1571 2269 sint,
1599 2211 1693 2259 sive

221 2286 468 2351 peculiares
503 2285 828 2352 distinctosque
861 2298 1011 2336 coetus
1044 2288 1336 2345 constituant;
1367 2287 1470 2336 item
1493 2297 1585 2335 tum
1608 2286 1692 2334 sub

218 2361 496 2427 principibus
539 2361 794 2420 catholicis,
838 2373 931 2411 tum
971 2363 1055 2411 sub
1094 2363 1372 2428 principibus
1411 2363 1685 2412 acatholicis.

315 2437 461 2493 Quum
483 2454 587 2484 vero
612 2437 711 2485 heic
735 2448 892 2501 agatur
914 2439 970 2486 de
993 2439 1107 2487 facto
1130 2439 1421 2497 adstruendo,
1444 2439 1563 2505 quod
1586 2455 1692 2486 non-

215 2512 304 2561 nisi
345 2513 625 2561 documentis
666 2524 866 2563 constare
904 2525 1081 2580 potest,
1115 2533 1164 2564 se
1195 2526 1371 2563 vertunt
1405 2515 1461 2562 ad
1497 2532 1549 2562 ea
1586 2526 1692 2562 con-

214 2589 435 2652 gerenda3
474 2606 614 2655 eaque
656 2600 862 2655 promunt
896 2607 949 2638 ex
992 2591 1405 2647 constitutionibus,
1454 2589 1687 2646 brevibus,

213 2664 403 2713 decretis
421 2704 431 2723 ‚
460 2666 689 2731 responsis
724 2667 968 2731 quae'data
991 2678 1095 2715 sunt
1118 2667 1373 2714 immediate
1396 2684 1422 2713 a
1446 2683 1555 2714 rom.
1584 2682 1691 2730 pon-

215 2739 409 2789 tificibus
427 2779 437 2799 ,
465 2758 546 2789 nec
569 2758 656 2790 non
680 2759 732 2790 ex
755 2741 984 2807 rescriptis
1001 2780 1011 2800 ,
1040 2742 1431 2798 instructionibus,
1459 2739 1690 2805 responsis

216 2832 332 2881 quae
345 2829 669 2870 emanaverunt
685 2836 711 2869 a
729 2819 869 2869 sacris
894 2820 1089 2870 romanis
1113 2816 1552 2883 congregationibus,
1575 2832 1691 2882 quae
