1980 3260
341 258 430 290 cn.
449 258 510 291 ιιι.
529 258 581 291 nn
600 259 683 292 cxv.
702 257 840 292 roras.
860 259 994 294 rame.
1012 261 1095 293 mr.
1114 262 1205 293 ιιι-ιι.
1222 263 1274 294 An
1291 263 1415 295 nun.
1434 262 1526 295 nir.
1545 263 1589 296 u.
1632 249 1720 295 485

263 335 464 383 Attamen
499 336 855 402 respondendum
890 338 1176 403 affirmative:
1201 356 1299 388 cum
1334 358 1450 388 emm
1486 340 1571 404 legi
1605 340 1723 389 civili

262 412 538 460 satisfactum
573 414 656 470 sit,
694 431 809 478 quae
842 414 956 460 nihil
989 415 1181 481 amplius
1214 417 1373 481 exigit,
1402 418 1439 465 si
1466 418 1628 482 pariter
1652 435 1724 465 sa-

261 487 399 535 tisfiat
431 487 516 551 legi
551 488 784 552 religiosae
817 489 929 536 nihil
965 508 1051 537 iam
1087 492 1364 540 matrimonio
1397 493 1584 540 deerit.»

362 583 385 609 α
406 562 462 611 Et
485 580 605 621 vero,
637 564 812 622 subdit,
848 565 918 613 vel
953 566 1175 615 nullitates
1198 567 1255 615 de
1277 568 1441 632 quibus
1476 569 1548 616 hic
1579 569 1724 633 agitur

260 638 481 687 habentur
512 650 681 687 tantum
715 651 764 688 ut
796 640 1121 689 conditionatae
1139 680 1150 700 ,
1186 641 1256 690 vel
1289 643 1594 691 existimantur
1622 662 1722 709 pro-

259 715 421 763 ducere
443 714 647 763 effectum
671 715 938 764 absolutum.
966 717 1012 764 Si
1036 714 1179 782 primo
1195 756 1206 775 ,
1229 717 1351 766 nulla
1366 730 1434 767 est
1450 718 1717 777 difficulta83

257 790 493 839 deficiente
509 791 628 839 enim
652 792 903 841 conditione
919 831 929 850 ,
950 794 1280 842 matrimonium
1300 795 1447 843 statim
1464 795 1579 843 valet
1599 798 1716 858 (69).

257 865 379 915 Idem
397 866 635 915 dicendum
652 906 662 924 ,
685 869 724 917 si
744 868 1070 934 impedimentis
1089 870 1307 918 tribuatur
1329 871 1398 919 vis
1421 872 1721 920 tantummodo

256 943 539 1009 suspensiva.
567 943 613 989 Si
634 944 857 1002 secundo,
885 943 954 993 lex
988 946 1182 1011 profecto
1215 963 1295 994 nec
1327 945 1464 995 voluit
1497 964 1578 994 nec
1609 946 1721 995 velle

256 1018 425 1084 potuit,
465 1029 515 1067 ut
548 1035 764 1084 personae
804 1018 906 1084 illae
941 1020 986 1066 in
1022 1031 1234 1085 perpetuo
1267 1021 1561 1069 concubinatu
1602 1022 1721 1070 vive-

256 1106 375 1143 rent:
403 1112 503 1143 cum
530 1112 635 1159 ergo
668 1112 721 1142 ex
754 1105 876 1161 parte
909 1112 992 1143 sua
1027 1095 1140 1142 nihil
1173 1097 1319 1160 exigat
1350 1096 1407 1145 ad
1442 1096 1721 1145 revalidatio-

255 1188 355 1218 nem
374 1209 385 1228 ,
423 1188 574 1219 earum
607 1170 905 1220 eonscientiae
936 1188 1086 1219 euram
1123 1172 1294 1220 remisit
1320 1189 1373 1219 ea
1406 1172 1565 1236 agendi
1606 1190 1721 1238 quac

254 1248 397 1297 forent
419 1248 693 1305 necessaria,
714 1258 763 1295 ut
777 1265 881 1296 vere
902 1264 1049 1295 coram
1062 1248 1155 1296 Deo
1177 1248 1561 1312 coniungerentur.
1587 1249 1722 1312 Igitur

255 1334 434 1390 peracta
451 1322 745 1371 celebratione
768 1323 976 1387 religiosa
992 1360 1002 1379 ,
1026 1323 1267 1387 perfectum
1285 1324 1367 1370 erit
1384 1324 1503 1371 omni
1523 1341 1575 1370 ex
1599 1336 1722 1389 parte

253 1398 611 1456 matrimonium;
650 1398 767 1447 hanc
799 1398 985 1464 proinde
1018 1396 1129 1445 nihil
1163 1398 1349 1463 impedit
1368 1400 1519 1461 (70).»

350 1475 463 1523 Aliis
497 1474 658 1523 deinde
691 1473 825 1523 simili
871 1475 1037 1522 ratione
1072 1490 1158 1521 non
1194 1473 1348 1538 paucis
1383 1475 1719 1539 quaestionibus

251 1569 304 1601 se
336 1550 535 1617 implicat
568 1551 685 1598 idem
720 1561 897 1607 auctor,
936 1549 1099 1615 quibus
1133 1549 1359 1598 solvendis
1392 1561 1469 1598 aut
1500 1551 1545 1597 in
1580 1568 1721 1615 angu—

249 1629 364 1677 stias
396 1645 446 1677 se
476 1627 671 1691 redegit,
709 1637 787 1675 aut
819 1644 905 1675 non
941 1643 1096 1692 parum
1131 1626 1382 1674 haerentem
1418 1645 1467 1675 se
1498 1628 1717 1684 ostendit,

251 1716 330 1753 aut
363 1704 410 1752 in
444 1721 653 1752 erroneas
686 1703 928 1752 sententias
964 1702 1196 1767 impingit;
1225 1720 1340 1768 quae
1362 1703 1541 1768 quidem
1566 1722 1719 1752 omnes

252 1781 446 1847 pendent
461 1798 489 1828 a
507 1779 645 1829 semel
679 1780 918 1828 constituto
952 1779 1171 1844 principio
1189 1779 1246 1826 de
1263 1789 1476 1844 potestate
1503 1781 1719 1845 principis

251 1856 418 1923 politici
452 1857 572 1921 leges
606 1856 857 1913 sanciendi,
884 1872 1000 1921 quae
1023 1855 1194 1903 irritum
1218 1855 1381 1903 faciant
1403 1873 1583 1904 suorum
1613 1856 1719 1904 sub-

248 1933 444 1982 ditorum
471 1933 742 1997 coniugium.
769 1932 844 1980 Sic
877 1948 964 1979 non
999 1941 1173 1979 veretur
1197 1930 1418 1978 affirmare
1445 1931 1502 1979 ob
1531 1931 1719 1996 impedi-

250 2020 398 2058 menta
430 2009 579 2058 civilia
612 2008 731 2056 haud
768 2024 902 2072 posse
937 2006 1180 2071 pat-ochum
1215 2006 1346 2053 etiam
1371 2006 1415 2052 in
1441 2007 1718 2055 necessitatis

249 2104 385 2144 casu,
424 2085 470 2133 in
504 2085 659 2133 mortis
692 2083 897 2132 videlicet
940 2082 1150 2138 articulo,
1190 2099 1266 2131 eos
1302 2082 1569 2146 coniungere
1590 2121 1600 2140 ‚
1640 2084 1716 2148 qui

250 2165 463 2212 hactenus
499 2161 546 2208 in
581 2159 877 2208 concubinatu
909 2157 1071 2206 versati
1114 2168 1244 2215 sunt,
1283 2157 1440 2205 saltem
1474 2158 1573 2205 sine
1613 2175 1717 2206 con-

248 2239 486 2290 sultatione
508 2236 787 2301 superiorum
811 2233 1226 2282 ecclesiasticorum.
1246 2234 1353 2280 Item
1378 2250 1464 2280 non
1489 2251 1620 2298 posse
1644 2251 1716 2281 sa-

248 2316 469 2367 cerdotem
502 2330 633 2362 suum
668 2311 880 2377 praebere
906 2310 1198 2357 ministerium
1218 2309 1275 2357 iis
1293 2348 1303 2366 ,
1324 2310 1400 2374 qui
1422 2309 1571 2373 aliquo
1595 2309 1711 2357 civili

249 2393 563 2460 impedimento
594 2387 866 2454 irreparabili
903 2386 1065 2434 fuerint
1099 2386 1281 2443 irretiti;
1322 2385 1359 2432 si
1395 2402 1497 2433 vero
1534 2384 1713 2449 impedi—

344 2540 410 2582 (69)
431 2539 545 2573 Nescio
563 2547 629 2580 quo
648 2545 742 2570 sensu
765 2535 900 2576 intelligi
922 2535 1000 2568 velit
1020 2535 1150 2575 auctor,
1167 2542 1269 2576 quum
1290 2533 1429 2566 affirmat
1449 2531 1625 2571 deficiente
1638 2539 1710 2562 con-

246 2595 379 2629 ditione
400 2591 644 2626 matrimonium
666 2588 776 2622 statim
798 2587 916 2620 valere.
933 2587 992 2619 Vel
1016 2585 1101 2620 enim
1123 2586 1273 2627 intelligit
1292 2594 1347 2627 per
1369 2582 1607 2616 matrimonium
1636 2590 1710 2613 con-

244 2648 385 2680 tractum
400 2645 530 2678 civilem
540 2669 550 2685 ,
565 2643 622 2685 qui
642 2650 683 2675 ex
704 2642 775 2675 eius
794 2640 953 2674 sententia
972 2641 1023 2673 est
1042 2640 1175 2673 materia
1189 2637 1376 2672 sacramenti
1386 2660 1396 2676 ,
1409 2638 1440 2668 ct
1455 2638 1532 2668 tunc
1546 2635 1626 2667 bene
1638 2635 1708 2675 qui-

249 2699 322 2733 dem
345 2697 523 2733 secundum
539 2697 629 2729 illam
646 2697 751 2728 tamen
767 2702 934 2729 erroneam
955 2693 1162 2726 sententiam:
1181 2692 1235 2724 sed
1250 2691 1275 2723 si
1290 2689 1446 2729 intelligat
1468 2687 1709 2724 matrimonium

246 2751 460 2793 completum,
481 2751 514 2782 in
536 2750 606 2782 foro
630 2747 844 2780 conscientiae
864 2747 896 2779 et
918 2754 1026 2778 coram
1042 2747 1120 2785 Deo,
1136 2744 1233 2777 etiam
1255 2742 1394 2774 admissa
1412 2741 1512 2782 ipsius
1533 2739 1705 2778 sententia,

244 2804 307 2837 hoc
321 2803 583 2843 matrimonium,
598 2802 661 2834 nisi
676 2801 848 2833 renovetur
862 2807 1036 2831 consensus
1057 2807 1164 2830 coram
1186 2796 1317 2828 eeclesia
1340 2802 1403 2826 non
1425 2793 1533 2824 existit
1552 2792 1705 2832 profecto.

341 2857 406 2896 (3ο)
431 2858 506 2888 Loc.
528 2856 579 2888 cit.
602 2864 632 2887 n.
656 2858 742 2887 1032.
