1980 3260
349 233 439 278 258
667 242 746 273 ιιι.
776 241 821 272 ιι.
852 239 964 273 sncr.
995 240 1024 270 1.
1054 237 1106 269 ns
1132 236 1297 269 rornsr.
1321 236 1487 270 sectus.

343 320 615 375 Trcvirensi‚
651 318 727 382 qui
762 327 917 381 postea
952 324 1182 362 cesserunt
1214 330 1349 376 regno
1381 313 1644 373 Bomssiae,
1670 333 1732 366 -ac
1766 319 1812 366 in

342 394 678 446 monasteriensi
713 393 906 441 dioecesi
942 391 1026 439 sub
1061 389 1265 437 eiusdem
1295 389 1420 453 regni
1453 389 1652 439 dominio
1689 394 1807 458 (86).

438 474 514 518 15.
556 471 605 516 ln
640 469 805 516 ducatu
828 467 1039 515 Cliviensi
1064 466 1149 514 sub
1173 482 1278 529 rege
1300 465 1538 513 Borussiae
1560 466 1657 529 (87)
1669 499 1683 513 .=

437 550 513 594 16.
555 547 604 592 In
627 546 835 602 Bavaria‚
865 544 1021 592 saltem
1046 543 1092 590 in
1117 542 1355 608 primitivis
1378 542 1568 590 ducatus
1584 542 1721 591 huius
1738 561 1820 593 no—

342 624 475 671 minis
500 621 744 688 provinciis
763 659 772 678 ‚
799 631 849 668 ut
872 629 1046 668 constat
1061 637 1112 667 ex
1131 619 1270 668 variis
1294 636 1404 666 rom.
1428 619 1689 684 pontificum
1712 635 1819 668 con·

342 698 644 748 stitutionibus
668 715 748 744 seu
774 696 1000 761 rescriptis
1021 714 1101 761 pro
1121 696 1252 744 istius
1270 696 1394 760 regni
1414 695 1672 760 regionibus
1694 695 1813 760 (88).

437 777 513 822 17.
554 775 604 820 ln
639 773 885 821 Franconia
906 774 1024 835 (89).
1335 771 1337 773 ’

438 853 514 898 18.
556 852 606 897 In
643 849 894 898 Palatinatu
918 846 1196 913 Neoburgico
1219 851 1336 912 (90).

440 930 517 974 19.
559 928 609 974 ln
644 927 806 976 ducatu
836 926 1080 990 Limburgi,
1108 925 1304 974 Harlemi
1323 964 1333 984 ‚
1361 943 1415 975 ac
1443 924 1593 975 Mosae
1627 927 1822 977 traiecti·

342 1023 426 1053 nae
447 1007 567 1068 (91).
1529 1018 1531 1021 ⁴

439 1084 516 1128 20.
558 1083 608 1128 In
628 1082 883 1139 Hollandia,
897 1081 1127 1139 zelandia,
1150 1081 1293 1129 Frisia
1309 1091 1353 1128 et
1369 1080 1691 1130 confoederatis
1712 1098 1818 1147 vpro·

341 1159 501 1207 vinciis
520 1197 530 1215 ‚
560 1158 735 1223 Belgio,
763 1159 841 1206 ubi
865 1169 967 1206 ante
989 1158 1280 1206 defectionem
1303 1175 1331 1205 a
1355 1151 1564 1223 Philippo
1581 1157 1821 1210 usn-idone

346 1235 483 1283 tinum
509 1235 650 1283 fuisse
673 1235 997 1300 promulgatum
1021 1252 1093 1282 an.
1118 1236 1261 1281 1570.
1285 1233 1417 1282 refert
1448 1226 1552 1282 Vex‘
1568 1235 1686 1297 (92).

437 1372 503 1413 (86)
526 1373 575 1404 Ad
589 1373 669 1404 istos
682 1373 851 1413 episcopos
864 1372 941 1403 Pius
948 1372 1094 1413 VH1.,ut
1105 1371 1301 1413 videbimus,
1308 1371 1399 1404 dedit
1409 1372 1511 1405 Breve
1523 1380 1562 1406 ac
1575 1372 1822 1406 instrnoeionem

340 1425 381 1457 ad
406 1425 565 1458 validam
586 1425 810 1465 coniugiorum
836 1424 1012 1456 mixtorum
1037 1423 1288 1456 celebrationem
1309 1424 1380 1457 sine
1401 1424 1534 1465 parochi
1561 1424 1743 1466 praesentia
1767 1429 1819 1459 25.

340 1479 437 1515 Mart.
454 1487 508 1510 an.
526 1483 616 1511 1830.
632 1478 778 1518 adeoque
794 1478 959 1518 receptum
975 1477 1021 1509 ibi
1037 1478 1107 1509 erat
1119 1477 1286 1509 decretum
1298 1477 1376 1510 trid.

437 1531 503 1572 (87)
529 1532 622 1563 Patet
635 1540 673 1563 ex
690 1531 786 1562 Brevi
799 1531 850 1562 Pii
865 1532 922 1563 vl.
938 1530 1074 1571 eiusque
1088 1531 1237 1563 instruct.
1254 1530 1332 1563 data
1347 1535 1395 1563 19.
1413 1532 1486 1563 Ῑιιιι.
1506 1534 1596 1564 1782.

434 1584 502 1625 (88)
523 1585 589 1616 Nos
603 1585 636 1616 in
652 1592 758 1626 praec.
775 1583 868 1617 artic.
882 1583 1114 1625 descripsimus
1129 1582 1226 1615 verba
1241 1582 1387 1624 Gregorii
1401 1584 1492 1615 'XVL
1509 1583 1544 1615 in
1558 1584 1654 1616 Brevi
1667 1583 1745 1617 dato
1759 1593 1820 1626 pro

342 1646 439 1678 reguo
452 1637 608 1670 Bavariae
616 1661 626 1678 ,
641 1638 677 1669 in
688 1647 754 1679 quo
768 1637 889 1671 decreti
903 1636 1036 1670 trident.
1049 1636 1244 1678 supponitur
1257 1636 1491 1678 promulgati03
1501 1638 1535 1669 et
1549 1638 1715 1678 practerea
1726 1636 1820 1671 babe-

315 1729 324 1735 ,
342 1693 397 1723 tur
413 1691 586 1724 instructio
599 1690 677 1724 data
692 1696 742 1724 12.
758 1693 845 1733 Sept.
858 1700 911 1724 an.
927 1693 1017 1723 1834.
1029 1698 1113 1731 quae
1122 1690 1229 1723 eidem
1241 1690 1358 1722 nititur
1371 1689 1644 1731 promulgationi,
1657 1690 1736 1722 dum
1747 1697 1818 1732 per·

343 1744 482 1777 mittitur
494 1745 638 1786 parocho
649 1745 810 1778 catholico
818 1770 828 1786 ,
845 1745 873 1777 si
888 1744 921 1776 id
934 1745 1066 1784 exigant
1079 1752 1187 1776 rerum
1202 1743 1357 1776 adiuncta
1365 1767 1375 1784 ‚
1389 1743 1428 1775 ut
1441 1743 1595 1785 praebeat
1607 1743 1822 1777 assistentiam

343 1798 542 1830 materialem
555 1798 679 1839 nuptiis
694 1798 823 1839 mixtis,
840 1806 882 1831 ne
895 1806 1007 1830 coram
1022 1797 1173 1829 ministro
1187 1796 1596 1829 acatholicocelebrentur.

439 1850 503 1891 (89)
524 1853 572 1882 Ex
584 1851 671 1883 decr.
683 1860 711 1884 s.
729 1859 878 1892 congreg.
889 1850 1007 1882 concil.
1025 1853 1056 1882 4.
1072 1850 1208 1890 August.
1229 1851 1319 1882 1743.
1334 1849 1369 1881 iu
1381 1857 1447 1889 quo
1462 1849 1599 1890 legitur:
1615 1861 1632 1878 ιι
1643 1849 1728 1883 cum
1740 1858 1819 1883 non·

344 1903 443 1934 nullis
465 1903 582 1935 abhinc
604 1904 697 1936 annis
718 1904 922 1936 contractum
943 1902 1041 1935 suerit
1058 1903 1093 1934 in
1108 1902 1305 1944 Franconia,
1321 1902 1354 1934 et
1366 1902 1402 1933 in
1414 1901 1507 1943 loco,
1521 1901 1555 1934 in
1567 1910 1635 1943 quo
1646 1901 1821 1936 concillum

344 1954 554 1987 tridentinum
575 1956 637 1988 suit
650 1957 874 1997 acceptatum,
893 1955 1137 1988 matrimonium
1165 1956 1250 1988 inter
1269 1955 1422 1988 comitem
1444 1954 1646 1987 Fridericum
1670 1955 1818 1989 christia-

345 2016 423 2039 num
446 2008 486 2040 de
507 2009 717 2051 Schaunburg
742 2010 774 2042 et
796 2009 898 2051 Lippe
921 2010 1027 2042 sectae
1049 2009 1260 2050 lutheranae,
1281 2009 1315 2041 et
1333 2007 1480 2041 eiusdem
1501 2009 1610 2041 sectae
1630 2007 1820 2050 mulierem,

345 2069 410 2092 non
434 2063 598 2102 praesente
620 2063 761 2104 parocho
781 2063 965 2105 catholico,
989 2062 1047 2096 sed
1070 2063 1162 2095 iuxta
1181 2062 1281 2095 ritum
1292 2062 1326 2095 et
1337 2061 1465 2103 praxim
1482 2059 1818 2103 protestantium3·ao·

346 2114 502 2155 ceptaque
525 2123 544 2146 a
565 2116 699 2149 muliere
732 2117 807 2158 fuga
832 2116 874 2149 ad
896 2118 1004 2158 partes
1040 2115 1182 2156 anglicas
1205 2116 1288 2149 etc.»
1302 2115 1351 2148 Ab
1375 2116 1536 2157 episcopis
1567 2114 1820 2157 paderbornensi

347 2166 380 2198 et
393 2167 652 2208 monasteriensi,
667 2170 700 2200 et
713 2169 916 2210 suffraganeo
930 2170 1081 2210 episeopo
1093 2168 1259 2200 Thiatirae
1270 2192 1279 2209 ,
1300 2168 1545 2200 matrimonium
1557 2165 1646 2201 istud
1659 2168 1818 2210 (baereti-

348 2227 461 2251 corum
488 2219 571 2251 inter
591 2221 656 2261 se),
677 2222 875 2254 declaratum
897 2223 946 2255 est
964 2222 1111 2263 nullum;
1128 2224 1161 2255 et
1175 2230 1240 2254 sac.
1254 2230 1404 2262 congreg.
1419 2230 1512 2254 conc.
1527 2222 1612 2254 hane
1624 2220 1819 2255 sententiam

347 2271 570 2313 confirmavit,
587 2272 740 2313 deditque
755 2275 940 2308 facultatem
960 2274 1126 2317 praedicto
1149 2274 1262 2308 comiti
1276 2273 1319 2307 ad
1333 2273 1430 2307 fidem
1454 2273 1648 2308 catholicam
1664 2282 1823 2308 converso

347 2331 472 2356 novum
492 2324 626 2356 ineundi
651 2325 849 2367 coniugium.

444 2375 510 2416 (90)
533 2377 580 2408 Ex
594 2378 740 2418 Tropper
754 2386 807 2418 op
823 2380 855 2411 et
871 2380 933 2411 loc.
949 2380 1003 2412 cit.
1020 2389 1093 2422 pag.
1113 2384 1184 2414 376.
1336 2401 1338 2405 >
1707 2389 1709 2391 '

446 2430 513 2471 (91)
532 2431 579 2462 Ex
597 2432 692 2463 Decr.
717 2439 743 2463 s.
766 2431 823 2463 oss.
847 2437 875 2465 1
898 2434 1159 2469 lul.1843.«in
1182 2435 1256 2467 loco
1279 2434 1411 2467 Hei-lem
1431 2441 1474 2466 ex
1496 2397 1667 2467 haetenus
1672 2399 1821 2466 deductis

346 2483 792 2517 servandumessedecretum
805 2485 947 2526 (trident.
952 2488 974 2527 ).
978 2488 1058 2519 ltem
1071 2497 1098 2520 s
1101 2488 1158 2520 ors.
1173 2497 1226 2520 an.
1244 2490 1333 2521 1844.
1348 2486 1457 2528 quoad
1466 2489 1591 2520 Mosam
1602 2487 1817 2520 traiectinam.

445 2535 511 2576 (92)
535 2537 657 2578 opusc.
681 2538 1050 2572 canonico-tridentin.
1074 2542 1120 2572 De
1140 2540 1371 2582 sponsalibus.
1393 2539 1567 2580 Oeniponti
1592 2544 1682 2572 1692.
1693 2539 1815 2580 parta.

347 2588 448 2629 §.1v.
459 2597 492 2620 n.
510 2593 537 2621 1.
551 2592 598 2621 Ac
605 2590 770 2630 praeterea
781 2590 816 2622 id
831 2591 933 2632 liquet
946 2600 986 2624 ex
1002 2593 1144 2633 publicis·
1153 2593 1366 2626 documentis.
1376 2593 1414 2624 ln
1422 2591 1673 2634 congregem.
1683 2590 1765 2624 feria
1773 2592 1816 2624 V.

349 2646 399 2675 16.
416 2641 511 2674 Febr.
528 2647 618 2676 1832.
633 2652 743 2676 coram
755 2645 908 2677 sanctiss
927 2647 1098 2687 propositis
1112 2647 1261 2688 precihus
1273 2645 1544 2679 administratoris
1556 2644 1729 2686 apostolici
1738 2644 1818 2677 inte-

347 2695 411 2727 rini
433 2695 608 2730 vicariatus
626 2697 888 2739 sylvaeducensis
902 2698 941 2730 ad
958 2699 1143 2741 episcopum
1161 2700 1263 2742 praef.
1276 2699 1430 2733 sanctiss.
1443 2698 1588 2731 auditis..
1594 2697 1818 2731 ,cmstareue

347 2747 516 2781 nullitate
532 2751 835 2783 matrimoniorum
849 2752 886 2782 in
901 2751 1019 2792 Belyt'o
1031 2761 1101 2785 non
1116 2754 1258 2785 servata
1265 2751 1388 2792 forma
1398 2759 1494 2784 conc
1508 2749 1722 2783 tridentini.
1732 2751 1822 2783 Haec

347 2800 459 2833 eadem
476 2803 631 2836 resolutio
643 2803 882 2837 communicata
898 2806 947 2838 est
961 2798 1074 2838 ceteris
1093 2806 1305 2840 missionariis
1316 2813 1370 2838 an
1386 2808 1474 2839 1836.
1486 2804 1521 2837 in
1537 2803 1672 2845 singulis
1689 2802 1818 2837 casibus

348 2854 606 2894 particularibus.
