1980 3260
442 239 531 272 cn.
556 240 584 272 1.
610 240 706 272 GEN.
738 240 831 272 mm
857 240 1021 272 pomer.
1048 240 1212 272 EchEs.
1241 241 1334 272 AM.
1359 241 1403 272 11.
1602 227 1657 272 ῙἼ

195 316 326 367 {uerit
353 316 595 382 aliquando
630 316 860 382 quidpiam
893 315 1111 363 eiusmodi
1148 317 1406 380 perficiendi
1424 356 1433 374 ,
1462 319 1581 383 quod
1605 319 1661 366 ad

192 403 494 449 sacramenta,
533 390 688 440 autad
711 389 888 456 nuptias
923 389 1175 453 iungendas
1210 391 1330 439 iuxta
1363 391 1578 440 ecclesiae
1601 392 1663 440 le-

192 485 269 531 ges
294 468 523 516 referatur.
552 466 780 514 Proferant
801 464 999 513 libellum
1022 466 1274 531 supplicem
1294 467 1486 532 aliquem
1504 486 1530 516 a
1549 467 1663 516 chri-

192 543 350 592 stianis
384 541 631 589 exhibitum
666 541 968 607 principibus,
1000 552 1078 589 aut
1105 542 1461 606 magistratibus,
1490 555 1539 591 ut
1562 561 1663 592 seso

193 617 366 685 legibus
399 616 675 665 conformare
709 628 918 682 possent,
957 617 1122 682 quibus
1156 618 1214 665 ab
1247 617 1436 666 ecclesia
1470 618 1662 666 obstrin-

191 691 420 757 gebantur.
463 691 591 747 Quod
627 691 665 739 si
701 691 814 738 nihil
853 692 1074 739 eiusmodi
1109 694 1304 757 proferre
1341 705 1559 758 possunt,
1600 695 1663 740 fa-

177 777 366 818 teantur
398 777 594 832 oportet,
634 767 868 815 ecclesiam
903 778 992 829 toto
1026 768 1102 816 illo
1138 779 1332 834 tempore
1367 771 1499 835 plena
1529 770 1660 819 abso-

190 844 373 909 lutaque
407 854 626 908 potestate
659 843 744 892 hac
779 861 914 908 super
948 861 995 891 re
1028 844 1209 909 potitam
1245 845 1399 893 fuisse.

285 921 378 967 lam
409 937 513 968 vero
546 919 587 968 si
620 919 838 968 ecclesiae
871 930 1069 984 potestas
1106 920 1190 968 sub
1223 921 1415 969 ethnicis
1451 923 1664 989 principi-

187 997 273 1045 bus
308 997 426 1045 circa
460 1007 735 1045 sacramenta
758 997 803 1044 in
829 1014 1016 1061 genere,
1057 1014 1108 1044 ac
1143 997 1189 1044 in
1224 998 1372 1063 specie
1405 998 1524 1046 circa
1557 1015 1663 1047 con-

189 1073 334 1137 iugia,
374 1071 507 1138 plena
540 1072 623 1137 suit
657 1090 708 1120 ac
743 1073 1075 1139 independens,
1116 1073 1239 1121 nulla
1283 1074 1504 1138 assignari
1555 1076 1664 1123 ratio

190 1159 358 1214 potest,
386 1167 525 1215 quare
557 1148 679 1197 illam
714 1149 800 1197 sub
833 1149 1090 1198 christianis
1118 1150 1394 1216 principibus
1423 1150 1664 1216 aliquando

189 1225 416 1282 amiserit,
444 1243 546 1273 cum
570 1225 739 1274 scilicet
755 1226 982 1291 principes
1011 1227 1056 1272 in
1082 1226 1299 1274 ecclesiae
1323 1227 1472 1275 sinum
1498 1229 1663 1292 recepti

188 1312 232 1349 et
269 1301 458 1366 cooptati
494 1311 598 1350 sunt
619 1340 629 1359 ,
667 1301 923 1367 subditique
961 1303 1105 1350 eidem
1141 1313 1245 1350 sunt
1277 1303 1380 1350 sacti
1403 1341 1413 1360 ,
1452 1303 1662 1368 discipuli

187 1392 241 1424 ac
264 1375 368 1434 filii,
396 1394 485 1424 non
519 1388 664 1426 autem
699 1377 868 1425 domini
904 1388 978 1426 aut
1012 1379 1229 1442 magistri.
1265 1379 1444 1427 Illorum
1469 1379 1526 1427 ad
1551 1379 1664 1428 chri-

187 1451 471 1500 stianismum
505 1454 734 1502 conversio
769 1465 951 1519 accepta
991 1456 1141 1503 referri
1178 1455 1309 1503 debet
1342 1456 1421 1503 Dei
1456 1457 1657 1519 gratiae,

186 1527 265 1593 qui
293 1545 371 1577 eos
395 1529 625 1593 praevenit
647 1540 691 1577 et
718 1530 764 1576 in
790 1540 962 1577 sortem
977 1531 1150 1579 vocavit
1180 1531 1371 1578 filiorum
1395 1531 1500 1587 Dei,
1530 1542 1663 1596 atque

184 1604 432 1662 ecclesiae,
472 1622 588 1671 quae
623 1623 699 1653 eos
735 1606 917 1654 admisit
951 1607 996 1653 in
1033 1607 1179 1654 sinum
1216 1624 1345 1654 suum
1388 1605 1560 1654 lustrali
1596 1606 1659 1654 la—

188 1697 320 1729 vacro
349 1681 550 1746 aluitque
583 1682 784 1731 doctrina
816 1701 913 1730 sua.
955 1684 1190 1730 lmmutata
1219 1683 1400 1747 quidem
1434 1701 1512 1749 per
1547 1683 1663 1731 hanc

187 1757 523 1805 conversionem
549 1758 633 1805 fuit
658 1758 833 1806 illorum
868 1759 1088 1815 conditio,
1118 1759 1197 1806 sed
1222 1759 1415 1806 conditio
1448 1759 1663 1807 ecclesiae

186 1832 343 1881 eadem
378 1834 622 1899 permansit
657 1835 805 1899 quoad
848 1845 1051 1882 naturam
1088 1853 1140 1883 ac
1174 1835 1502 1900 praerogativas
1550 1852 1657 1883 suas

188 1910 592 1975 perseveravitque.
639 1910 818 1958 Nullum
866 1928 1051 1976 prorsus
1102 1911 1171 1958 ius
1222 1911 1285 1956 illi
1334 1911 1378 1957 in
1426 1910 1661 1958 ecclesiam

185 1986 543 2051 acquisiverunt,
577 1988 657 2035 sed
688 2005 826 2037 novas
862 2006 962 2036 cum
996 2006 1049 2036 ea
1084 1988 1317 2048 relationes
1348 1987 1495 2054 adepti
1527 2000 1655 2046 sunt,

185 2061 306 2110 iuxta
335 2079 449 2128 quas
475 2063 697 2111 interdum
727 2063 1049 2128 legislationem
1075 2081 1202 2111 suam
1228 2075 1471 2129 temperare
1496 2063 1662 2112 debue-

186 2147 291 2185 runt
322 2155 374 2186 ac
408 2138 666 2188 harmonice
708 2158 807 2188 cum
850 2139 1127 2204 legislatione
1165 2140 1380 2189 ecclesiae
1425 2140 1655 2199 ordinare,

183 2214 295 2280 quin
330 2214 547 2263 ecclesiae
580 2216 874 2282 imperarent,
908 2216 1052 2264 eidem
1085 2217 1230 2283 potius
1264 2217 1567 2283 obtemperare
1590 2217 1662 2266 de-

186 2288 379 2338 buerunt
403 2290 449 2336 in
473 2290 556 2347 iis,
587 2309 703 2357 quae
737 2291 927 2340 ecclesia
957 2292 1170 2341 divinitus
1205 2293 1396 2358 accepit,
1423 2310 1477 2340 ac
1501 2293 1661 2357 iugiter

185 2366 403 2424 exercuit,
442 2377 545 2415 ante
579 2385 715 2432 quam
749 2368 972 2434 principes
997 2368 1054 2416 ad
1078 2369 1368 2417 christianam
1403 2368 1659 2432 religionem

186 2452 558 2491 converterentur.

283 2518 451 2567 Revera
484 2520 523 2567 si
557 2530 753 2568 veterum
787 2522 1052 2571 documenta
1085 2522 1390 2578 consulimus,
1427 2521 1658 2569 ecclesiam

187 2605 280 2643 tum
320 2605 422 2644 ante
462 2606 555 2644 tum
598 2609 700 2664 post
738 2598 987 2664 principum
1030 2599 1364 2648 conversionem
1407 2614 1660 2662 supremam

186 2682 320 2737 atque
343 2671 715 2739 independentem
740 2685 997 2739 potestatem
1015 2675 1133 2722 circa
1151 2673 1350 2739 nuptiale
1368 2673 1524 2722 foedus
1541 2672 1661 2728 chri-

188 2746 434 2796 stianorum
479 2750 730 2798 exercuisse
764 2750 1076 2816 comperimus.
1119 2751 1179 2797 Ac
1214 2750 1270 2797 de
1305 2749 1448 2815 prima
1481 2748 1661 2814 quidem

188 2823 359 2887 epocha
383 2824 467 2874 sub
491 2825 682 2874 ethnicis
709 2826 1050 2891 imperatoribus
1081 2826 1205 2875 testis
1239 2836 1306 2874 est
1335 2821 1656 2886 Tertullianus,

272 2919 303 2954 ΙΙ
1579 2923 1600 2955 2
