1980 3260
242 239 332 272 cir.
347 240 390 271 v.
411 238 461 271 m:
481 240 596 272 scen.
616 240 707 272 ror.
724 240 767 272 m
785 239 902 272 cius.
919 239 1044 272 nnn.
1061 239 1111 272 Ac
1130 239 1172 271 m
1186 237 1327 272 sroNs.
1344 240 1436 272 ΛΒΤ.
1452 239 1482 273 1.
1555 225 1648 272 189

179 317 382 380 fragium,
399 318 476 382 qui
494 317 605 365 illud
625 318 796 365 irritum
816 316 1117 365 declaraverat
1135 318 1389 382 coniugium
1406 335 1458 366 ex
1475 317 1649 367 defectu

176 409 422 441 consensus
453 395 584 457 regii,
614 393 813 442 validum
839 410 941 442 esse
965 393 1184 450 decrevit,
1222 394 1409 459 eiusque
1434 394 1650 443 sententia

178 469 425 534 praevaluit
449 471 566 533 (16).

274 546 394 594 Haec
418 564 521 594 vero
551 547 664 594 facta
690 547 923 594 notissima
947 556 1051 595 sunt
1071 564 1122 594 ac
1148 546 1344 594 omnium
1371 564 1505 593 manu
1525 547 1641 594 trita.

180 622 370 687 Insuper
402 622 593 678 accedit,
628 622 747 686 quod
777 622 847 669 vel
872 622 959 686 ipsi
982 621 1220 669 Galliarum
1247 639 1372 684 reges
1402 639 1489 669 non
1514 620 1651 669 semel

177 697 285 744 fassi
317 697 409 744 sint
441 714 489 743 se
522 696 584 742 nil
618 714 753 760 posse
790 697 836 743 in
872 698 953 754 iis,
981 715 1095 762 quae
1126 698 1181 744 ad
1211 698 1402 761 coniugii
1436 697 1648 745 substan-

176 773 282 820 tiam
305 783 350 820 et
366 768 593 820 vinculum
618 772 861 836 pertinent,
884 790 936 820 ac
961 774 999 819 si
1019 773 1249 838 quidpiam
1269 784 1531 830 statuerunt,
1555 790 1644 839 quo

176 847 398 896 connubia
427 847 551 894 irrita
575 864 627 894 ac
657 847 779 894 nulla
804 848 1002 905 edixere,
1031 848 1220 913 professi
1256 859 1358 894 sunt
1389 867 1437 895 se
1467 849 1645 898 nonnisi

177 924 220 970 in
258 923 413 971 ordine
454 924 510 970 ad
542 923 724 971 effectus
757 923 910 971 civiles
947 941 1052 971 suas
1091 923 1210 987 leges
1241 923 1413 971 tulisse.
1448 925 1503 971 Et
1537 925 1652 972 haec

179 999 345 1063 pariter
368 999 543 1062 cognita
568 1010 672 1047 sunt
705 1017 757 1046 ac
792 999 1074 1064 pervulgata;
1113 1017 1164 1047 eo
1199 1010 1345 1047 tamen
1379 1000 1565 1048 consilio
1599 1019 1651 1049 ea

174 1074 251 1123 hic
276 1075 542 1132 adiicimus,
581 1092 638 1122 ne
663 1075 771 1140 quid
797 1074 901 1122 huic
926 1074 1175 1122 tractationi
1201 1075 1332 1123 desit.

273 1153 426 1217 Itaque
462 1150 679 1198 Henricus
710 1150 778 1197 IV.
814 1149 863 1198 se
896 1151 1056 1199 canoni
1093 1151 1332 1198 tridentino
1366 1151 1651 1200 conformans

176 1226 403 1276 constituit
416 1244 576 1275 causas
593 1226 850 1290 coniugales
871 1228 1091 1291 pertinere
1115 1238 1248 1292 atque
1270 1237 1470 1293 spectare
1497 1227 1553 1275 ad
1581 1245 1651 1276 co-

176 1304 417 1367 gnitionem
437 1312 482 1350 et
503 1301 854 1349 iurisdictionem
879 1301 1077 1350 iudicum
1101 1302 1503 1350 ecclesiasticorum
1526 1304 1642 1365 (17).

273 1378 474 1443 Cumque
500 1377 746 1425 Ludovicus
776 1377 893 1423 XIII.
928 1394 999 1424 an.
1035 1379 1177 1425 1629.
1218 1378 1502 1425 matrimonia
1536 1377 1650 1426 filio-

176 1472 273 1502 rum
309 1454 503 1502 familias
543 1454 668 1501 irrita
702 1471 755 1501 ac
787 1453 983 1502 invalida
1016 1453 1314 1511 decrevisset,
1348 1471 1466 1519 quae
1497 1465 1650 1502 contra

175 1530 444 1579 voluntatem
480 1541 714 1595 parentum
754 1530 943 1577 fuissent
981 1530 1091 1578 inita
1112 1568 1122 1587 ,
1167 1530 1366 1596 episcopi
1412 1541 1455 1578 et
1495 1529 1643 1578 clerus

177 1607 423 1672 perturbati
444 1607 664 1655 eiusmodi
682 1606 842 1664 edicto,
865 1606 996 1672 quasi
1014 1625 1089 1654 rex
1115 1607 1162 1654 in
1195 1607 1477 1654 matrimonia
1497 1645 1507 1664 ,
1530 1624 1646 1672 quae

177 1685 299 1732 iuxta
330 1684 568 1732 concilium
591 1684 878 1731 tridentinum
906 1694 1002 1731 rata
1031 1701 1082 1732 ac
1103 1683 1254 1732 valida
1279 1694 1383 1731 sunt
1406 1722 1415 1740 ,
1455 1683 1542 1732 sibi
1575 1701 1651 1731 au-

177 1760 422 1808 ctoritatem
457 1769 735 1823 arrogasset,
775 1759 1139 1824 supplicaverunt
1169 1759 1313 1806 eidem
1348 1759 1470 1822 regi,
1507 1769 1558 1806 ut
1580 1759 1652 1806 di-

178 1847 388 1900 gnaretur
410 1835 638 1883 declarare
665 1835 808 1900 legem
829 1853 956 1883 suam
985 1836 1041 1884 de
1069 1835 1300 1884 effectibus
1324 1834 1530 1883 civilibus
1558 1845 1652 1882 tan·

179 1923 273 1960 tum
291 1930 392 1960 esse
409 1912 761 1976 intelligendam.
785 1913 875 1960 Rex
897 1913 1053 1960 annuit
1067 1952 1077 1971 ,
1106 1930 1294 1978 eamque
1311 1922 1500 1960 mentem
1521 1929 1649 1959 suam

177 1988 279 2038 eSse
296 1989 375 2056 per
403 1987 631 2037 ministros
659 2007 765 2038 suos
790 1989 997 2055 patefecit
1018 1991 1135 2053 (18).
1166 1989 1221 2037 Et
1247 1990 1308 2037 ita
1326 2006 1457 2054 porro
1486 1989 1650 2036 factum

177 2077 246 2114 est
277 2083 415 2132 penes
446 2083 599 2115 omnes
628 2067 853 2132 principes
883 2065 1151 2124 catholicos,
1179 2077 1229 2114 ut
1252 2066 1424 2131 quoties
1449 2075 1652 2129 ageretur

178 2141 235 2190 de
266 2142 416 2190 causis
448 2142 782 2206 coniugalibus,
806 2142 863 2188 de
889 2141 1039 2190 dubiis
1069 2152 1113 2190 et
1145 2141 1455 2190 controversiis
1489 2141 1535 2187 in
1566 2141 1646 2198 iis,

178 2235 294 2283 quae
319 2218 375 2265 ad
401 2216 597 2265 valorem
621 2227 664 2264 et
682 2217 1005 2281 legitimitatem
1031 2235 1212 2267 suorum
1231 2217 1534 2282 coniugiorum
1554 2234 1652 2282 spe-

268 2377 334 2418 (16)
351 2377 403 2410 Cf.
418 2378 524 2410 Moser
536 2377 599 2410 loc.
617 2377 672 2410 cit.
692 2377 790 2419 atque
804 2386 886 2420 opus
901 2378 955 2411 cui
970 2378 1021 2412 tit.
1039 2378 1228 2412 L’aucoricd
1250 2377 1308 2412 des
1331 2377 1426 2411 deux
1437 2379 1648 2420 puissances.

177 2430 268 2463 Paris
300 2434 390 2465 1761.
411 2432 491 2463 tom.
510 2432 568 2463 111.
587 2430 618 2473 §.
638 2435 668 2464 8.

268 2483 335 2526 (17)
353 2484 403 2518 Cf.
417 2486 478 2517 Les
491 2492 604 2517 causes
615 2485 810 2517 concernunt
827 2484 874 2518 les
885 2485 1041 2527 mariages
1051 2509 1062 2527 ,
1075 2485 1181 2519 soient
1192 2486 1225 2519 et
1239 2484 1482 2527 appartiennent
1495 2482 1514 2514 a
1527 2483 1559 2515 la
1576 2490 1651 2515 con·

177 2537 344 2570 noissance
357 2538 390 2570 et
403 2537 607 2570 iurisdiction
623 2537 680 2570 des
692 2538 782 2579 iuges
795 2537 940 2579 d’eglise‘
951 2550 969 2567 n
986 2537 1045 2571 Ed.
1070 2537 1115 2571 du
1138 2542 1228 2572 1606.
1246 2539 1307 2571 art.
1319 2542 1365 2570 12.
1384 2536 1468 2577 apud
1491 2536 1577 2568 auct.
1593 2534 1650 2567 cit.

180 2597 234 2630 op.
255 2591 306 2622 De
330 2589 510 2622 l’autorite
531 2589 591 2622 des
612 2588 708 2622 deux
727 2591 939 2631 puissances.
962 2589 1024 2623 loc.
1039 2590 1094 2623 cit.

267 2641 333 2683 (18)
354 2641 405 2674 ct.
428 2643 576 2675 Isaacum
602 2641 725 2674 Hubert
747 2642 888 2683 episcop.
913 2641 1123 2676 vabremsem
1147 2643 1181 2675 in
1206 2642 1264 2675 lib.
1284 2644 1331 2674 De
1361 2641 1498 2673 iusticia
1522 2647 1652 2672 connu-

182 2693 284 2727 baalis
308 2694 414 2728 edicti
439 2703 463 2728 a
497 2694 671 2729 Ludovico
704 2696 817 2728 XIII.
845 2694 942 2728 edm.
968 2697 1017 2728 Ex
1042 2705 1109 2737 quo
1135 2696 1267 2728 auctore
1296 2694 1415 2736 pariter
1436 2692 1654 2734 comperimus

177 2748 363 2781 unanimem
384 2747 484 2781 fuisse
504 2748 609 2781 aetate
629 2757 687 2781 sua
708 2748 785 2782 cleri
806 2749 956 2790 gallicani
978 2749 1123 2783 universi
1143 2749 1333 2782 sententiam
1359 2748 1400 2779 de
1421 2746 1577 2788 potestate
1596 2754 1651 2778 ex·

179 2800 307 2833 clusiva
327 2802 436 2834 unius
455 2801 619 2835 ecclesiae
643 2802 732 2835 circa
755 2810 869 2835 causas
891 2802 1165 2844 matrimoniales,
1189 2810 1273 2843 quae
1300 2800 1444 2833 afficiant
1464 2798 1631 2831 vinculum
1645 2823 1654 2838 ‚

176 2860 232 2884 seu
252 2852 393 2894 coniugii
419 2853 647 2887 substantiam.
662 2854 714 2887 Cf.
731 2853 827 2889 etiam
848 2854 966 2889 Bened.
983 2856 1070 2888 XIV.
1087 2857 1136 2888 De
1159 2852 1285 2895 synodo
1298 2852 1356 2885 lib.
1372 2853 1426 2884 lx.
1450 2861 1479 2884 c.
1496 2853 1552 2884 xi.
1569 2860 1601 2883 n.
1618 2855 1648 2882 5.
