1980 3260
334 267 424 312 346
588 281 668 312 [ΑΒ.
698 281 744 312 11.
774 279 887 311 sacr.
916 280 1088 313 ALTERA.
1117 281 1169 312 nn
1204 281 1370 313 romsr.
1399 282 1539 315 cwm.

332 359 496 425 quibus
511 396 521 415 ‚
543 370 593 406 ut
610 358 727 406 infra
749 358 973 417 dicemus,
1001 376 1087 408 non
1118 360 1250 425 pauci
1275 360 1509 424 regalistae
1532 378 1583 409 ac
1606 365 1800 426 pseudo-

333 435 501 501 politici
525 434 788 492 abutuntur,
818 454 998 484 normae
1022 437 1166 484 instar
1194 455 1295 486 esse
1327 448 1540 503 possunt,
1567 448 1617 486 ut
1638 438 1800 490 limites

329 510 472 560 civilis
506 512 737 577 potestatis
771 512 906 561 relate
940 513 998 561 ad
1031 514 1362 562 matrimonium
1396 514 1690 563 christianum
1725 533 1802 580 gc-

329 587 468 635 nerali
504 587 694 653 quadam
736 589 903 637 ratione
944 588 1001 636 ab
1041 590 1167 638 initio
1206 590 1395 638 huiusce
1441 591 1652 639 sectionis
1693 591 1804 640 defi-

330 665 523 712 niamus.

424 739 613 789 Theoria
645 759 682 789 s.
713 742 907 790 Thomae
941 743 1160 806 generalis
1196 754 1294 801 est,
1333 760 1385 791 ac
1418 744 1638 792 verificari
1673 743 1804 792 debet

329 833 417 865 non
451 816 582 865 modo
616 818 661 863 in
695 818 915 882 coniugiis
962 817 1243 876 infidelium,
1282 818 1360 866 sed
1396 819 1527 867 etiam
1561 818 1762 867 fidelium
1786 858 1796 876 ‚

330 909 431 940 cum
459 903 503 940 et
533 893 719 940 istorum
747 893 969 941 connubia
1000 894 1132 941 etiam
1168 895 1212 940 in
1247 894 1442 942 officium
1479 895 1568 943 sint
1599 895 1804 943 ordinata

328 969 656 1017 communitatis
674 1008 684 1027 ,
721 979 764 1016 et
799 970 853 1017 ad
889 971 1226 1036 perpetuitatem
1256 971 1444 1036 speciei,
1472 987 1524 1019 ac
1547 971 1733 1035 proinde
1755 971 1803 1018 in

328 1045 495 1094 bonum
532 1046 779 1112 politicum.
812 1047 928 1094 Hinc
957 1048 1137 1113 nuptiae
1165 1048 1509 1095 christianorum
1539 1047 1703 1095 debent
1725 1065 1805 1113 pa-

328 1122 436 1170 riter
469 1122 630 1171 subiici
666 1123 870 1189 politicae
904 1125 1144 1189 potestati,
1183 1135 1315 1188 atque
1338 1141 1365 1170 a
1388 1123 1562 1187 legibus
1595 1123 1803 1173 civilibus

328 1197 479 1263 dirigi.
495 1200 632 1247 Nemo
651 1199 966 1248 catholicorum
985 1200 1070 1247 hoc
1094 1200 1140 1246 in
1164 1199 1350 1246 dubium
1374 1210 1549 1247 revocat
1572 1200 1633 1246 ita
1657 1210 1803 1248 tamen

330 1285 380 1322 ut
414 1275 495 1323 rite
527 1275 814 1340 intelligatur.
1678 1273 1681 1275 ¹

424 1351 520 1399 Rite
551 1369 655 1400 vero
688 1351 973 1415 intelligitur,
1002 1353 1041 1399 si
1073 1369 1148 1408 ea,
1176 1369 1293 1417 quae
1314 1352 1558 1400 intrinseca
1582 1351 1805 1402 sunt‘ma·

329 1427 536 1475 trimonio
550 1465 561 1484 ,
584 1427 823 1493 ipsumque
840 1428 1139 1485 constituunt,
1162 1427 1491 1491 distinguantur
1507 1428 1566 1475 ab
1583 1428 1667 1486 iis,
1688 1445 1803 1494 quae

326 1502 576 1552 extrinseca
599 1514 643 1552 et
665 1504 916 1552 accessoria
945 1504 1033 1552 dici
1069 1514 1407 1553 consueverunt.
1431 1504 1677 1561 lntrinseca
1700 1522 1804 1565 cen-

326 1591 480 1629 sentur
497 1618 507 1638 ,
539 1597 656 1646 quae
683 1581 886 1629 afficiunt
919 1592 1122 1629 naturam
1159 1581 1304 1646 ipsam
1339 1591 1474 1646 atque
1506 1581 1803 1641 substantiam

327 1657 552 1722 coniugii,
590 1659 780 1724 eiusque
812 1658 1068 1716 vinculum;
1107 1659 1356 1706 extrinseca
1389 1668 1715 1723 autem‚·quac
1736 1675 1807 1717 co·

327 1735 536 1783 mitantur
578 1745 850 1783 contractum
898 1734 1140 1800 nuptialem
1188 1744 1263 1781 aut
1294 1734 1334 1782 ei
1371 1733 1694 1798 superveniunt
1713 1771 1725 1791 ,
1751 1744 1806 1791 'et

327 1811 657 1876 quodammodo
675 1812 889 1860 accedunt
906 1832 916 1867 ;
933 1804 1027 1876 ¹qua
1044 1810 1100 1857 de
1122 1828 1260 1859 eausa
1278 1811 1515 1858 accesso-ria
1537 1811 1682 1867 etiamv
1694 1826 1806 1861 nun-

326 1889 480 1953 cupari
509 1889 667 1938 solent.
1729 1940 1731 1942 ,
1777 1903 1780 1905 ’

426 1965 517 2012 Iam
550 1982 656 2013 vero
677 2003 687 2022 ,
726 1976 774 2012 ut
806 1982 860 2012 ex
894 1965 951 2012 iis
969 2004 979 2022 ,
1017 1981 1134 2029 quae
1169 1965 1214 2011 in
1249 1963 1386 2028 priori
1421 1963 1618 2011 sectione
1651 1962 1804 2026 dispu-

327 2039 516 2088 tavimus
550 2041 717 2106 liquet,
745 2040 874 2090 civile
903 2041 1098 2104 regimen
1124 2038 1235 2086 nihil
1261 2048 1406 2104 potest
1437 2039 1556 2086 circa
1589 2037 1802 2101 coniuga-

324 2114 411 2162 lem
429 2115 769 2165 christianorum
787 2126 1075 2173 contractum,
1093 2115 1171 2180 qui
1193 2132 1220 2163 a
1238 2125 1517 2163 sacramento
1536 2131 1626 2162 non
1643 2113 1801 2173 distin-

325 2192 493 2255 guitur,
515 2192 715 2258 adeoque
731 2194 876 2242 civilis
896 2192 1172 2241 auctoritatis
1191 2191 1312 2255 leges
1332 2191 1547 2255 attingere
1573 2201 1801 2256 nequeunt

328 2267 598 2323 matrimonii
639 2269 871 2318 christiani
906 2279 1108 2318 naturam
1128 2307 1139 2326 ‚
1178 2267 1469 2334 proprietates
1502 2265 1766 2320 essentiales
1788 2303 1799 2324 ‚

328 2354 372 2392 et
397 2343 625 2401 vinculum
643 2382 653 2401 ,
687 2346 765 2392 sed
796 2363 941 2411 neque
971 2345 1282 2393 contrahentes
1309 2354 1440 2409 prout
1474 2352 1802 2403 sacramentum

328 2419 544 2478 efficiunt,
572 2437 761 2486 quorum
786 2421 1006 2470 idoneitas
1030 2421 1088 2469 ad
1113 2419 1464 2469 contrahendum
1481 2417 1638 2481 seulad
1655 2434 1804 2479 sacra-

328 2506 526 2551 mentum
568 2495 893 2544 conficiendum
910 2534 921 2553 ,
959 2513 1049 2544 non
1083 2507 1152 2545 est
1185 2494 1421 2544 statuenda
1453 2511 1481 2542 a
1512 2492 1633 2541 civili
1671 2502 1801 2558 Pol&

328 2584 443 2623 state
457 2611 468 2630 ‚
507 2573 588 2622 sed
622 2571 679 2620 ab
712 2589 766 2620 ea
798 2573 1102 2621 tantummodo
1136 2573 1209 2621 cui
1244 2579 1623 2621 sacramentorum
1664 2567 1803 2616 admi-

329 2650 533 2699 nistratio
556 2666 609 2698 ac
633 2649 829 2713 regimen
852 2665 879 2696 a
902 2648 1079 2697 Christo
1103 2649 1391 2697 commissum
1424 2656 1492 2694 est
1507 2682 1518 2702 ,
1551 2643 1800 2693 cuiusmodi

328 2737 398 2774 est
438 2726 643 2775 ecclesia.
683 2725 730 2772 Si
763 2742 882 2791 quae
913 2736 1147 2790 propterea
1180 2743 1207 2773 a
1239 2724 1359 2773 civili
1396 2721 1647 2787 principatu
1679 2720 1801 2784 leges

330 2803 552 2861 serantur,
597 2819 711 2869 quae
745 2801 962 2866 attingant
995 2801 1264 2865 coniugium
1308 2798 1603 2847 christianum
1638 2797 1685 2844 in
1718 2814 1803 2845 sua

331 2890 511 2936 natura,
548 2890 624 2927 aut
656 2877 916 2927 essentiales
946 2877 1043 2925 eius
1079 2876 1399 2941 proprietates,
1438 2884 1514 2922 aut
1545 2873 1792 2930 vinculum,
