1980 3260
332 258 421 303 358
586 271 667 302 un.
696 270 743 302 ιι,
771 269 884 303 secr.
915 270 1085 302 ALTERA.
1115 268 1167 301 m:
1199 268 1365 301 roresr.
1399 269 1539 304 mvm.

331 349 545 397 ecclesiae
569 348 652 395 hac
678 348 723 394 in
749 365 796 395 re
815 364 842 394 a
860 346 1120 394 christianis
1157 346 1439 412 principibus
1463 346 1523 394 sit
1545 349 1797 411 repetenda.

331 426 497 473 Revera
529 422 614 471 hoc
647 434 716 471 est
749 423 870 488 quod
905 440 957 470 ex
991 422 1241 470 christiana
1271 421 1534 487 antiquitate
1557 422 1704 486 regiae
1726 441 1805 489 po-

330 500 500 548 testatis
531 499 787 548 defensores
820 516 872 547 ac
905 499 1107 547 vindices
1144 498 1352 563 colligere
1384 498 1576 556 vellent,
1614 517 1803 565 quorum

332 577 432 624 ideo
467 576 649 640 vulgare
684 576 892 640 adagium
922 586 1011 632 est,
1041 593 1223 623 canones
1248 575 1436 639 leqibus,
1465 593 1549 622 non
1572 576 1808 624 canonibus

331 652 520 699 adiectas
549 652 684 716 fuisse
719 652 845 715 leqes.
864 651 920 698 At
945 668 1049 698 vero
1082 668 1183 698 cum
1218 650 1369 699 seculo
1393 650 1608 699 ecclesiae
1631 651 1701 698 lv.
1722 651 1810 718 pri-

331 745 451 775 mum
479 727 704 793 principes
733 726 899 775 ethnici
923 726 1380 791 ecclesiam'ingressi
1405 737 1534 785 sunt,
1560 745 1615 775 ea
1638 727 1809 775 iamdiu

333 815 427 852 erat
450 804 496 851 in
522 822 605 852 sua
630 804 917 869 possessione
939 803 1171 867 originarii
1197 802 1486 869 supremique
1509 803 1622 852 iuris
1646 804 1692 851 in
1715 821 1811 852 ma-

334 879 590 928 trimonium
635 880 959 937 christianum,
1009 880 1129 945 quod
1174 897 1313 945 supra
1347 897 1374 927 a
1407 879 1536 928 nobis
1578 890 1810 929 ostensum

333 966 402 1004 est
421 958 507 1018 (1).
533 957 639 1004 Sero
662 955 796 1019 igitur
820 956 955 1003 nimis
981 955 1217 1003 christiani
1252 955 1481 1020 principes
1514 955 1806 1013 advenerunt,

333 1043 382 1080 ut
417 1033 617 1080 fidelium
658 1032 881 1087 connubia
913 1031 1248 1080 moderarentur
1264 1070 1275 1090 ‚
1313 1042 1447 1097 atque
1480 1048 1813 1097 supervacanea

334 1119 402 1156 est
441 1108 674 1174 inquisitio
697 1147 707 1166 ,
747 1126 805 1156 an
837 1125 892 1155 ex
926 1108 1229 1156 ecclesiastica
1262 1107 1500 1156 traditione
1532 1107 1700 1156 saeculi
1735 1107 1805 1156 lv.

336 1196 469 1250 atque
493 1185 823 1251 insequentium
841 1185 911 1232 ius
929 1184 1218 1248 originarium
1237 1194 1371 1249 atque
1387 1180 1671 1233 exclusivum>
1686 1184 1812 1250 prin·-

334 1261 483 1326 cipum
526 1262 871 1309 christianorum
905 1261 963 1308 sit
1002 1259 1318 1308 arcessendum
1353 1260 1399 1308 in
1434 1260 1683 1309 statuendis
1728 1261 1813 1308 im-

336 1338 621 1402 pedimentis.
650 1338 825 1385 Etenim
850 1337 928 1402 qui
954 1337 1048 1384 fieri
1073 1347 1219 1402 potest
1240 1347 1290 1384 ut
1313 1337 1492 1385 traditio
1515 1337 1672 1386 doceat
1695 1338 1813 1403 prin-

335 1414 459 1477 cipes
498 1430 551 1461 eo
589 1414 686 1461 iure
733 1413 927 1477 gaudere
950 1451 960 1471 ‚
1009 1431 1147 1479 quum
1192 1431 1246 1461 ex
1290 1414 1531 1479 antiquiori
1578 1413 1820 1463 traditione

335 1500 507 1538 constet
538 1489 774 1538 ecclesiam
807 1507 860 1538 eo
895 1490 991 1538 iure
1026 1501 1128 1538 ante
1162 1491 1307 1555 ipsam
1341 1491 1595 1556 principum
1630 1507 1815 1540 conver-

336 1568 505 1614 sionem
537 1567 724 1632 potitam
754 1584 932 1633 semper
955 1566 1133 1615 fuisse?
1156 1568 1250 1615 Imo
1271 1584 1375 1616 vero
1399 1567 1439 1615 si
1463 1584 1554 1632 qua
1575 1571 1816 1615 occurrunt

336 1643 467 1691 effata
501 1643 547 1690 in
583 1643 786 1708 patribus
820 1653 954 1709 atque
982 1644 1028 1690 in
1059 1643 1261 1692 conciliis
1279 1682 1290 1701 ,
1322 1661 1438 1709 quae
1470 1643 1619 1691 favere
1651 1643 1816 1709 princi·

337 1738 441 1784 pum
469 1720 560 1767 iuri
598 1720 644 1767 in
677 1720 972 1768 christianum
1012 1720 1343 1768 matrimonium
1374 1720 1635 1777 videantur,
1673 1736 1728 1768 ea
1759 1736 1813 1768 ex

338 1798 590 1846 traditionis
625 1809 668 1845 et
703 1798 805 1845 fidei
841 1798 1045 1862 analogia
1085 1798 1298 1864 explicari
1339 1798 1570 1846 commode
1614 1796 1808 1855 debent,

338 1874 399 1921 ita
442 1884 493 1921 ut
532 1891 649 1938 quae
691 1873 901 1922 dicuntur
944 1874 990 1921 in
1034 1874 1210 1938 legibus
1251 1892 1277 1922 a
1317 1874 1598 1939 principibus
1643 1874 1815 1923 sancita

342 1948 673 2012 intelligantur,
701 1960 778 1997 aut
800 1949 857 1997 de
881 1949 1037 1998 robore
1059 1950 1263 1998 exteriori
1297 1950 1453 1998 civiles
1487 1967 1655 2015 poenas
1687 1966 1818 1998 eano-

341 2024 472 2072 nibus
507 2025 822 2074 ecclesiasticis
857 2026 1055 2083 adiecto,
1083 2038 1162 2075 aut
1191 2026 1248 2074 de
1280 2025 1454 2090 legibus
1487 2025 1670 2092 quidem
1706 2026 1817 2074 civi-

338 2100 456 2148 libus
494 2101 550 2148 ab
583 2102 772 2151 ecclesia
806 2103 1064 2168 approbatis
1099 2113 1234 2168 atque
1267 2103 1492 2169 adoptatis
1510 2141 1520 2161 ‚
1553 2113 1604 2151 ut
1626 2102 1692 2151 sic
1716 2120 1817 2168 pos-

343 2186 441 2224 sent
473 2176 701 2224 vineulum
748 2178 982 2242 coniugale
1020 2178 1220 2236 afficere,
1259 2178 1381 2244 quod
1415 2196 1469 2227 ex
1501 2196 1552 2226 se
1589 2189 1815 2244 praestare

339 2269 427 2299 non
446 2253 708 2316 potuissent.
727 2254 846 2302 Haec
869 2265 1016 2301 autem
1041 2265 1171 2311 sunt,
1199 2271 1314 2320 quae
1339 2253 1600 2318 singillatim
1623 2264 1815 2303 statuere

340 2339 473 2393 atque
506 2328 552 2374 in
587 2338 676 2375 toto
710 2346 791 2377 suo
822 2330 993 2377 lumine
1026 2330 1244 2378 collocare
1279 2341 1552 2394 satagemus.

437 2404 593 2469 Itaque
626 2421 679 2451 ex
707 2405 911 2469 *patribus
931 2444 940 2462 ‚
977 2407 1055 2471 qui
1078 2424 1104 2454 a
1134 2407 1192 2454 M.
1216 2407 1268 2454 A.
1296 2407 1353 2454 de
1375 2407 1579 2454 Dominis
1602 2417 1736 2472 atque
1757 2406 1822 2453 ab

340 2480 541 2528 eiusdem
576 2479 894 2545 expilatoribus
919 2494 1203 2547 opponuntur
1218 2522 1228 2541 ,
1263 2483 1354 2532 duo
1376 2482 1660 2549 potissimum
1685 2492 1811 2539 sunt,

341 2573 502 2622 nempe
535 2574 573 2604 s.
602 2555 864 2604 Ambrosius
898 2568 942 2604 et
975 2576 1013 2606 s.
1042 2559 1338 2623 Augustinus.

443 2632 760 2690 «Ambrosius,
799 2633 956 2681 scribit
995 2634 1052 2682 de
1083 2636 1311 2694 Dominis,
1350 2636 1395 2683 in
1430 2636 1665 2683 Paternum
1705 2635 1816 2683 satis

341 2719 612 2767 commotuS,
651 2708 771 2774 quod
806 2708 898 2757 filio
932 2727 1015 2757 suo
1049 2722 1228 2776 neptem
1262 2729 1315 2759 ex
1349 2729 1431 2759 sua
1465 2711 1559 2759 filia
1592 2711 1700 2759 dare
1728 2710 1816 2759 vel-

343 2784 403 2832 let
434 2784 479 2831 in
514 2802 719 2842 uxorem,
758 2801 858 2832 cum
894 2785 1045 2833 omnia
1079 2786 1308 2851 colligeret
1337 2803 1453 2852 quae
1492 2786 1550 2834 ad
1586 2786 1673 2835 tale
1711 2803 1818 2836 con-

437 2885 482 2925 (1)
505 2886 588 2918 Sect.
602 2887 628 2918 Ι.
643 2894 714 2927 cap.
730 2887 755 2917 l.
