1980 3260
371 247 429 294 32
674 256 752 288 nm.
782 255 828 286 11.
857 255 970 286 sacr.
1000 255 1030 286 1.
1059 253 1111 284 nr:
1137 253 1305 284 rornsr.
1335 253 1501 286 scenas.

370 336 537 391 menti,
576 349 690 397 quae
724 332 964 378 contractui
1009 329 1209 377 inhaeret
1243 328 1512 375 matrimonii
1557 330 1822 389 christiani,

370 412 457 458 iam
484 426 561 473 per
589 424 637 455 se
667 416 813 471 patet,
841 405 1065 454 vinculum
1089 404 1210 470 quod
1234 422 1287 452 ex
1311 404 1410 468 ipso
1433 404 1672 462 enascitur,
1695 407 1828 456 ,nullo

369 484 497 532 modo
531 482 806 548 principibus
843 482 921 530 sed
957 481 1172 529 ecclesiae
1206 481 1435 528 dumtaxat
1470 479 1673 536 subesse,
1698 483 1828 531 cuius

370 559 598 624 potestatis
630 558 876 622 generalem
912 557 1125 604 hactenus
1163 556 1308 604 ideam
1348 555 1632 603 exhibuimus
1656 594 1666 614 ,
1703 556 1828 605 deiia

369 652 472 700 ceps
505 633 802 683 evolvendam.
1783 675 1786 677 Α
1811 664 1819 687 ,

904 747 1142 784 CAPUT
1179 748 1260 783 11.

813 860 865 891 lm
901 860 1120 892 ECCLESIAE
1155 859 1384 892 POTESTATE

479 934 773 969 coNsrlrnENm
808 936 1089 968 mmmuENTA
1123 934 1414 967 nummorum!
1450 934 1708 967 mmmmm.

927 1039 1200 1076 ARTICULUS
1228 1039 1255 1075 1.

653 1134 843 1173 Historica
870 1134 1154 1172 controversiae
1180 1134 1298 1171 tot-ius
1326 1133 1528 1182 expositio.

463 1244 508 1290 Si
537 1242 623 1291 sibi
642 1242 927 1290 cohaerentes
945 1240 1177 1288 christiani
1203 1257 1357 1287 omnes
1375 1257 1475 1288 esse
1491 1239 1678 1296 vellent,
1701 1251 1827 1289 num-4

366 1325 502 1383 qu'am
533 1317 718 1364 dubium
758 1317 1020 1372 excitarent,
1059 1314 1272 1362 ecclesiae
1307 1333 1362 1362 ne
1397 1333 1454 1362 an
1486 1332 1591 1363 vero
1614 1315 1829 1382 principi-

366 1393 452 1440 bus
486 1393 592 1439 insit
624 1402 819 1456 potestas
855 1390 1152 1438 constituendi
1183 1390 1501 1454 impedimenta
1522 1428 1532 1447 ,
1570 1408 1685 1455 quae
1719 1391 1830 1440 fide-

367 1467 475 1515 lium
515 1467 783 1516 connubium
829 1467 998 1513 nullum
1042 1484 1093 1514 ac
1135 1466 1306 1514 irritum
1350 1466 1552 1514 reddant.
1600 1467 1744 1515 Semel
1778 1485 1831 1516 ac

366 1544 483 1591 enim
502 1543 721 1591 firmatum
745 1553 828 1600 est,
856 1552 1128 1590 contractum
1152 1542 1462 1590 connubialem
1485 1542 1829 1591 christianorum

366 1636 466 1666 esse
490 1636 629 1667 novae
650 1619 767 1682 'legis
803 1629 1126 1665 sacramentum
1149 1656 1159 1675 ,
1182 1628 1339 1683 suapte
1362 1628 1520 1665 natura
1543 1619 1831 1684 consequitur

372 1695 428 1742 ad
466 1695 700 1742 ecclesiam
741 1712 928 1760 eamque
961 1695 1101 1742 solam
1136 1695 1208 1742 cui
1234 1705 1609 1742 sacramentorum
1644 1695 1836 1743 admini-

371 1769 524 1817 stratio
558 1769 771 1816 divinitus
808 1771 1048 1818 commissa
1080 1780 1179 1826 est,
1217 1787 1314 1817 eam
1347 1770 1581 1835 pertinere.
1626 1771 1672 1816 Si
1706 1789 1833 1836 prae-

368 1856 486 1893 terea
509 1844 606 1892 sola
628 1845 818 1892 ecclesia
841 1846 897 1893 ad
921 1846 1134 1893 laicorum
1159 1846 1410 1910 principum
1434 1846 1734 1894 exclusionem
1757 1847 1827 1897 ius

367 1921 499 1968 habet
524 1921 569 1967 in
592 1922 812 1968 vinculum
845 1921 1036 1984 coniugii
1057 1921 1316 1978 christiani,
1353 1931 1506 1986 utpote
1529 1922 1650 1987 quod
1673 1923 1830 1969 intrin-

369 2013 518 2044 secum
548 1995 605 2043 sit
627 1997 714 2061 ipsi
733 1996 961 2060 coniugio,
985 2006 1117 2062 atque
1140 2014 1167 2043 a
1190 2006 1362 2044 matura
1394 1997 1658 2045 sacramenti
1690 1997 1829 2046 dima-

369 2088 505 2128 nans;
544 2071 582 2118 si
615 2071 806 2136 denique
828 2071 1106 2137 principibus
1140 2071 1262 2120 nulla
1285 2071 1373 2119 alia
1397 2073 1605 2121 convenit
1628 2083 1822 2138 potestas

363 2225 499 2271 tioribus
529 2226 711 2267 nonnullis,
736 2227 920 2267 praesertim
947 2236 1025 2260 vero
1046 2237 1066 2260 a
1091 2229 1173 2260 Saur
1200 2227 1382 2267 defensam,
1409 2227 1442 2259 vi
1469 2227 1562 2260 cuius
1585 2226 1828 2260 matrimonium

362 2285 442 2318 pure
463 2277 568 2310 civilis
588 2278 770 2310 contractus
792 2279 972 2319 exponitur.
992 2281 1105 2320 Itaque
1126 2279 1225 2320 Hegel
1249 2281 1386 2312 Saurum
1402 2279 1618 2320 perstringens
1638 2278 1673 2310 in
1692 2279 1827 2311 Princi-

357 2331 429 2372 piis
445 2330 681 2372 philosophiae
694 2330 847 2371 junioris
868 2331 1006 2363 Ber-oliui
1031 2337 1119 2365 1821.
1141 2333 1274 2365 statuit:
1306 2345 1322 2360 «
1334 2331 1575 2364 Matrimonium
1596 2339 1662 2363 non
1681 2331 1732 2363 eet
1749 2337 1824 2364 con-

365 2383 499 2424 tractus,
521 2383 596 2424 quia
617 2385 643 2415 1.
666 2383 708 2416 ad
728 2384 877 2416 naturam
898 2385 1080 2417 contractus
1101 2386 1255 2426 pertinet,
1274 2386 1312 2418 ut
1325 2394 1371 2417 ‘ex
1392 2384 1494 2418 libero
1515 2383 1651 2416 arbitrio
1671 2382 1824 2425 prodeam

363 2436 442 2477 quia
463 2441 495 2469 2.
510 2436 544 2469 id
568 2436 656 2478 quod
671 2445 712 2469 ex
731 2437 895 2469 contractu
915 2436 1040 2478 prodit,
1059 2437 1195 2470 volitum
1216 2439 1265 2471 est
1286 2447 1331 2470 ex
1355 2437 1501 2471 arbitrio
1525 2435 1822 2475 contrahentium,

361 2495 436 2528 ergo
474 2488 610 2521 volitum
639 2487 769 2529 quidem
796 2489 844 2520 est
877 2496 922 2520 ex
948 2490 1120 2521 communi
1157 2489 1421 2522 contrahentium
1447 2495 1627 2528 consensu,
1658 2495 1725 2521 non
1745 2496 1824 2520 vero

361 2540 497 2573 volitum
516 2549 556 2574 ex
578 2541 772 2574 universali
801 2541 940 2582 quadam
963 2541 1052 2582 lege,
1074 2550 1138 2574 non
1159 2544 1208 2575 est
1233 2543 1367 2579 effectus
1388 2537 1451 2572 τοῦ
1472 2535 1655 2574 communis
1680 2539 1823 2580 malie,

361 2591 480 2634 logici;
502 2593 580 2634 quia
593 2598 623 2626 3.
649 2593 811 2626 obiectum
834 2594 1017 2626 contractus
1039 2603 1088 2627 res
1109 2596 1241 2628 externa
1261 2604 1331 2628 esse
1349 2594 1464 2636 debet,
1492 2603 1577 2636 quae
1596 2593 1730 2627 alterius
1753 2593 1821 2626 tieri

361 2645 476 2685 potest.
497 2645 685 2678 Essentialia
702 2645 899 2678 matrimonii
920 2654 985 2678 non
1000 2650 1132 2687 possunt
1153 2648 1332 2689 dependere
1347 2647 1388 2679 ab
1408 2646 1545 2679 arbitrio
1560 2646 1698 2689 privato,
1713 2645 1801 2679 ''sed
1789 2655 1825 2678 m

362 2697 477 2730 morali
493 2697 632 2731 hominis
645 2699 762 2731 natura
776 2698 879 2740 posita
890 2699 984 2740 sunt,
1000 2699 1045 2731 ita
1066 2701 1102 2733 ut
1123 2702 1291 2743 coniuges,
1307 2709 1373 2733 non
1386 2701 1454 2733 tam
1465 2700 1500 2732 vi
1513 2701 1709 2741 contractus,
1724 2708 1826 2741 quam

363 2749 521 2791 spirituali
540 2750 681 2791 quadam
702 2750 840 2791 unione,
862 2751 1015 2792 religione
1035 2753 1068 2785 et
1093 2754 1211 2795 pietate
1230 2754 1450 2795 obligentur.»
1475 2754 1525 2786 lta
1552 2752 1684 2794 quidem
1701 2752 1757 2785 hic
1775 2761 1824 2785 ra-

360 2801 525 2835 tionalista
544 2802 620 2835 licet
639 2811 678 2836 ex
699 2811 800 2844 pravo
820 2803 902 2843 tine.
924 2804 1021 2844 atque
1043 2805 1139 2838 etiarn
1161 2813 1325 2847 perperam
1343 2805 1490 2845 disserit3
1514 2804 1575 2837 hac
1594 2804 1681 2838 euim
1701 2804 1826 2837 ratione

360 2854 469 2895 plum
489 2855 544 2888 alii
565 2856 746 2889 contractus
770 2855 877 2897 negari
900 2857 1039 2898 possent.
