1980 3260
232 261 326 315 mr.
343 282 386 314 V.
402 282 454 315 DE
468 281 583 315 Ech.
603 281 695 315 1’0‘1'.
713 283 757 316 IN
770 281 888 315 CAUS.
907 282 1032 315 mun.
1053 281 1103 314 AG
1120 281 1163 314 IN
1177 281 1318 314 SPONS.
1338 281 1430 314 ΛΒΤ.
1450 281 1479 314 1.
1552 267 1639 314 181

165 360 314 407 ctrina
337 371 458 425 patet
480 378 534 408 ex
558 378 656 409 can.
687 361 782 408 XII.
811 378 927 409 sess.
956 360 1103 407 XXIV.
1128 378 1254 408 conc.
1286 359 1540 418 tridentini,
1569 361 1648 426 qui

172 436 245 485 his
278 437 427 486 verbis
460 438 664 486 effertur:
698 438 780 484 «Si
813 438 918 504 quis
952 437 1113 485 dixerit
1148 455 1308 486 causas
1342 438 1648 486 matrimonia-

170 512 238 561 les
271 531 360 562 non
394 524 596 579 spectare
627 513 685 561 ad
719 513 889 561 iudices
924 513 1276 570 ecclesiasticos3
1316 513 1467 561 anath.
1507 514 1630 561 sit.»

268 588 353 636 Hic
394 589 457 636 uti
499 588 775 653 exploratum
815 590 1089 638 assumimus
1128 589 1249 636 hunc
1292 605 1506 636 canonem
1546 606 1648 637 esse

174 663 478 727 dogmaticum
499 700 509 719 ,
539 680 621 710 seu
645 663 749 710 fidei
773 663 1021 711 doctrinam
1049 663 1280 712 continere
1297 663 1355 711 ob
1387 663 1541 711 eadem
1580 681 1650 712 ra·

175 740 346 789 tionum
369 748 592 786 momenta
625 739 791 803 quibus
821 739 1125 787 adstruximus
1150 739 1427 803 dogmaticos
1450 757 1551 789 esse
1575 758 1648 788 ca-

177 832 318 863 nones
353 814 431 860 111.
462 823 506 861 et
532 813 601 859 IV.
630 812 831 860 eiusdem
867 814 1103 862 sessionis.

274 889 661 955 Comprehendere
694 898 840 936 autem
875 889 996 937 hunc
1035 907 1251 938 canonem
1285 906 1445 938 causas
1481 909 1648 947 omnes,

171 983 290 1032 quae
312 965 513 1013 afficiunt
535 975 805 1013 contractum
838 965 988 1030 ipsum
1024 965 1303 1029 coniugalem
1322 1003 1332 1023 ,
1372 976 1416 1014 et
1447 967 1560 1013 solos
1583 985 1655 1015 ec—

180 1042 458 1091 clesiasticos
494 1041 665 1089 iudices
685 1058 952 1105 agnoscere,
981 1059 1033 1089 ex
1059 1042 1161 1106 ipsa
1195 1042 1462 1090 sacramenti
1487 1043 1655 1091 ratione

174 1119 287 1168 satis
322 1119 478 1184 liquet.
509 1117 619 1165 Cum
645 1128 790 1166 tamen
823 1118 909 1166 hoc
942 1118 1143 1166 nonnulli
1177 1119 1224 1166 in
1255 1118 1442 1166 dubium
1478 1136 1657 1168 revoca-

178 1195 347 1253 verint,
381 1205 515 1260 atque
539 1194 845 1242 contenderint
867 1212 1100 1259 perperam
1125 1212 1179 1243 ex
1202 1195 1288 1243 hoc
1310 1212 1481 1243 canone
1503 1195 1655 1243 inferri

179 1290 339 1321 causas
365 1290 506 1320 omnes
523 1271 781 1320 huiusmodi
807 1271 864 1318 ad
887 1273 998 1320 solos
1021 1272 1350 1321 ecclesiasticos
1375 1272 1547 1321 iudices
1566 1290 1659 1338 per-

178 1349 343 1405 tinere,
372 1366 509 1413 quum
545 1347 834 1396 tridentinum
864 1347 911 1395 id
944 1365 1033 1397 non
1067 1348 1280 1405 affirmet,
1309 1366 1440 1396 omne
1468 1348 1653 1395 dubium

179 1424 362 1473 sustulit
395 1424 500 1472 Pius
533 1425 604 1471 VI.
645 1424 691 1471 in
725 1424 882 1473 litteris
918 1442 1031 1490 quas
1055 1425 1130 1472 die
1154 1426 1231 1471 17.
1261 1425 1380 1490 Sept.
1412 1426 1553 1470 1788.
1582 1424 1659 1472 de-

180 1501 248 1550 dit
278 1501 333 1549 ad
368 1501 631 1566 episcopum
664 1500 981 1559 motulensem,
1016 1503 1062 1548 in
1093 1501 1257 1567 quibus
1293 1500 1490 1566 pontifex
1524 1501 1660 1565 profi-

179 1587 296 1625 tetur
329 1594 379 1625 se
411 1576 533 1643 loqui
568 1587 797 1643 tamquam
832 1578 872 1626 is
897 1576 974 1643 qui
1010 1578 1078 1624 ius
1104 1577 1228 1625 habet
1253 1594 1454 1642 suprema
1490 1577 1661 1624 Christi

181 1654 320 1718 ipsius
354 1654 608 1701 auctoritate
642 1654 730 1700 sibi
763 1654 922 1701 collata
962 1652 1143 1700 docendi
1177 1662 1216 1700 et
1259 1652 1555 1717 confirmandi.
1593 1651 1660 1699 Ad

165 1729 347 1778 sedem,
366 1728 575 1776 nimirum
611 1728 900 1795 apostolicam
935 1729 1126 1794 pertinet
1158 1745 1211 1776 ea
1243 1728 1463 1792 explicare
1498 1745 1550 1775 ac
1584 1727 1662 1775 de-

182 1805 422 1853 terminare
455 1823 571 1870 quae
595 1805 641 1852 in
668 1805 983 1862 conciliorum,
1012 1805 1241 1852 tridentini
1275 1804 1561 1870 praesertim,
1589 1803 1663 1851 de-

181 1883 313 1931 cretis
338 1882 574 1931 obscurius
603 1881 723 1930 dicta
743 1882 887 1929 videri
912 1892 1119 1947 possent,
1143 1891 1273 1946 prout
1295 1880 1490 1928 declarat
1514 1880 1662 1944 ipsum

181 1958 470 2007 tridentinum
497 1976 610 2006 sess.
640 1958 797 2006 ultima
821 1959 866 2005 in
892 1958 1002 2015 fine,
1030 1959 1225 2023 itemque
1242 1958 1348 2006 Pius
1373 1957 1441 2003 lv.
1472 1956 1517 2003 in
1539 1955 1663 2003 bulla

179 2034 532 2083 confirmationis
568 2034 770 2082 eiusdem
800 2034 975 2083 concilii
1010 2035 1094 2097 (2).

278 2110 420 2158 Verba
459 2129 590 2176 porro
627 2111 695 2158 Pii
728 2111 798 2157 vl.
840 2111 885 2157 in
931 2111 1144 2175 praefatis
1179 2110 1336 2159 litteris
1376 2109 1487 2156 haec
1528 2119 1657 2156 sunt:

184 2188 392 2252 «Dogma
429 2187 534 2234 fidei
569 2198 637 2235 est
670 2199 719 2235 ut
757 2188 1087 2236 matrimonium
1122 2187 1241 2252 quod
1285 2196 1387 2234 ante
1426 2184 1664 2233 adventum

183 2263 349 2311 Christi
386 2262 499 2309 nihil
535 2262 657 2310 aliud
691 2274 785 2311 erat
808 2264 895 2311 nisi
931 2262 1260 2311 indissolubilis
1285 2261 1468 2328 quidam
1494 2271 1665 2310 contra-

182 2349 307 2397 ctus,
333 2339 442 2386 illud
469 2349 569 2404 post
592 2338 759 2387 Christi
784 2340 1022 2388 adventum
1046 2338 1237 2388 evaserit
1254 2356 1394 2386 unum
1419 2355 1471 2385 ex
1496 2348 1663 2401 septem

186 2415 300 2480 legis
342 2415 623 2479 evangelicae
664 2416 952 2465 sacramentis
993 2435 1020 2464 a
1059 2415 1234 2464 Christo
1262 2416 1454 2463 Domino
1490 2414 1666 2461 institu—

187 2503 279 2540 tum
296 2530 306 2550 ,
336 2492 713 2557 quemadmodum
751 2492 964 2541 adversus
989 2492 1235 2540 haereticos
1269 2502 1312 2539 et
1335 2491 1496 2556 impios
1521 2489 1666 2536 homi-

184 2586 265 2616 nes
296 2568 434 2617 seculi
464 2569 765 2625 insanientes,
796 2586 970 2616 sacrum
1006 2568 1244 2617 concilium
1269 2567 1556 2615 tridentinum
1581 2564 1665 2612 sub

183 2644 486 2693 anathematis
521 2662 667 2710 poena
702 2645 917 2693 definivit.
953 2645 1066 2693 Hinc
1096 2645 1171 2701 fit,
1199 2655 1247 2692 ut
1271 2644 1327 2691 ad
1362 2643 1497 2690 solam
1526 2640 1666 2688 eccle-

169 2720 300 2768 siam
317 2758 329 2778 ,
350 2721 423 2768 cui
441 2731 533 2768 tota
553 2721 609 2768 de
634 2721 922 2769 sacramentis
947 2731 1015 2769 est
1036 2737 1143 2768 cura
1162 2718 1430 2775 concredita,
1453 2717 1522 2764 ius
1548 2733 1666 2763 omne

183 2813 239 2844 ac
273 2807 468 2863 potestas
505 2798 723 2863 pertineat
755 2815 880 2846 suam
914 2798 1175 2862 assignandi
1210 2797 1394 2845 formam
1429 2794 1533 2842 huic
1568 2810 1666 2840 con-

279 2901 324 2944 (2)
344 2903 395 2936 Cf.
418 2905 524 2938 Moser
548 2904 727 2947 [mpedim.
745 2907 850 2939 macr.
867 2914 896 2938 c.
917 2907 1031 2939 xxw.
1052 2914 1085 2938 n.
1104 2908 1134 2937 4.
