1980 3260
246 245 303 289 12
570 257 650 287 un.
679 255 708 284 1.
737 255 850 285 sacr.
879 255 909 284 1.
931 253 981 283 nn
1007 252 1171 283 rorsssr.
1196 252 1359 283 nectes.

243 335 428 382 ecclesia
450 332 612 379 Christi
638 330 781 394 ipsius
804 330 900 377 vice
925 330 1112 392 fungens
1137 328 1343 374 decernat
1372 337 1505 392 atque
1531 331 1695 379 iudicet

243 410 299 455 de
332 405 656 455 conditionibus
691 405 909 469 appositis
946 414 1022 450 aut
1055 402 1331 467 apponendis
1351 441 1360 458 ,
1398 412 1447 448 ut
1478 403 1542 449 nil
1573 405 1694 454 desi-

243 484 415 531 deretur
449 480 683 545 quominus
717 490 761 526 et
793 498 846 526 ex
879 489 1003 543 parte
1037 489 1130 524 tum
1163 478 1372 525 materiae
1395 488 1487 524 tum
1511 477 1692 537 formae,

243 569 285 604 et
305 561 504 621 exparte
537 555 729 602 ministri
754 592 763 611 ,
801 565 844 601 et
875 571 928 600 ex
960 563 1085 616 parte
1119 553 1423 617 suscipientis,
1452 553 1533 600 rite
1558 571 1701 601 sacra-

243 643 388 683 menta
420 631 595 693 singula
629 629 916 676 conficiantur
946 645 997 674 ac
1027 627 1343 691 suscipiantur.

337 707 499 770 Ecquis
533 706 649 752 enim
679 704 793 750 alius
829 713 1002 767 praeter
1036 702 1267 749 ecclesiam
1304 704 1466 766 poterit
1498 705 1594 751 iure
1626 704 1699 752 de-

248 799 443 837 cernere,
472 798 523 827 ac
548 780 807 827 sententiam
841 778 952 825 ferre
977 778 1023 823 in
1054 778 1134 834 iis,
1172 795 1286 842 quae
1315 779 1371 824 ad
1404 790 1701 828 sacramento—

245 876 338 904 rum
372 856 589 912 valorem,
629 865 703 902 aut
735 855 913 918 dignam
948 853 1225 901 collationem
1261 863 1336 900 aut
1375 854 1699 919 susceptionem

244 930 563 997 requiruntur?
594 930 843 977 Ridiculum
874 930 1004 993 plane
1038 940 1169 993 atque
1192 929 1409 976 absonum
1433 929 1567 987 foret,
1595 946 1700 977 con-

245 1008 424 1055 tendere
455 1006 665 1054 ecclesiae
699 1023 786 1053 non
827 1006 974 1052 inesse
1014 1022 1268 1068 supremam
1310 1005 1701 1070 independentem-

246 1101 333 1147 que
366 1093 622 1147 potestatem
654 1081 879 1128 iudicandi
913 1081 969 1127 de
1001 1081 1209 1137 materia,
1253 1081 1395 1128 forma
1417 1119 1427 1137 ,
1466 1081 1692 1137 subiecto,

243 1157 446 1204 ministro
493 1157 703 1220 baptismi
733 1195 742 1212 ,
792 1155 1138 1203 confirmationis
1162 1193 1171 1212 ,
1221 1155 1547 1213 eucharistiae,
1594 1172 1702 1220 poe·

245 1232 453 1280 nitentiae
475 1270 484 1288 ,
527 1242 743 1279 extremae
775 1231 996 1278 unctionis
1019 1268 1028 1286 ,
1070 1241 1145 1277 aut
1177 1231 1379 1287 ordinis;
1413 1231 1566 1296 ,deque
1598 1230 1701 1279 aliis

242 1306 480 1363 adiunctis,
497 1324 611 1371 quae
634 1306 790 1353 horum
808 1306 1002 1353 omnium
1022 1316 1394 1354 sacramentorum
1417 1306 1702 1354 administra-

244 1382 403 1429 tionem
420 1419 429 1436 ,
456 1399 508 1429 ac
542 1382 866 1446 susceptionem
893 1381 1162 1446 praecedunt
1183 1392 1259 1427 aut
1281 1382 1559 1428 comitantur.
1587 1381 1702 1428 Hinc

245 1474 484 1521 numquam
515 1456 598 1503 hac
621 1456 675 1503 de
699 1474 746 1502 re
767 1456 954 1503 excitata
982 1456 1184 1520 quaestio
1211 1467 1293 1504 est.
1316 1456 1425 1503 Cum
1454 1456 1702 1503 donatistae

245 1549 432 1587 errorem
467 1532 834 1596 rebaptizantium
869 1533 1129 1596 adoptantes
1163 1533 1477 1579 contenderent
1510 1549 1597 1579 non
1631 1548 1702 1580 so-

245 1607 336 1653 lum
368 1607 424 1653 ab
456 1606 719 1662 haereticis,
758 1624 909 1653 verum
944 1607 1076 1653 etiam
1101 1625 1127 1653 a
1150 1606 1279 1654 malis
1310 1606 1527 1654 ministris
1554 1606 1704 1663 ,admi-

245 1682 476 1728 nistratum
498 1681 721 1745 baptisma
745 1681 909 1728 nullius
933 1699 1033 1729 esse
1055 1682 1246 1738 valoris;
1275 1699 1376 1729 cum
1409 1682 1704 1730 montanistae

245 1773 295 1803 ac
325 1756 546 1803 novatiani
583 1757 796 1804 nonnulla
819 1774 921 1804 esse
943 1768 1123 1821 peccata
1147 1758 1377 1813 docerent,
1406 1775 1522 1821 quae
1542 1758 1705 1814 virtute

245 1831 430 1878 clavium
460 1831 619 1878 remitti
650 1842 725 1878 aut
754 1832 864 1880 solvi
899 1850 986 1879 non
1022 1844 1229 1896 possent;
1267 1850 1457 1898 cumque
1489 1833 1703 1889 callixtini

245 1908 537 1954 necessariam
564 1908 619 1953 ad
655 1907 841 1955 salutem
875 1925 976 1955 esse
1007 1909 1239 1973 utriusque
1269 1909 1553 1956 eucharistici
1583 1926 1704 1973 sym-

244 1982 333 2029 boli
380 1983 674 2046 sumptionem
707 1984 962 2040 effutirent,
1001 2002 1146 2031 nonne
1179 1985 1275 2032 iure
1308 1984 1365 2031 ab
1398 1984 1589 2042 ecclesia
1627 2000 1705 2031 su·-

247 2073 397 2120 premo
430 2056 593 2103 iudicio
626 2057 805 2105 iudicati
839 2076 891 2106 ac
924 2059 1117 2106 damnati
1164 2069 1294 2116 sunt,
1333 2059 1517 2123 perinde
1550 2076 1602 2106 ac
1641 2076 1705 2106 re-

247 2131 357 2196 liqui
380 2149 531 2179 omnes
547 2170 556 2188 ,
584 2132 659 2196 qui
685 2133 819 2179 simili
843 2135 1013 2182 ratione
1035 2135 1269 2183 ecclesiam
1293 2136 1555 2191 incusarunt
1587 2135 1706 2186 circa

248 2207 432 2254 aliorum
456 2219 827 2256 sacramentorum
852 2211 1313 2259 administrationem?
1336 2213 1490 2259 Nonne
1513 2211 1610 2275 pari
1635 2228 1706 2257 ra·-

248 2283 365 2330 tione
397 2284 546 2331 reiecti
585 2284 641 2330 ab
680 2285 867 2332 ecclesia
907 2297 1009 2333 sunt
1048 2288 1343 2335 montanistae
1383 2305 1435 2335 ac
1478 2286 1703 2333 novatiani

250 2358 403 2421 primis
427 2359 590 2406 seculis
607 2397 617 2415 ‚
645 2360 1016 2423 quemadmodum
1050 2363 1195 2410 medio
1229 2380 1336 2410 aevo
1371 2361 1565 2418 cathari,
1597 2361 1706 2408 albi-

253 2449 409 2494 genses
434 2435 666 2498 proscripti
692 2445 796 2481 sunt
818 2435 896 2499 qui
923 2438 1086 2499 pariter
1114 2438 1230 2486 circa
1254 2447 1581 2486 sacramentum
1600 2454 1706 2501 poe-

253 2508 461 2555 nitentiae
486 2519 562 2555 aut
586 2510 698 2556 sacri
733 2511 904 2558 ordinis
939 2513 1122 2576 turpiter
1153 2512 1386 2560 errarunt?
1411 2512 1704 2568 Quandonam

249 2584 469 2648 principes
498 2595 575 2641 aut
603 2585 824 2633 seculares
854 2598 1090 2652 potestates
1112 2603 1222 2637 *sese
1253 2589 1379 2636 hisce
1411 2589 1705 2651 negotiisim-

249 2658 532 2717 miscuerunt,
554 2671 629 2707 aut
645 2662 978 2719 contenderunt,
996 2664 1227 2711 ecclesiam
1244 2664 1367 2710 haud
1385 2681 1518 2727 posse
1535 2664 1707 2728 absque

249 2732 541 2797 dependentia
563 2754 590 2783 a
608 2747 834 2801 potestate
865 2738 984 2785 civili
1017 2757 1142 2786 suam
1175 2756 1378 2787 exercere
1406 2738 1713 2804 potestatem?

250 2807 436 2861 Quando
455 2827 554 2857 nam
574 2811 788 2859 ecclesiae
803 2813 1101 2873 auctoritatem
1120 2816 1165 2860 in
1186 2825 1457 2861 sacramenta
1469 2813 1703 2862 obnoxiam
