<?xml version="1.0" encoding="UTF-8"?>
<!DOCTYPE html PUBLIC "-//W3C//DTD XHTML 1.0 Transitional//EN"
    "http://www.w3.org/TR/xhtml1/DTD/xhtml1-transitional.dtd">
<html xmlns="http://www.w3.org/1999/xhtml" xml:lang="en" lang="en">
 <head>
  <title>
</title>
<meta http-equiv="Content-Type" content="text/html;charset=utf-8" />
  <meta name='ocr-system' content='tesseract 3.04.00' />
  <meta name='ocr-capabilities' content='ocr_page ocr_carea ocr_par ocr_line ocrx_word'/>
</head>
<body>
  <div class='ocr_page' id='page_1' title='image "a603380702perruoft_0438.png"; bbox 0 0 1980 3260; ppageno 0'>
   <div class='ocr_carea' id='block_1_1' title="bbox 358 253 1555 299">
    <p class='ocr_par' dir='ltr' id='par_1_1' title="bbox 358 253 1555 299">
     <span class='ocr_line' id='line_1_1' title="bbox 358 253 1555 299; baseline -0.004 0"><span class='ocrx_word' id='word_1_1' title='bbox 358 253 446 299; x_wconf 75' lang='lat'>434</span> <span class='ocrx_word' id='word_1_2' title='bbox 610 268 690 299; x_wconf 68' lang='lat' dir='ltr'>tm.</span> <span class='ocrx_word' id='word_1_3' title='bbox 720 266 765 298; x_wconf 79' lang='grc' dir='ltr'>ιι.</span> <span class='ocrx_word' id='word_1_4' title='bbox 796 266 909 298; x_wconf 70' lang='grc' dir='ltr'>ποτ.</span> <span class='ocrx_word' id='word_1_5' title='bbox 940 265 1111 296; x_wconf 67' lang='lat' dir='ltr'>Auem.</span> <span class='ocrx_word' id='word_1_6' title='bbox 1141 264 1193 296; x_wconf 80' lang='lat' dir='ltr'>m:</span> <span class='ocrx_word' id='word_1_7' title='bbox 1219 264 1382 296; x_wconf 71' lang='lat' dir='ltr'>rorzsr.</span> <span class='ocrx_word' id='word_1_8' title='bbox 1413 264 1555 297; x_wconf 78' lang='lat' dir='ltr'>cmm.</span> 
     </span>
    </p>
   </div>
   <div class='ocr_carea' id='block_1_2' title="bbox 353 342 1839 2538">
    <p class='ocr_par' dir='ltr' id='par_1_2' title="bbox 353 342 1836 1680">
     <span class='ocr_line' id='line_1_2' title="bbox 447 342 1826 409; baseline -0.001 -19"><span class='ocrx_word' id='word_1_9' title='bbox 447 346 642 391; x_wconf 81' lang='lat' dir='ltr'><strong>Assertio</strong></span> <span class='ocrx_word' id='word_1_10' title='bbox 686 344 841 408; x_wconf 85' lang='lat' dir='ltr'>quinta</span> <span class='ocrx_word' id='word_1_11' title='bbox 862 346 878 400; x_wconf 81' lang='grc'>,’</span> <span class='ocrx_word' id='word_1_12' title='bbox 911 343 1029 408; x_wconf 87' lang='lat' dir='ltr'>quod</span> <span class='ocrx_word' id='word_1_13' title='bbox 1065 353 1391 390; x_wconf 85' lang='lat' dir='ltr'>sacramentum</span> <span class='ocrx_word' id='word_1_14' title='bbox 1425 359 1513 390; x_wconf 87' lang='lat' dir='ltr'>non</span> <span class='ocrx_word' id='word_1_15' title='bbox 1547 342 1684 390; x_wconf 85' lang='lat' dir='ltr'>alium</span> <span class='ocrx_word' id='word_1_16' title='bbox 1717 360 1826 409; x_wconf 60' lang='lat' dir='ltr'>pro-⁷</span> 
     </span>
     <span class='ocr_line' id='line_1_3' title="bbox 353 418 1825 484; baseline -0.001 -16"><span class='ocrx_word' id='word_1_17' title='bbox 353 422 482 468; x_wconf 87' lang='lat' dir='ltr'>ducat</span> <span class='ocrx_word' id='word_1_18' title='bbox 505 420 709 466; x_wconf 84' lang='lat' dir='ltr'>effectum</span> <span class='ocrx_word' id='word_1_19' title='bbox 733 436 866 484; x_wconf 89' lang='lat' dir='ltr'>quam</span> <span class='ocrx_word' id='word_1_20' title='bbox 891 419 1077 482; x_wconf 82' lang='lat' dir='ltr'>gratiam</span> <span class='ocrx_word' id='word_1_21' title='bbox 1092 457 1102 475; x_wconf 83' lang='lat'>,</span> <span class='ocrx_word' id='word_1_22' title='bbox 1125 418 1171 465; x_wconf 91' lang='lat' dir='ltr'>id</span> <span class='ocrx_word' id='word_1_23' title='bbox 1189 430 1285 475; x_wconf 84' lang='lat' dir='ltr'>est,</span> <span class='ocrx_word' id='word_1_24' title='bbox 1312 435 1367 465; x_wconf 87' lang='lat' dir='ltr'>ex</span> <span class='ocrx_word' id='word_1_25' title='bbox 1390 418 1632 466; x_wconf 86' lang='lat' dir='ltr'>adversarii</span> <span class='ocrx_word' id='word_1_26' title='bbox 1655 419 1825 478; x_wconf 48' lang='lat' dir='ltr'>mentes·</span> 
     </span>
     <span class='ocr_line' id='line_1_4' title="bbox 354 494 1823 560; baseline -0.001 -17"><span class='ocrx_word' id='word_1_27' title='bbox 354 495 473 560; x_wconf 91' lang='lat' dir='ltr'>quod</span> <span class='ocrx_word' id='word_1_28' title='bbox 508 500 832 543; x_wconf 82' lang='lat' dir='ltr'>sacramentum</span> <span class='ocrx_word' id='word_1_29' title='bbox 870 494 1168 542; x_wconf 85' lang='lat' dir='ltr'>extrinsecum</span> <span class='ocrx_word' id='word_1_30' title='bbox 1204 495 1263 542; x_wconf 89' lang='lat' dir='ltr'>sit</span> <span class='ocrx_word' id='word_1_31' title='bbox 1297 494 1537 542; x_wconf 87' lang='lat' dir='ltr'>contractui</span> <span class='ocrx_word' id='word_1_32' title='bbox 1570 494 1823 559; x_wconf 69' lang='lat' dir='ltr'>coniugali,</span> 
     </span>
     <span class='ocr_line' id='line_1_5' title="bbox 354 570 1824 636; baseline 0 -17"><span class='ocrx_word' id='word_1_33' title='bbox 354 572 484 635; x_wconf 88' lang='lat' dir='ltr'>eique</span> <span class='ocrx_word' id='word_1_34' title='bbox 518 570 800 636; x_wconf 81' lang='lat' dir='ltr'><strong>superveniat</strong></span> <span class='ocrx_word' id='word_1_35' title='bbox 832 570 1101 635; x_wconf 90' lang='lat' dir='ltr'>accedatque</span> <span class='ocrx_word' id='word_1_36' title='bbox 1129 609 1139 628; x_wconf 84' lang='lat'>‚</span> <span class='ocrx_word' id='word_1_37' title='bbox 1177 574 1245 619; x_wconf 83' lang='lat' dir='ltr'>est</span> <span class='ocrx_word' id='word_1_38' title='bbox 1277 571 1442 636; x_wconf 89' lang='lat' dir='ltr'>pariter</span> <span class='ocrx_word' id='word_1_39' title='bbox 1472 571 1591 636; x_wconf 81' lang='lat' dir='ltr'>salsa</span> <span class='ocrx_word' id='word_1_40' title='bbox 1631 580 1779 636; x_wconf 63' lang='lat' dir='ltr'>atque⁸</span> <span class='ocrx_word' id='word_1_41' title='bbox 1796 572 1824 619; x_wconf 73' lang='lat' dir='ltr'>a</span> 
     </span>
     <span class='ocr_line' id='line_1_6' title="bbox 355 645 1829 712; baseline 0 -18"><span class='ocrx_word' id='word_1_42' title='bbox 355 647 431 695; x_wconf 91' lang='lat' dir='ltr'>Pio</span> <span class='ocrx_word' id='word_1_43' title='bbox 463 648 536 693; x_wconf 81' lang='lat' dir='ltr'>lx.-</span> <span class='ocrx_word' id='word_1_44' title='bbox 559 647 606 693; x_wconf 74' lang='lat' dir='ltr'>inv</span> <span class='ocrx_word' id='word_1_45' title='bbox 641 664 723 694; x_wconf 90' lang='lat' dir='ltr'>suo</span> <span class='ocrx_word' id='word_1_46' title='bbox 755 646 881 694; x_wconf 83' lang='lat' dir='ltr'>Brevi</span> <span class='ocrx_word' id='word_1_47' title='bbox 912 645 986 692; x_wconf 89' lang='lat' dir='ltr'>his</span> <span class='ocrx_word' id='word_1_48' title='bbox 1014 646 1164 694; x_wconf 90' lang='lat' dir='ltr'>verbis</span> <span class='ocrx_word' id='word_1_49' title='bbox 1196 646 1428 694; x_wconf 89' lang='lat' dir='ltr'>damnata:</span> <span class='ocrx_word' id='word_1_50' title='bbox 1457 666 1480 692; x_wconf 86' lang='lat'>«</span> <span class='ocrx_word' id='word_1_51' title='bbox 1500 646 1632 694; x_wconf 86' lang='lat' dir='ltr'>Plura</span> <span class='ocrx_word' id='word_1_52' title='bbox 1648 647 1829 712; x_wconf 78' lang='lat' dir='ltr'>quoque</span> 
     </span>
     <span class='ocr_line' id='line_1_7' title="bbox 354 722 1830 787; baseline 0 -17"><span class='ocrx_word' id='word_1_53' title='bbox 354 724 410 770; x_wconf 90' lang='lat' dir='ltr'>de</span> <span class='ocrx_word' id='word_1_54' title='bbox 443 722 720 771; x_wconf 87' lang='lat' dir='ltr'>matrimonio</span> <span class='ocrx_word' id='word_1_55' title='bbox 752 723 871 787; x_wconf 79' lang='lat' dir='ltr'>salsa</span> <span class='ocrx_word' id='word_1_56' title='bbox 906 723 1531 771; x_wconf 89' lang='lat' dir='ltr'>asseruntur....Matrimonii</span> <span class='ocrx_word' id='word_1_57' title='bbox 1574 740 1830 770; x_wconf 87' lang='lat' dir='ltr'>sacramen-</span> 
     </span>
     <span class='ocr_line' id='line_1_8' title="bbox 355 798 1832 864; baseline 0 -17"><span class='ocrx_word' id='word_1_58' title='bbox 355 811 447 847; x_wconf 90' lang='lat' dir='ltr'>tum</span> <span class='ocrx_word' id='word_1_59' title='bbox 471 817 559 846; x_wconf 91' lang='lat' dir='ltr'>non</span> <span class='ocrx_word' id='word_1_60' title='bbox 583 817 683 847; x_wconf 87' lang='lat' dir='ltr'>esse</span> <span class='ocrx_word' id='word_1_61' title='bbox 715 799 802 847; x_wconf 90' lang='lat' dir='ltr'>nisi</span> <span class='ocrx_word' id='word_1_62' title='bbox 839 799 948 864; x_wconf 88' lang='lat' dir='ltr'>quid</span> <span class='ocrx_word' id='word_1_63' title='bbox 983 801 1226 847; x_wconf 86' lang='lat' dir='ltr'>contractui</span> <span class='ocrx_word' id='word_1_64' title='bbox 1250 800 1577 857; x_wconf 52' lang='lat' dir='ltr'>accessoriumJ</span> <span class='ocrx_word' id='word_1_65' title='bbox 1604 798 1661 846; x_wconf 87' lang='lat' dir='ltr'>ab</span> <span class='ocrx_word' id='word_1_66' title='bbox 1684 815 1832 864; x_wconf 78' lang='lat' dir='ltr'>eoque</span> 
     </span>
     <span class='ocr_line' id='line_1_9' title="bbox 357 875 1830 940; baseline 0 -17"><span class='ocrx_word' id='word_1_67' title='bbox 357 875 652 940; x_wconf 80' lang='lat' dir='ltr'>separabile.»</span> <span class='ocrx_word' id='word_1_68' title='bbox 667 876 723 922; x_wconf 92' lang='lat' dir='ltr'>Et</span> <span class='ocrx_word' id='word_1_69' title='bbox 745 875 916 923; x_wconf 90' lang='lat' dir='ltr'>merito.</span> <span class='ocrx_word' id='word_1_70' title='bbox 945 875 1174 940; x_wconf 89' lang='lat' dir='ltr'>Siquidem</span> <span class='ocrx_word' id='word_1_71' title='bbox 1198 876 1310 923; x_wconf 89' lang='lat' dir='ltr'>adeo</span> <span class='ocrx_word' id='word_1_72' title='bbox 1334 876 1537 923; x_wconf 89' lang='lat' dir='ltr'>intimum</span> <span class='ocrx_word' id='word_1_73' title='bbox 1560 885 1628 924; x_wconf 88' lang='lat' dir='ltr'>est</span> <span class='ocrx_word' id='word_1_74' title='bbox 1651 875 1699 922; x_wconf 93' lang='lat' dir='ltr'>in</span> <span class='ocrx_word' id='word_1_75' title='bbox 1721 891 1830 923; x_wconf 87' lang='lat' dir='ltr'>con-</span> 
     </span>
     <span class='ocr_line' id='line_1_10' title="bbox 357 953 1828 1018; baseline 0.001 -20"><span class='ocrx_word' id='word_1_76' title='bbox 357 953 489 1017; x_wconf 78' lang='lat' dir='ltr'>iugiis</span> <span class='ocrx_word' id='word_1_77' title='bbox 524 953 866 1000; x_wconf 86' lang='lat' dir='ltr'>christianorum</span> <span class='ocrx_word' id='word_1_78' title='bbox 902 963 1226 1000; x_wconf 86' lang='lat' dir='ltr'>sacramentum</span> <span class='ocrx_word' id='word_1_79' title='bbox 1268 953 1538 1009; x_wconf 86' lang='lat' dir='ltr'>contractui,</span> <span class='ocrx_word' id='word_1_80' title='bbox 1576 962 1706 1018; x_wconf 88' lang='lat' dir='ltr'>prout</span> <span class='ocrx_word' id='word_1_81' title='bbox 1743 968 1828 1000; x_wconf 85' lang='lat' dir='ltr'>suo</span> 
     </span>
     <span class='ocr_line' id='line_1_11' title="bbox 356 1027 1835 1092; baseline 0.001 -19"><span class='ocrx_word' id='word_1_82' title='bbox 356 1027 452 1075; x_wconf 86' lang='lat' dir='ltr'>loco</span> <span class='ocrx_word' id='word_1_83' title='bbox 470 1028 763 1084; x_wconf 68' lang='lat' dir='ltr'>ostendimus,</span> <span class='ocrx_word' id='word_1_84' title='bbox 779 1038 827 1075; x_wconf 90' lang='lat' dir='ltr'>ut</span> <span class='ocrx_word' id='word_1_85' title='bbox 845 1028 943 1075; x_wconf 90' lang='lat' dir='ltr'>sine</span> <span class='ocrx_word' id='word_1_86' title='bbox 961 1038 1238 1075; x_wconf 88' lang='lat' dir='ltr'>sacramento</span> <span class='ocrx_word' id='word_1_87' title='bbox 1260 1037 1509 1075; x_wconf 85' lang='lat' dir='ltr'>contractus</span> <span class='ocrx_word' id='word_1_88' title='bbox 1533 1027 1632 1092; x_wconf 75' lang='lat' dir='ltr'>ip&#39;se</span> <span class='ocrx_word' id='word_1_89' title='bbox 1655 1027 1835 1092; x_wconf 82' lang='lat' dir='ltr'>nuptia-</span> 
     </span>
     <span class='ocr_line' id='line_1_12' title="bbox 358 1102 1831 1168; baseline 0.001 -20"><span class='ocrx_word' id='word_1_90' title='bbox 358 1103 413 1150; x_wconf 89' lang='lat' dir='ltr'>lis</span> <span class='ocrx_word' id='word_1_91' title='bbox 447 1103 569 1150; x_wconf 91' lang='lat' dir='ltr'>nulla</span> <span class='ocrx_word' id='word_1_92' title='bbox 603 1104 772 1152; x_wconf 87' lang='lat' dir='ltr'>ratione</span> <span class='ocrx_word' id='word_1_93' title='bbox 805 1103 1037 1151; x_wconf 84' lang='lat' dir='ltr'>subsistat.</span> <span class='ocrx_word' id='word_1_94' title='bbox 1059 1103 1311 1151; x_wconf 83' lang='lat' dir='ltr'>Adversarii</span> <span class='ocrx_word' id='word_1_95' title='bbox 1335 1103 1501 1151; x_wconf 91' lang='lat' dir='ltr'>idcirco</span> <span class='ocrx_word' id='word_1_96' title='bbox 1534 1102 1650 1150; x_wconf 80' lang='lat' dir='ltr'>falsa</span> <span class='ocrx_word' id='word_1_97' title='bbox 1682 1102 1831 1168; x_wconf 69' lang='lat' dir='ltr'>hypo-0</span> 
     </span>
     <span class='ocr_line' id='line_1_13' title="bbox 357 1180 1831 1246; baseline 0.001 -20"><span class='ocrx_word' id='word_1_98' title='bbox 357 1180 473 1231; x_wconf 70' lang='lat' dir='ltr'>th-,esi</span> <span class='ocrx_word' id='word_1_99' title='bbox 501 1180 698 1237; x_wconf 91' lang='lat' dir='ltr'>sublata,</span> <span class='ocrx_word' id='word_1_100' title='bbox 729 1181 968 1228; x_wconf 86' lang='lat' dir='ltr'>concidunt</span> <span class='ocrx_word' id='word_1_101' title='bbox 983 1198 1036 1228; x_wconf 92' lang='lat' dir='ltr'>ea</span> <span class='ocrx_word' id='word_1_102' title='bbox 1053 1181 1203 1228; x_wconf 88' lang='lat' dir='ltr'>omnia</span> <span class='ocrx_word' id='word_1_103' title='bbox 1219 1185 1234 1237; x_wconf 71' lang='grc'>,’</span> <span class='ocrx_word' id='word_1_104' title='bbox 1252 1197 1367 1245; x_wconf 90' lang='lat' dir='ltr'>quae</span> <span class='ocrx_word' id='word_1_105' title='bbox 1389 1180 1489 1245; x_wconf 89' lang='lat' dir='ltr'>ipse</span> <span class='ocrx_word' id='word_1_106' title='bbox 1512 1180 1831 1246; x_wconf 64' lang='lat' dir='ltr'>superstruxit:</span> 
     </span>
     <span class='ocr_line' id='line_1_14' title="bbox 361 1255 1833 1322; baseline -0.001 -16"><span class='ocrx_word' id='word_1_107' title='bbox 361 1275 383 1306; x_wconf 71' lang='grc' dir='ltr'>(ι</span> <span class='ocrx_word' id='word_1_108' title='bbox 406 1256 574 1319; x_wconf 80' lang='lat' dir='ltr'>Dogma</span> <span class='ocrx_word' id='word_1_109' title='bbox 606 1255 767 1303; x_wconf 89' lang='lat' dir='ltr'>etenim</span> <span class='ocrx_word' id='word_1_110' title='bbox 802 1256 905 1303; x_wconf 80' lang='lat' dir='ltr'>fidei</span> <span class='ocrx_word' id='word_1_111' title='bbox 939 1267 1032 1311; x_wconf 76' lang='lat' dir='ltr'>est⁷</span> <span class='ocrx_word' id='word_1_112' title='bbox 1070 1256 1214 1320; x_wconf 90' lang='lat' dir='ltr'>inquit</span> <span class='ocrx_word' id='word_1_113' title='bbox 1240 1256 1345 1303; x_wconf 91' lang='lat' dir='ltr'>Pius</span> <span class='ocrx_word' id='word_1_114' title='bbox 1371 1255 1442 1302; x_wconf 89' lang='lat' dir='ltr'>vl.</span> <span class='ocrx_word' id='word_1_115' title='bbox 1471 1255 1518 1302; x_wconf 90' lang='lat' dir='ltr'>in</span> <span class='ocrx_word' id='word_1_116' title='bbox 1541 1256 1627 1304; x_wconf 89' lang='lat' dir='ltr'>litt.</span> <span class='ocrx_word' id='word_1_117' title='bbox 1649 1255 1708 1304; x_wconf 90' lang='lat' dir='ltr'>ad</span> <span class='ocrx_word' id='word_1_118' title='bbox 1735 1256 1833 1322; x_wconf 83' lang='lat' dir='ltr'>epi-</span> 
     </span>
     <span class='ocr_line' id='line_1_15' title="bbox 359 1330 1834 1395; baseline 0.001 -17"><span class='ocrx_word' id='word_1_119' title='bbox 359 1348 543 1395; x_wconf 89' lang='lat' dir='ltr'>scopum</span> <span class='ocrx_word' id='word_1_120' title='bbox 577 1331 893 1387; x_wconf 89' lang='lat' dir='ltr'>motulensem‚</span> <span class='ocrx_word' id='word_1_121' title='bbox 922 1343 970 1378; x_wconf 90' lang='lat' dir='ltr'>ut</span> <span class='ocrx_word' id='word_1_122' title='bbox 994 1330 1349 1388; x_wconf 87' lang='lat' dir='ltr'>matrimonium,</span> <span class='ocrx_word' id='word_1_123' title='bbox 1384 1331 1505 1395; x_wconf 91' lang='lat' dir='ltr'>quod</span> <span class='ocrx_word' id='word_1_124' title='bbox 1539 1336 1640 1379; x_wconf 86' lang='lat' dir='ltr'>a&#39;nte</span> <span class='ocrx_word' id='word_1_125' title='bbox 1672 1331 1834 1380; x_wconf 85' lang='lat' dir='ltr'>adven·</span> 
     </span>
     <span class='ocr_line' id='line_1_16' title="bbox 359 1405 1831 1472; baseline 0.001 -20"><span class='ocrx_word' id='word_1_126' title='bbox 359 1417 451 1453; x_wconf 90' lang='lat' dir='ltr'>tum</span> <span class='ocrx_word' id='word_1_127' title='bbox 489 1406 655 1453; x_wconf 90' lang='lat' dir='ltr'>Christi</span> <span class='ocrx_word' id='word_1_128' title='bbox 689 1406 802 1452; x_wconf 92' lang='lat' dir='ltr'>nihil</span> <span class='ocrx_word' id='word_1_129' title='bbox 837 1406 958 1453; x_wconf 87' lang='lat' dir='ltr'>aliud</span> <span class='ocrx_word' id='word_1_130' title='bbox 993 1416 1118 1463; x_wconf 89' lang='lat' dir='ltr'>erat,</span> <span class='ocrx_word' id='word_1_131' title='bbox 1158 1405 1246 1453; x_wconf 85' lang='lat' dir='ltr'>nisi</span> <span class='ocrx_word' id='word_1_132' title='bbox 1281 1405 1609 1454; x_wconf 80' lang='lat' dir='ltr'>indissolubilis</span> <span class='ocrx_word' id='word_1_133' title='bbox 1648 1406 1831 1472; x_wconf 82' lang='lat' dir='ltr'>quidam</span> 
     </span>
     <span class='ocr_line' id='line_1_17' title="bbox 358 1481 1834 1547; baseline 0.002 -19"><span class='ocrx_word' id='word_1_134' title='bbox 358 1491 631 1538; x_wconf 84' lang='lat' dir='ltr'>contractus,</span> <span class='ocrx_word' id='word_1_135' title='bbox 669 1481 781 1529; x_wconf 90' lang='lat' dir='ltr'>illud</span> <span class='ocrx_word' id='word_1_136' title='bbox 816 1493 918 1547; x_wconf 90' lang='lat' dir='ltr'>post</span> <span class='ocrx_word' id='word_1_137' title='bbox 940 1482 1104 1530; x_wconf 91' lang='lat' dir='ltr'>Christi</span> <span class='ocrx_word' id='word_1_138' title='bbox 1140 1482 1375 1530; x_wconf 88' lang='lat' dir='ltr'>adventum</span> <span class='ocrx_word' id='word_1_139' title='bbox 1409 1483 1600 1531; x_wconf 87' lang='lat' dir='ltr'>evaserit</span> <span class='ocrx_word' id='word_1_140' title='bbox 1621 1501 1755 1530; x_wconf 83' lang='lat' dir='ltr'>unum</span> <span class='ocrx_word' id='word_1_141' title='bbox 1775 1488 1834 1531; x_wconf 72' lang='lat' dir='ltr'>em</span> 
     </span>
     <span class='ocr_line' id='line_1_18' title="bbox 358 1558 1836 1622; baseline 0.001 -18"><span class='ocrx_word' id='word_1_142' title='bbox 358 1567 516 1621; x_wconf 82' lang='lat' dir='ltr'>septem</span> <span class='ocrx_word' id='word_1_143' title='bbox 541 1558 647 1621; x_wconf 60' lang='grc' dir='ltr'>ἱερεῖς</span> <span class='ocrx_word' id='word_1_144' title='bbox 669 1559 941 1622; x_wconf 74' lang='lat' dir='ltr'>evanqelicae</span> <span class='ocrx_word' id='word_1_145' title='bbox 964 1560 1243 1605; x_wconf 76' lang='lat' dir='ltr'>sacramentis</span> <span class='ocrx_word' id='word_1_146' title='bbox 1266 1576 1295 1606; x_wconf 87' lang='lat' dir='ltr'>a</span> <span class='ocrx_word' id='word_1_147' title='bbox 1320 1559 1491 1606; x_wconf 80' lang='lat' dir='ltr'>Christo</span> <span class='ocrx_word' id='word_1_148' title='bbox 1507 1559 1688 1607; x_wconf 80' lang='lat' dir='ltr'>Domino</span> <span class='ocrx_word' id='word_1_149' title='bbox 1706 1559 1836 1607; x_wconf 51' lang='lat' dir='ltr'>insti-²</span> 
     </span>
     <span class='ocr_line' id='line_1_19' title="bbox 363 1638 1774 1680; baseline -0.002 0"><span class='ocrx_word' id='word_1_150' title='bbox 363 1643 548 1680; x_wconf 76' lang='lat' dir='ltr'>tutum.»</span> <span class='ocrx_word' id='word_1_151' title='bbox 1770 1638 1774 1677; x_wconf 78' lang='grc' dir='ltr'>ἶ</span> 
     </span>
    </p>

    <p class='ocr_par' dir='ltr' id='par_1_3' title="bbox 361 1709 1839 2538">
     <span class='ocr_line' id='line_1_20' title="bbox 455 1709 1838 1776; baseline 0.003 -20"><span class='ocrx_word' id='word_1_152' title='bbox 455 1709 652 1758; x_wconf 86' lang='lat' dir='ltr'>Assertio</span> <span class='ocrx_word' id='word_1_153' title='bbox 670 1721 795 1758; x_wconf 82' lang='lat' dir='ltr'>sexta</span> <span class='ocrx_word' id='word_1_154' title='bbox 811 1748 821 1767; x_wconf 83' lang='lat'><strong>‚</strong></span> <span class='ocrx_word' id='word_1_155' title='bbox 843 1710 966 1775; x_wconf 92' lang='lat' dir='ltr'>quod</span> <span class='ocrx_word' id='word_1_156' title='bbox 983 1710 1355 1759; x_wconf 89' lang='lat' dir='ltr'>indissolubilitas</span> <span class='ocrx_word' id='word_1_157' title='bbox 1379 1712 1575 1776; x_wconf 83' lang='lat' dir='ltr'>coniugii</span> <span class='ocrx_word' id='word_1_158' title='bbox 1599 1712 1838 1760; x_wconf 74' lang='lat' dir='ltr'>christiani</span> 
     </span>
     <span class='ocr_line' id='line_1_21' title="bbox 361 1786 1835 1853; baseline 0.002 -20"><span class='ocrx_word' id='word_1_159' title='bbox 361 1805 387 1833; x_wconf 88' lang='lat' dir='ltr'>a</span> <span class='ocrx_word' id='word_1_160' title='bbox 415 1787 605 1834; x_wconf 90' lang='lat' dir='ltr'>naturali</span> <span class='ocrx_word' id='word_1_161' title='bbox 636 1786 731 1850; x_wconf 80' lang='lat' dir='ltr'>lege</span> <span class='ocrx_word' id='word_1_162' title='bbox 763 1797 813 1834; x_wconf 90' lang='lat' dir='ltr'>ut</span> <span class='ocrx_word' id='word_1_163' title='bbox 845 1787 970 1852; x_wconf 88' lang='lat' dir='ltr'>prius</span> <span class='ocrx_word' id='word_1_164' title='bbox 1002 1788 1192 1853; x_wconf 86' lang='lat' dir='ltr'>expetita</span> <span class='ocrx_word' id='word_1_165' title='bbox 1226 1788 1452 1836; x_wconf 86' lang='lat' dir='ltr'>sanciatur</span> <span class='ocrx_word' id='word_1_166' title='bbox 1474 1806 1501 1835; x_wconf 90' lang='lat' dir='ltr'>a</span> <span class='ocrx_word' id='word_1_167' title='bbox 1527 1788 1700 1852; x_wconf 82' lang='lat' dir='ltr'>legibus</span> <span class='ocrx_word' id='word_1_168' title='bbox 1722 1788 1835 1837; x_wconf 67' lang='lat' dir='ltr'>civi-2</span> 
     </span>
     <span class='ocr_line' id='line_1_22' title="bbox 362 1863 1836 1930; baseline 0.003 -21"><span class='ocrx_word' id='word_1_169' title='bbox 362 1863 503 1919; x_wconf 81' lang='lat' dir='ltr'>libus,</span> <span class='ocrx_word' id='word_1_170' title='bbox 541 1874 676 1928; x_wconf 83' lang='lat' dir='ltr'>atque</span> <span class='ocrx_word' id='word_1_171' title='bbox 707 1863 891 1911; x_wconf 86' lang='lat' dir='ltr'>effectus</span> <span class='ocrx_word' id='word_1_172' title='bbox 927 1864 986 1911; x_wconf 88' lang='lat' dir='ltr'>sit</span> <span class='ocrx_word' id='word_1_173' title='bbox 1018 1864 1131 1928; x_wconf 81' lang='lat' dir='ltr'>legis</span> <span class='ocrx_word' id='word_1_174' title='bbox 1167 1864 1336 1921; x_wconf 87' lang='lat' dir='ltr'>civilis,</span> <span class='ocrx_word' id='word_1_175' title='bbox 1374 1875 1442 1912; x_wconf 90' lang='lat' dir='ltr'>est</span> <span class='ocrx_word' id='word_1_176' title='bbox 1472 1865 1592 1930; x_wconf 84' lang='lat' dir='ltr'>salsa</span> <span class='ocrx_word' id='word_1_177' title='bbox 1618 1874 1662 1913; x_wconf 88' lang='lat' dir='ltr'>et</span> <span class='ocrx_word' id='word_1_178' title='bbox 1684 1864 1836 1913; x_wconf 90' lang='lat' dir='ltr'>haere-</span> 
     </span>
     <span class='ocr_line' id='line_1_23' title="bbox 362 1936 1836 2004; baseline 0.002 -21"><span class='ocrx_word' id='word_1_179' title='bbox 362 1938 473 1995; x_wconf 89' lang='lat' dir='ltr'>tica;</span> <span class='ocrx_word' id='word_1_180' title='bbox 501 1939 618 2003; x_wconf 83' lang='lat' dir='ltr'>falsa</span> <span class='ocrx_word' id='word_1_181' title='bbox 640 1938 747 2003; x_wconf 89' lang='lat' dir='ltr'>quia</span> <span class='ocrx_word' id='word_1_182' title='bbox 764 1957 791 1986; x_wconf 90' lang='lat' dir='ltr'>a</span> <span class='ocrx_word' id='word_1_183' title='bbox 806 1940 898 1987; x_wconf 91' lang='lat' dir='ltr'>Deo</span> <span class='ocrx_word' id='word_1_184' title='bbox 922 1939 1022 2004; x_wconf 90' lang='lat' dir='ltr'>ipso</span> <span class='ocrx_word' id='word_1_185' title='bbox 1040 1936 1086 1986; x_wconf 87' lang='lat' dir='ltr'>in</span> <span class='ocrx_word' id='word_1_186' title='bbox 1105 1939 1313 2003; x_wconf 82' lang='lat' dir='ltr'>coniugio</span> <span class='ocrx_word' id='word_1_187' title='bbox 1346 1950 1706 2004; x_wconf 88' lang='lat' dir='ltr'>protoparentum</span> <span class='ocrx_word' id='word_1_188' title='bbox 1729 1956 1836 1992; x_wconf 86' lang='lat' dir='ltr'>con·-</span> 
     </span>
     <span class='ocr_line' id='line_1_24' title="bbox 364 2014 1839 2080; baseline 0.002 -20"><span class='ocrx_word' id='word_1_189' title='bbox 364 2014 518 2061; x_wconf 86' lang='lat' dir='ltr'>stituta</span> <span class='ocrx_word' id='word_1_190' title='bbox 560 2014 674 2071; x_wconf 85' lang='lat' dir='ltr'>fuit,</span> <span class='ocrx_word' id='word_1_191' title='bbox 712 2032 764 2062; x_wconf 89' lang='lat' dir='ltr'>ac</span> <span class='ocrx_word' id='word_1_192' title='bbox 804 2014 982 2062; x_wconf 90' lang='lat' dir='ltr'>demum</span> <span class='ocrx_word' id='word_1_193' title='bbox 1016 2032 1043 2062; x_wconf 93' lang='lat' dir='ltr'>a</span> <span class='ocrx_word' id='word_1_194' title='bbox 1078 2015 1257 2063; x_wconf 87' lang='lat' dir='ltr'>Christo</span> <span class='ocrx_word' id='word_1_195' title='bbox 1299 2015 1399 2080; x_wconf 91' lang='lat' dir='ltr'>ipso</span> <span class='ocrx_word' id='word_1_196' title='bbox 1443 2015 1702 2063; x_wconf 87' lang='lat' dir='ltr'>confirmata</span> <span class='ocrx_word' id='word_1_197' title='bbox 1745 2014 1839 2063; x_wconf 73' lang='lat' dir='ltr'>illis</span> 
     </span>
     <span class='ocr_line' id='line_1_25' title="bbox 362 2089 1837 2155; baseline 0.002 -18"><span class='ocrx_word' id='word_1_198' title='bbox 362 2089 533 2137; x_wconf 87' lang='lat' dir='ltr'>verbis:</span> <span class='ocrx_word' id='word_1_199' title='bbox 578 2091 690 2154; x_wconf 80' lang='lat' dir='ltr'>quod</span> <span class='ocrx_word' id='word_1_200' title='bbox 722 2092 838 2138; x_wconf 84' lang='lat' dir='ltr'>Deus</span> <span class='ocrx_word' id='word_1_201' title='bbox 871 2093 1110 2147; x_wconf 61' lang='lat' dir='ltr'>coniunx-it,</span> <span class='ocrx_word' id='word_1_202' title='bbox 1151 2092 1270 2138; x_wconf 80' lang='lat' dir='ltr'>homo</span> <span class='ocrx_word' id='word_1_203' title='bbox 1302 2109 1386 2138; x_wconf 80' lang='lat' dir='ltr'>non</span> <span class='ocrx_word' id='word_1_204' title='bbox 1418 2101 1621 2155; x_wconf 82' lang='lat' dir='ltr'>separet,</span> <span class='ocrx_word' id='word_1_205' title='bbox 1659 2091 1724 2140; x_wconf 82' lang='lat' dir='ltr'>uti</span> <span class='ocrx_word' id='word_1_206' title='bbox 1757 2090 1837 2140; x_wconf 85' lang='lat' dir='ltr'>de-</span> 
     </span>
     <span class='ocr_line' id='line_1_26' title="bbox 364 2166 1837 2233; baseline 0.002 -21"><span class='ocrx_word' id='word_1_207' title='bbox 364 2166 548 2213; x_wconf 86' lang='lat' dir='ltr'>claravit</span> <span class='ocrx_word' id='word_1_208' title='bbox 579 2184 704 2214; x_wconf 91' lang='lat' dir='ltr'>conc.</span> <span class='ocrx_word' id='word_1_209' title='bbox 733 2168 1020 2216; x_wconf 88' lang='lat' dir='ltr'>tridentinum</span> <span class='ocrx_word' id='word_1_210' title='bbox 1044 2169 1203 2231; x_wconf 76' lang='lat'>(156);</span> <span class='ocrx_word' id='word_1_211' title='bbox 1234 2168 1466 2223; x_wconf 79' lang='lat' dir='ltr'>haeretica,</span> <span class='ocrx_word' id='word_1_212' title='bbox 1497 2167 1606 2233; x_wconf 90' lang='lat' dir='ltr'>quia</span> <span class='ocrx_word' id='word_1_213' title='bbox 1628 2168 1837 2216; x_wconf 86' lang='lat' dir='ltr'>adversa·-</span> 
     </span>
     <span class='ocr_line' id='line_1_27' title="bbox 364 2242 1838 2309; baseline 0.002 -21"><span class='ocrx_word' id='word_1_214' title='bbox 364 2254 435 2289; x_wconf 87' lang='lat' dir='ltr'>tur</span> <span class='ocrx_word' id='word_1_215' title='bbox 467 2243 712 2291; x_wconf 89' lang='lat' dir='ltr'>canonibus</span> <span class='ocrx_word' id='word_1_216' title='bbox 743 2244 793 2291; x_wconf 72' lang='lat' dir='ltr'>V&#39;.</span> <span class='ocrx_word' id='word_1_217' title='bbox 822 2254 864 2292; x_wconf 91' lang='lat' dir='ltr'>et</span> <span class='ocrx_word' id='word_1_218' title='bbox 891 2242 982 2291; x_wconf 54' lang='lat' dir='ltr'>Vll‘.</span> <span class='ocrx_word' id='word_1_219' title='bbox 1011 2243 1213 2292; x_wconf 89' lang='lat' dir='ltr'>eiusdem</span> <span class='ocrx_word' id='word_1_220' title='bbox 1252 2243 1461 2302; x_wconf 88' lang='lat' dir='ltr'>concilii,</span> <span class='ocrx_word' id='word_1_221' title='bbox 1498 2243 1661 2309; x_wconf 86' lang='lat' dir='ltr'>quibus</span> <span class='ocrx_word' id='word_1_222' title='bbox 1693 2244 1838 2307; x_wconf 87' lang='lat' dir='ltr'>omni-</span> 
     </span>
     <span class='ocr_line' id='line_1_28' title="bbox 365 2318 1838 2368; baseline 0.002 -4"><span class='ocrx_word' id='word_1_223' title='bbox 365 2318 496 2365; x_wconf 88' lang='lat' dir='ltr'>moda</span> <span class='ocrx_word' id='word_1_224' title='bbox 539 2319 808 2367; x_wconf 88' lang='lat' dir='ltr'>matrimonii</span> <span class='ocrx_word' id='word_1_225' title='bbox 848 2320 1081 2368; x_wconf 91' lang='lat' dir='ltr'>christiani</span> <span class='ocrx_word' id='word_1_226' title='bbox 1123 2320 1420 2368; x_wconf 89' lang='lat' dir='ltr'>consummati</span> <span class='ocrx_word' id='word_1_227' title='bbox 1463 2320 1838 2368; x_wconf 84' lang='lat' dir='ltr'>indissolubilitas</span> 
     </span>
     <span class='ocr_line' id='line_1_29' title="bbox 368 2394 1839 2461; baseline 0.001 -20"><span class='ocrx_word' id='word_1_228' title='bbox 368 2394 626 2442; x_wconf 83' lang='lat' dir='ltr'>adstruitur.</span> <span class='ocrx_word' id='word_1_229' title='bbox 651 2394 858 2461; x_wconf 90' lang='lat' dir='ltr'>Alioquin</span> <span class='ocrx_word' id='word_1_230' title='bbox 884 2398 922 2444; x_wconf 92' lang='lat' dir='ltr'>si</span> <span class='ocrx_word' id='word_1_231' title='bbox 947 2397 1321 2445; x_wconf 89' lang='lat' dir='ltr'>indissolubilitas</span> <span class='ocrx_word' id='word_1_232' title='bbox 1346 2414 1373 2444; x_wconf 88' lang='lat' dir='ltr'>a</span> <span class='ocrx_word' id='word_1_233' title='bbox 1396 2397 1625 2445; x_wconf 82' lang='lat' dir='ltr'>sanctione</span> <span class='ocrx_word' id='word_1_234' title='bbox 1645 2397 1758 2461; x_wconf 81' lang='lat' dir='ltr'>legis</span> <span class='ocrx_word' id='word_1_235' title='bbox 1775 2397 1839 2444; x_wconf 92' lang='lat' dir='ltr'>ci-</span> 
     </span>
     <span class='ocr_line' id='line_1_30' title="bbox 367 2469 1833 2538; baseline 0.002 -22"><span class='ocrx_word' id='word_1_236' title='bbox 367 2469 470 2517; x_wconf 89' lang='lat' dir='ltr'>vilis</span> <span class='ocrx_word' id='word_1_237' title='bbox 499 2470 728 2535; x_wconf 90' lang='lat' dir='ltr'>penderet,</span> <span class='ocrx_word' id='word_1_238' title='bbox 758 2471 815 2518; x_wconf 88' lang='lat' dir='ltr'>ab</span> <span class='ocrx_word' id='word_1_239' title='bbox 838 2472 993 2519; x_wconf 89' lang='lat' dir='ltr'>eadem</span> <span class='ocrx_word' id='word_1_240' title='bbox 1019 2473 1230 2538; x_wconf 89' lang='lat' dir='ltr'>penderet</span> <span class='ocrx_word' id='word_1_241' title='bbox 1256 2473 1459 2521; x_wconf 86' lang='lat' dir='ltr'>eiusdem</span> <span class='ocrx_word' id='word_1_242' title='bbox 1489 2472 1833 2521; x_wconf 61' lang='lat' dir='ltr'>dissolubilius.</span> 
     </span>
    </p>
   </div>
   <div class='ocr_carea' id='block_1_3' title="bbox 367 2606 1839 2911">
    <p class='ocr_par' dir='ltr' id='par_1_4' title="bbox 367 2606 1839 2859">
     <span class='ocr_line' id='line_1_31' title="bbox 369 2606 1836 2649; baseline 0.001 -12"><span class='ocrx_word' id='word_1_243' title='bbox 369 2606 617 2645; x_wconf 75' lang='lat' dir='ltr'>ecclesiastica,</span> <span class='ocrx_word' id='word_1_244' title='bbox 637 2607 716 2638; x_wconf 87' lang='lat' dir='ltr'>tom.</span> <span class='ocrx_word' id='word_1_245' title='bbox 734 2607 789 2638; x_wconf 88' lang='lat' dir='ltr'>lv.</span> <span class='ocrx_word' id='word_1_246' title='bbox 806 2614 877 2646; x_wconf 83' lang='lat' dir='ltr'>pag.</span> <span class='ocrx_word' id='word_1_247' title='bbox 895 2609 953 2639; x_wconf 84' lang='grc'>597</span> <span class='ocrx_word' id='word_1_248' title='bbox 970 2615 1061 2648; x_wconf 86' lang='lat' dir='ltr'>seqq.</span> <span class='ocrx_word' id='word_1_249' title='bbox 1078 2608 1215 2649; x_wconf 84' lang='lat' dir='ltr'>Phillips</span> <span class='ocrx_word' id='word_1_250' title='bbox 1228 2611 1287 2641; x_wconf 82' lang='lat' dir='ltr'>Du</span> <span class='ocrx_word' id='word_1_251' title='bbox 1302 2607 1396 2641; x_wconf 74' lang='lat' dir='ltr'>droit</span> <span class='ocrx_word' id='word_1_252' title='bbox 1413 2607 1686 2648; x_wconf 76' lang='lat' dir='ltr'>ecclesiastique,</span> <span class='ocrx_word' id='word_1_253' title='bbox 1700 2607 1780 2639; x_wconf 83' lang='lat' dir='ltr'>tom.</span> <span class='ocrx_word' id='word_1_254' title='bbox 1794 2607 1836 2639; x_wconf 87' lang='lat'>11.</span> 
     </span>
     <span class='ocr_line' id='line_1_32' title="bbox 367 2658 1838 2702; baseline 0.001 -12"><span class='ocrx_word' id='word_1_255' title='bbox 367 2658 396 2698; x_wconf 85' lang='lat'>§.</span> <span class='ocrx_word' id='word_1_256' title='bbox 415 2660 514 2691; x_wconf 85' lang='lat' dir='ltr'>oxu.</span> <span class='ocrx_word' id='word_1_257' title='bbox 531 2664 561 2691; x_wconf 79' lang='lat'>2.</span> <span class='ocrx_word' id='word_1_258' title='bbox 580 2658 839 2700; x_wconf 72' lang='lat' dir='ltr'>Independence</span> <span class='ocrx_word' id='word_1_259' title='bbox 861 2658 904 2691; x_wconf 83' lang='lat' dir='ltr'>de</span> <span class='ocrx_word' id='word_1_260' title='bbox 927 2658 1053 2700; x_wconf 72' lang='lat' dir='ltr'>l’e‘qtise</span> <span class='ocrx_word' id='word_1_261' title='bbox 1074 2660 1162 2693; x_wconf 81' lang='lat' dir='ltr'>dans</span> <span class='ocrx_word' id='word_1_262' title='bbox 1187 2669 1229 2693; x_wconf 86' lang='lat' dir='ltr'>sa</span> <span class='ocrx_word' id='word_1_263' title='bbox 1245 2662 1431 2702; x_wconf 78' lang='lat' dir='ltr'>puissance</span> <span class='ocrx_word' id='word_1_264' title='bbox 1453 2659 1662 2701; x_wconf 66' lang='lat' dir='ltr'>leqsslaerice</span> <span class='ocrx_word' id='word_1_265' title='bbox 1681 2661 1716 2691; x_wconf 79' lang='lat' dir='ltr'>et</span> <span class='ocrx_word' id='word_1_266' title='bbox 1727 2659 1838 2699; x_wconf 65' lang='lat' dir='ltr'>juris-</span> 
     </span>
     <span class='ocr_line' id='line_1_33' title="bbox 369 2710 1836 2755; baseline 0.001 -13"><span class='ocrx_word' id='word_1_267' title='bbox 369 2710 618 2750; x_wconf 72' lang='lat' dir='ltr'>dictionnelle5</span> <span class='ocrx_word' id='word_1_268' title='bbox 645 2711 722 2744; x_wconf 82' lang='lat' dir='ltr'>item</span> <span class='ocrx_word' id='word_1_269' title='bbox 743 2711 893 2752; x_wconf 76' lang='lat' dir='ltr'>Mai-gotti</span> <span class='ocrx_word' id='word_1_270' title='bbox 915 2720 969 2752; x_wconf 89' lang='lat' dir='ltr'>op.</span> <span class='ocrx_word' id='word_1_271' title='bbox 997 2712 1052 2743; x_wconf 89' lang='lat' dir='ltr'>cit.</span> <span class='ocrx_word' id='word_1_272' title='bbox 1082 2714 1246 2746; x_wconf 75' lang='lat' dir='ltr'>Processu</span> <span class='ocrx_word' id='word_1_273' title='bbox 1267 2713 1304 2746; x_wconf 75' lang='lat' dir='ltr'>di</span> <span class='ocrx_word' id='word_1_274' title='bbox 1322 2715 1561 2755; x_wconf 81' lang='lat' dir='ltr'>Nepomuceno</span> <span class='ocrx_word' id='word_1_275' title='bbox 1581 2713 1697 2754; x_wconf 78' lang='lat' dir='ltr'>Nuytz</span> <span class='ocrx_word' id='word_1_276' title='bbox 1717 2711 1748 2753; x_wconf 92' lang='lat'>§.</span> <span class='ocrx_word' id='word_1_277' title='bbox 1764 2713 1836 2744; x_wconf 82' lang='lat' dir='ltr'>vn.</span> 
     </span>
     <span class='ocr_line' id='line_1_34' title="bbox 374 2762 1839 2805; baseline 0.002 -12"><span class='ocrx_word' id='word_1_278' title='bbox 374 2763 519 2796; x_wconf 66' lang='lat' dir='ltr'>podest&amp;</span> <span class='ocrx_word' id='word_1_279' title='bbox 538 2763 635 2796; x_wconf 85' lang='lat' dir='ltr'>della</span> <span class='ocrx_word' id='word_1_280' title='bbox 656 2762 785 2797; x_wconf 79' lang='lat' dir='ltr'>chiesa.</span> <span class='ocrx_word' id='word_1_281' title='bbox 799 2764 959 2805; x_wconf 78' lang='lat' dir='ltr'>Taparelli</span> <span class='ocrx_word' id='word_1_282' title='bbox 979 2766 1102 2805; x_wconf 75' lang='lat' dir='ltr'>saqqio</span> <span class='ocrx_word' id='word_1_283' title='bbox 1125 2767 1285 2798; x_wconf 76' lang='lat' dir='ltr'>teorett&#39;co</span> <span class='ocrx_word' id='word_1_284' title='bbox 1305 2765 1343 2798; x_wconf 77' lang='lat' dir='ltr'>di</span> <span class='ocrx_word' id='word_1_285' title='bbox 1364 2764 1487 2797; x_wconf 72' lang='lat' dir='ltr'>dir-icco</span> <span class='ocrx_word' id='word_1_286' title='bbox 1508 2763 1693 2805; x_wconf 71' lang='lat' dir='ltr'>naturale,</span> <span class='ocrx_word' id='word_1_287' title='bbox 1723 2763 1839 2797; x_wconf 77' lang='lat' dir='ltr'>disser-</span> 
     </span>
     <span class='ocr_line' id='line_1_35' title="bbox 369 2817 1590 2859; baseline 0.003 -12"><span class='ocrx_word' id='word_1_288' title='bbox 369 2817 429 2848; x_wconf 64' lang='grc' dir='ltr'>ηπ.</span> <span class='ocrx_word' id='word_1_289' title='bbox 448 2818 520 2849; x_wconf 85' lang='lat' dir='ltr'>vn.</span> <span class='ocrx_word' id='word_1_290' title='bbox 535 2817 565 2859; x_wconf 85' lang='lat'>§.</span> <span class='ocrx_word' id='word_1_291' title='bbox 580 2819 638 2850; x_wconf 83' lang='grc' dir='ltr'><strong>ΙΙΙ.</strong></span> <span class='ocrx_word' id='word_1_292' title='bbox 651 2826 684 2850; x_wconf 84' lang='grc' dir='ltr'>ιι.</span> <span class='ocrx_word' id='word_1_293' title='bbox 703 2820 791 2850; x_wconf 77' lang='lat'>1482.</span> <span class='ocrx_word' id='word_1_294' title='bbox 808 2819 930 2850; x_wconf 76' lang='lat' dir='ltr'>Petere</span> <span class='ocrx_word' id='word_1_295' title='bbox 950 2819 1103 2850; x_wconf 75' lang='lat' dir='ltr'>coattivo</span> <span class='ocrx_word' id='word_1_296' title='bbox 1121 2817 1218 2851; x_wconf 84' lang='lat' dir='ltr'>della</span> <span class='ocrx_word' id='word_1_297' title='bbox 1235 2818 1363 2851; x_wconf 72' lang='lat' dir='ltr'>chiesa.</span> <span class='ocrx_word' id='word_1_298' title='bbox 1380 2819 1486 2850; x_wconf 84' lang='lat' dir='ltr'>Roma</span> <span class='ocrx_word' id='word_1_299' title='bbox 1500 2822 1590 2851; x_wconf 72' lang='lat'>1855.</span> 
     </span>
    </p>

    <p class='ocr_par' dir='ltr' id='par_1_5' title="bbox 391 2869 1738 2911">
     <span class='ocr_line' id='line_1_36' title="bbox 391 2869 1738 2911; baseline 0.001 -10"><span class='ocrx_word' id='word_1_300' title='bbox 391 2883 394 2886; x_wconf 25' lang='grc' dir='ltr'><strong>Δ</strong></span> <span class='ocrx_word' id='word_1_301' title='bbox 465 2870 551 2910; x_wconf 76' lang='grc'><strong>(156)</strong></span> <span class='ocrx_word' id='word_1_302' title='bbox 573 2871 608 2902; x_wconf 87' lang='lat' dir='ltr'>ln</span> <span class='ocrx_word' id='word_1_303' title='bbox 634 2871 802 2903; x_wconf 73' lang='lat' dir='ltr'>Doctrina</span> <span class='ocrx_word' id='word_1_304' title='bbox 821 2869 864 2903; x_wconf 82' lang='lat' dir='ltr'>de</span> <span class='ocrx_word' id='word_1_305' title='bbox 882 2872 1099 2903; x_wconf 73' lang='lat' dir='ltr'>sacmzmcnto</span> <span class='ocrx_word' id='word_1_306' title='bbox 1121 2872 1334 2903; x_wconf 72' lang='lat' dir='ltr'>matrimonii</span> <span class='ocrx_word' id='word_1_307' title='bbox 1356 2870 1529 2911; x_wconf 76' lang='lat' dir='ltr'>praemissa</span> <span class='ocrx_word' id='word_1_308' title='bbox 1550 2870 1738 2903; x_wconf 76' lang='lat' dir='ltr'>canonibus.</span> 
     </span>
    </p>
   </div>
  </div>
 </body>
</html>
