1980 3260
229 228 318 259 cir.
336 226 460 258 111-1113
480 224 594 257 scm..
610 224 771 256 rornsr.
791 220 1398 256 msr.1N1ur.uArn.n1n.Anr.
1417 220 1477 251 111.
1521 204 1610 249 127

155 304 354 352 solvitur.
394 302 565 349 Etenim
607 301 719 349 salsa
756 311 825 348 est
856 299 1052 347 exhibita
1084 298 1284 345 definitio
1327 297 1371 344 in
1406 313 1458 344 eo
1494 296 1612 361 quod

153 379 315 426 dicitur
348 378 690 442 impedimentum
718 378 916 424 exercitii
939 376 1213 440 propriorum
1246 375 1422 421 iuriam.
1462 372 1613 438 Siqui-

154 455 255 503 dem
273 454 489 503 eiusmodi
506 453 704 502 definitio
723 470 810 501 non
828 451 1081 500 verificatur
1097 450 1244 516 quoad
1268 449 1543 512 delegantem
1563 466 1616 496 ac

155 531 420 594 delegatum.
449 530 620 578 Etenim
644 529 872 592 delegatus
906 527 1075 574 nullum
1101 527 1170 573 ius
1205 526 1429 591 proprium
1454 525 1611 581 habet,

158 606 235 653 sed
270 606 341 654 ius
375 622 505 654 omne
541 604 674 651 unice
706 603 876 651 derivat
908 620 961 649 ex
1001 601 1256 664 delegante,
1295 600 1372 664 qui
1407 601 1445 648 si
1480 610 1616 647 retra-

157 682 235 729 hat
266 697 522 730 concessam
557 679 808 726 facultatem
831 715 841 734 ,
879 677 997 724 illico
1031 687 1178 724 cessat
1208 687 1251 724 et
1289 676 1513 724 evanescit
1545 676 1615 722 ius

157 774 286 804 omne
319 757 366 802 in
397 754 621 818 delegato,
651 764 700 801 ut
723 771 802 818 per
824 770 873 800 se
897 763 1031 816 patet.

252 831 428 879 Falsum
452 839 677 894 praeterea
700 839 767 875 est
787 828 906 892 quod
930 828 993 875 ait
1015 827 1295 875 adversarius
1312 865 1321 882 ‚
1356 828 1617 875 reservatio-

157 923 257 954 nem
281 904 522 970 superioris
547 913 750 968 respectu
774 902 994 949 inferioris
1015 902 1159 949 locum
1184 901 1347 953 habere
1372 918 1460 948 non
1486 918 1619 965 posse

157 980 304 1046 quoad
332 979 586 1045 pontificem
620 978 754 1026 relate
777 977 834 1026 ad
869 978 1104 1042 episcopos
1125 1016 1134 1033 ,
1163 995 1301 1041 quum
1335 994 1484 1024 eorum
1522 978 1619 1024 iura

159 1057 248 1104 sint
279 1054 656 1118 inextinguibilia,
696 1072 775 1101 seu
809 1053 1152 1117 independentia
1185 1063 1317 1117 prout
1355 1063 1424 1100 est
1462 1053 1568 1100 ordo
1593 1071 1618 1100 a

158 1149 248 1197 quo
273 1131 549 1197 proveniunt.
578 1131 686 1178 Nam
710 1147 810 1177 cum
835 1129 943 1176 haec
967 1129 1150 1185 asserit,
1179 1129 1276 1192 ipse
1302 1146 1379 1193 pro
1403 1139 1520 1176 certo
1544 1147 1620 1176 su—

158 1207 238 1254 mit
255 1209 299 1254 1.
330 1206 427 1254 iura
448 1207 756 1272 episcoporum
779 1205 824 1252 in
850 1222 895 1251 re
919 1204 974 1251 de
998 1222 1088 1270 qua
1111 1205 1287 1268 agimus
1312 1205 1544 1269 provenire
1567 1223 1620 1253 ex

160 1292 376 1348 potestate
409 1283 604 1339 ordinis,
642 1299 741 1330 cum
766 1292 911 1329 tamen
938 1299 1024 1328 non
1049 1281 1309 1346 proveniant
1343 1281 1430 1328 nisi
1462 1299 1513 1328 ex
1543 1299 1620 1346 po·

161 1368 313 1406 testate
348 1357 695 1414 iurisdictionis;
754 1359 797 1404 2.
849 1356 1035 1404 assumit
1067 1356 1181 1403 inter
1220 1357 1316 1403 iura
1351 1357 1621 1421 episcopalia

160 1434 290 1481 etiam
326 1434 396 1480 ius
421 1451 499 1498 per
522 1451 570 1481 se
595 1433 775 1498 reperiri
811 1432 1035 1480 relaxandi
1061 1432 1375 1496 impedimenta
1409 1433 1620 1480 dirimen-

161 1509 251 1566 tia,
289 1508 408 1573 quod
443 1519 588 1556 tamen
622 1526 720 1556 esse
754 1509 933 1557 omnino
968 1526 994 1555 a
1029 1508 1208 1556 veritate
1242 1508 1437 1555 alienum
1472 1509 1621 1555 multi-

161 1584 265 1647 plici
289 1602 342 1631 ex
369 1584 511 1649 capite
533 1585 838 1640 ostendimus;
881 1587 923 1630 3.
964 1584 1151 1631 assumit
1186 1585 1256 1631 ius
1290 1584 1399 1631 illud
1423 1601 1523 1631 esse
1553 1584 1621 1629 in-

161 1659 446 1722 extinguibile
463 1698 472 1716 ‚
502 1660 562 1706 ita
585 1670 658 1716 ut,
688 1661 725 1707 si
750 1678 836 1708 non
861 1660 1061 1707 obstante
1086 1660 1404 1715 reservatione,
1427 1660 1622 1707 tribuant

162 1736 358 1800 episcopi
394 1736 656 1784 solutionem
691 1738 747 1783 ab
782 1737 1108 1802 impedimentis
1132 1774 1141 1792 ,
1170 1753 1222 1783 ea
1255 1736 1432 1799 quidem
1470 1736 1623 1783 illicita

163 1812 244 1867 sit,
289 1829 375 1859 non
406 1824 551 1859 autem
586 1813 803 1869 invalida,
841 1831 940 1860 cum
976 1824 1122 1860 tamen
1157 1823 1200 1858 et
1234 1812 1387 1859 illicita
1421 1823 1463 1858 et
1502 1812 1622 1859 inva-

162 1888 253 1934 lida
277 1888 333 1935 sit
356 1926 365 1944 ,
402 1900 552 1953 utpote
576 1889 679 1936 data
698 1889 753 1936 ab
786 1906 837 1936 eo
855 1927 864 1945 ‚
903 1889 979 1953 qui
1006 1888 1126 1935 nulla
1152 1889 1316 1952 potitur
1342 1889 1616 1936 auctoritate.

163 1964 271 2010 Nam
300 1964 470 2011 etiamsi
496 1965 831 2021 concederetur,
859 1965 976 2029 quod
1001 1964 1162 2010 falsum
1187 1963 1514 2019 existimamus,
1554 1964 1622 2010 iu-

164 2039 461 2087 risdictionem
504 2041 812 2105 episcoporum
853 2040 1125 2103 singulorum
1170 2057 1270 2086 esse
1313 2039 1565 2087 immediate
1597 2057 1624 2087 a

163 2114 363 2170 Christo,
401 2128 699 2163 verumtamen
736 2117 778 2162 in
813 2116 908 2163 eius
933 2116 1138 2164 exercitio
1167 2115 1228 2162 ita
1251 2115 1441 2163 obnoxia
1468 2126 1535 2163 est
1558 2127 1624 2163 to-

165 2190 251 2237 tius
268 2190 482 2238 ecclesiae
506 2192 667 2255 capiti,
695 2209 774 2238 seu
810 2209 918 2239 rom.
948 2191 1171 2255 pontifici,
1201 2202 1250 2238 ut
1281 2191 1404 2238 irrita
1433 2192 1624 2239 evadant

164 2277 287 2323 aeta,
317 2285 430 2332 quae
465 2267 562 2314 sine
596 2268 822 2332 pontificia
858 2268 1118 2316 auctoritate
1151 2267 1288 2315 multo
1321 2285 1425 2315 vero
1449 2268 1620 2331 magis,

164 2360 280 2406 quae
305 2354 456 2390 contra
489 2343 585 2390 eius
609 2344 910 2392 auctoritatem
936 2354 1228 2409 ponerentur:
1272 2346 1315 2390 4.
1349 2344 1526 2391 demum
1551 2362 1624 2391 as-

165 2419 322 2475 sumit,
351 2420 469 2485 quod
497 2420 656 2468 salsum
680 2421 859 2469 omnino
882 2432 976 2478 est,
1005 2422 1133 2486 quasi
1159 2421 1342 2486 perinde
1367 2421 1424 2467 sit
1453 2420 1623 2485 aliquid

165 2512 264 2541 esse
301 2496 630 2559 ineoetinquibile
654 2534 663 2550 ,
704 2514 754 2543 ac
794 2496 1106 2561 independens‚·
1143 2508 1285 2561 potest
1317 2497 1433 2543 enim
1474 2497 1624 2561 aliqua

166 2582 358 2634 potestas
383 2589 482 2619 esse
516 2573 892 2636 inextinguibilis,
931 2591 1046 2638 quae
1081 2584 1227 2621 tamen
1262 2573 1387 2620 alteri
1423 2572 1625 2620 subordi-

168 2658 268 2694 nata
293 2659 366 2695 sit.

262 2723 479 2778 Quoniam
503 2742 605 2773 vero
629 2725 910 2773 adversarius
935 2727 978 2773 in
1003 2727 1196 2774 medium
1222 2727 1348 2774 affert
1370 2724 1621 2791 exemplum

169 2799 475 2857 sacerdotum,
514 2802 588 2865 qui
625 2801 721 2849 sine
762 2802 1064 2851 iurisdictione
1104 2803 1414 2867 impertiuntur
1448 2801 1626 2849 absolu-
