1980 3260
336 226 426 273 254
652 235 733 267 Lm.
761 235 806 266 11.
835 234 949 267 secr.
980 234 1009 264 1.
1032 234 1084 265 m:
1111 232 1276 265 rorssr.
1307 232 1475 266 nectus.

336 318 405 364 ius
429 330 557 362 suum
582 312 628 358 in
652 328 804 359 eorum
827 311 960 358 etiam
988 308 1271 356 matrimonia
1304 308 1453 356 adhuc
1474 309 1582 356 dum
1610 319 1799 361 tueatur.

334 387 617 437 Accusabunt
642 385 877 434 ecclesiam
907 384 1092 450 perinde
1126 399 1180 431 ac
1213 383 1252 430 si
1288 383 1375 431 sibi
1404 384 1449 430 in
1479 401 1557 432 eos
1585 385 1658 432 ius
1685 404 1809 445 arro-

338 475 435 528 get,
474 462 550 528 qui
584 462 682 509 eius
716 461 963 509 auctoritati
989 478 1077 508 non
1102 459 1310 507 subsunt.
1332 459 1388 506 At
1408 477 1514 507 num
1542 460 1644 509 ideo
1667 463 1810 511 eccle-

336 540 405 587 sia
423 539 492 585 ius
510 537 692 595 amittit,
716 538 822 602 quia
840 536 1016 583 ribelles
1035 535 1203 583 subditi
1221 535 1517 583 obedientiam
1537 536 1811 586 detrectant?

335 617 449 662 Num
483 613 817 679 protestantium
852 613 946 660 irae
970 622 1013 660 et
1040 611 1248 678 querelae
1288 611 1484 660 efficient
1508 623 1559 660 ut
1584 613 1813 662 matrimo-

337 692 437 747 nia,
477 707 594 755 quae
626 707 680 737 ex
713 689 929 737 ecclesiae
971 688 1069 753 lege
1103 699 1208 737 sunt
1249 689 1400 747 irrita,
1439 688 1590 736 valida
1623 687 1815 737 evadant

338 785 391 815 ac
423 765 656 830 legitima?
684 766 730 812 Si
759 765 1038 814 clandestina
1061 766 1383 814 haereticorum
1407 766 1817 814 matrimonia-sunt

338 844 463 891 irrita
485 881 495 901 ,
534 842 746 891 haeretici
788 842 910 891 nullo
953 843 1084 891 modo
1117 843 1174 890 de
1211 842 1401 890 ecclesia
1433 842 1562 907 queri
1599 852 1810 908 possunt,

338 937 455 986 quae
487 920 584 967 iure
612 937 694 967 suo
727 919 865 966 utitur
893 919 1258 985 impedimentum
1287 918 1661 967 clandestinitatis
1685 919 1816 967 insti-

339 996 519 1044 tuendo.
559 995 762 1042 Ceterum
802 995 994 1060 practice
1023 1012 1111 1042 non
1142 1005 1211 1042 est
1238 1012 1317 1042 cur
1346 995 1432 1042 hac
1461 995 1679 1043 sententia
1713 1012 1817 1061 pro-

340 1082 553 1121 testantes
567 1110 578 1130 ,
600 1083 677 1119 aut
693 1071 927 1119 acatholici
946 1072 992 1118 in
1011 1089 1172 1135 genere
1191 1071 1430 1119 admodum
1456 1082 1812 1136 permoveantur.

435 1148 610 1195 Etenim
651 1157 826 1212 praeter
860 1164 994 1212 quam
1031 1147 1151 1212 quod
1183 1147 1240 1194 ad
1274 1164 1430 1195 omnes
1461 1147 1554 1194 fere
1584 1147 1812 1211 regiones,

340 1241 456 1290 quae
490 1223 741 1272 subduntur
774 1223 1052 1288 principibus
1088 1223 1351 1271 acatholicis
1386 1232 1570 1271 extensa
1592 1222 1818 1272 est-bene-

340 1301 509 1348 dictina
530 1300 807 1357 Declaratio,
842 1317 931 1364 qua
960 1299 1110 1347 valida
1138 1299 1437 1347 decernuntur
1463 1299 1689 1348 connubia
1709 1300 1820 1348 utri-

341 1393 486 1441 usque
523 1376 724 1440 speciei,
769 1376 904 1423 immo
943 1376 1076 1423 etiam
1117 1377 1388 1441 quandoque
1427 1377 1485 1424 ad
1525 1376 1729 1440 regiones
1770 1376 1817 1423 in

343 1452 508 1518 quibus
528 1452 752 1518 principes
775 1452 981 1500 catholici
1005 1452 1306 1510 dominantur,
1327 1462 1377 1500 ut
1399 1453 1446 1499 in
1471 1453 1725 1518 insequenti
1748 1469 1822 1500 ar-

342 1528 477 1577 ticulo
506 1529 654 1577 allatis
682 1529 959 1577 documentis
990 1529 1300 1587 ostendemus,
1334 1529 1450 1578 duae
1485 1529 1591 1578 illae
1612 1546 1726 1595 quas
1749 1547 1821 1578 re-

344 1605 600 1653 censuimus
635 1605 700 1652 Pii
722 1606 816 1652 Vll.
838 1605 986 1654 verbis
1011 1606 1316 1671 exceptiones,
1343 1605 1466 1654 haud
1489 1623 1648 1671 parum
1675 1606 1825 1654 confe-

345 1691 447 1729 runt
463 1681 520 1729 ad
538 1681 905 1747 tranquillitatem
931 1681 1247 1729 inducendam.
1273 1682 1488 1738 Quamvis
1511 1682 1634 1729 enim
1657 1679 1826 1730 alieubi>

345 1757 402 1804 ab
420 1757 544 1806 initio
563 1757 838 1823 publicatum
857 1757 989 1805 fuerit
1006 1757 1296 1805 tridentinum
1323 1757 1550 1805 decretum
1567 1795 1578 1815 ,
1607 1758 1647 1805 si
1671 1767 1820 1805 tamen

346 1833 404 1881 ob
439 1851 584 1881 rerum
621 1833 973 1899 perturbationes
1014 1851 1067 1882 ac
1103 1833 1439 1882 vicissitudines
1474 1843 1552 1881 aut
1586 1850 1824 1898 numquam

348 1908 478 1956 fuerit
504 1909 784 1957 observatum
802 1947 812 1966 ,
851 1919 928 1957 aut
956 1926 984 1956 a
1018 1908 1159 1957 multo
1192 1909 1389 1975 tempore
1420 1909 1468 1956 in
1499 1909 1822 1956 desuetudinem

350 1982 528 2042 abierit,
555 1985 738 2049 perinde
764 1995 832 2033 est
859 1985 916 2032 ad
939 1985 1147 2033 effectum
1162 2023 1173 2043 ,
1201 1985 1322 2051 quod
1347 1985 1524 2043 attinet,
1551 2002 1604 2033 ac
1626 1984 1666 2033 si
1690 2002 1821 2032 num-

350 2076 483 2123 quam
510 2060 832 2124 promulgatum
852 2061 1037 2118 suisset;
1059 2061 1261 2127 adeoque
1277 2061 1487 2124 coniugia
1515 2077 1651 2126 quae,
1677 2060 1821 2109 forma

351 2135 578 2183 tridentini
605 2137 819 2200 neglecta,
843 2139 939 2187 sive
955 2156 1104 2187 coram
1123 2138 1328 2186 ministro
1346 2137 1570 2186 haeretico
1587 2176 1598 2195 ,
1628 2137 1723 2186 sive
1745 2154 1820 2186 co-

353 2229 447 2259 ram
476 2212 737 2275 magistratu
765 2214 985 2263 celebrata
1014 2225 1141 2273 sunt,
1170 2214 1442 2281 quicumque
1465 2214 1631 2262 fuerint
1651 2225 1827 2263 contra-

351 2286 508 2335 hentes
525 2325 536 2344 ,
558 2304 611 2334 ex
629 2288 942 2352 impedimento
966 2290 1340 2340 clandestinitatis
1364 2308 1453 2339 non
1478 2301 1584 2339 sunt
1606 2290 1819 2339 invalida.

446 2362 649 2421 Accedit,
677 2363 723 2410 in
748 2366 973 2415 nonnullis
998 2367 1297 2432 peculiaribus
1323 2384 1469 2414 rerum
1493 2366 1742 2424 adiunctis,
1761 2365 1826 2413 uti

354 2449 528 2488 constat
539 2456 592 2487 ex
605 2439 751 2488 allatis
768 2441 1060 2501 documentis,
1076 2455 1274 2493 sanctam
1288 2443 1439 2492 sedem
1458 2442 1820 2507 praescripsisse,

353 2525 402 2563 ut
424 2516 566 2581 si'qui
590 2516 636 2564 in
659 2516 777 2565 bona
801 2518 912 2575 fide,
942 2531 991 2567 ut
1014 2520 1163 2579 aiunt,
1193 2521 1312 2569 circa
1335 2520 1470 2568 initas
1500 2519 1680 2584 nuptias
1702 2534 1825 2583 repe-

354 2594 549 2651 riantur,
583 2594 630 2640 in
660 2594 817 2642 eadem
852 2595 1159 2661 relinquantur
1176 2636 1186 2655 ,
1224 2613 1371 2663 neque
1399 2595 1540 2644 arceri
1557 2633 1569 2651 ,
1602 2595 1640 2642 si
1670 2594 1728 2641 ad
1757 2611 1828 2642 ca-

354 2667 564 2717 tholicam
594 2669 727 2718 fidem
755 2672 1052 2736 pervenerint,
1076 2691 1103 2720 a
1121 2682 1496 2721 sacramentorum
1518 2669 1819 2735 susceptione,

357 2754 433 2791 aut
476 2745 636 2810 quavis
674 2746 846 2795 ratione
884 2747 940 2795 iis
976 2750 1115 2796 creari
1162 2748 1369 2798 molestia
1403 2747 1576 2796 debeat.
1618 2746 1746 2804 Quod
1784 2746 1822 2793 si

356 2830 455 2884 post
473 2832 548 2870 aut
565 2822 793 2871 amborum
817 2824 1077 2887 coniugum,
1105 2837 1181 2873 aut
1207 2824 1464 2874 alterutrius
1489 2823 1825 2873 conversionem
