1980 3260
326 258 415 303 166
640 265 721 298 Lm.
750 265 796 296 11.
825 264 939 297 sacr.
968 263 998 294 1.
1027 262 1079 293 ns
1104 261 1269 293 rornsr.
1300 261 1469 293 necrus.

323 349 380 397 ad
409 346 674 394 Clementem
708 342 836 398 X11.‚
875 342 972 405 ipse
1003 339 1264 404 rescripsit:
1308 338 1473 386 «Haec
1514 342 1796 391 matrimonia

322 421 615 479 revalidamus
640 436 692 467 ac
722 417 873 466 valida
904 428 949 464 et
970 416 1167 480 legitima
1190 414 1474 463 decernimus
1505 415 1551 462 in
1585 418 1794 468 omnibus

322 511 366 547 et
396 516 474 564 per
505 496 653 545 omnia
674 534 684 552 ,
732 494 915 560 perinde
954 510 1005 541 ac
1039 492 1078 540 si
1109 492 1166 540 ab
1206 491 1333 540 initio
1373 500 1418 539 et
1450 491 1497 538 in
1539 508 1692 539 eorum
1726 512 1797 543 ra-

320 575 441 631 dice,
470 572 651 638 praevia
674 569 910 619 sufficienti
934 567 1291 634 dispensatione,
1318 577 1547 615 contracta
1569 567 1762 616 fuissent
1782 588 1794 626 ;

319 650 489 715 absque
522 665 574 697 eo
608 647 728 713 quod
762 646 828 693 illi
863 646 940 711 qui
982 646 1048 693 sic
1089 644 1420 702 contraxerint,
1464 644 1800 693 matrimonium

318 727 375 773 de
397 742 510 774 novo
533 723 814 780 contrahere,
854 740 935 771 seu
959 739 1123 771 novum
1158 738 1428 770 consensum
1453 730 1682 786 praestare
1704 721 1798 771 ullo

319 801 450 851 modo
483 800 731 849 debeant.»

413 879 614 944 Cumque
652 877 709 924 ad
743 876 1049 942 pontificatum
1083 875 1362 923 ascendisset
1397 875 1520 922 card.
1557 875 1802 924 Lamberti-

323 955 426 1002 nius
460 954 544 1002 sub
577 953 758 1002 nomine
789 952 1014 1001 Benedicti
1050 953 1160 998 XIV.
1199 962 1243 999 et
1276 951 1374 1016 ipse
1411 952 1579 1016 pariter
1612 952 1803 1001 indulsit

317 1031 595 1079 sanationem
629 1031 675 1076 in
718 1030 867 1078 radice
906 1029 1142 1077 cuiusdam
1177 1027 1407 1090 coniugii,
1446 1028 1568 1092 quod
1608 1028 1802 1094 Iosepha

320 1106 543 1155 violantes
567 1106 819 1171 Hneriquez
838 1123 938 1153 cum
955 1104 1175 1152 Ludovico
1199 1104 1230 1149 F
1233 1103 1437 1150 rancisco
1461 1102 1519 1150 de
1540 1103 1668 1152 Assis
1692 1105 1800 1152 San-

320 1183 428 1229 chez
456 1183 512 1230 de
537 1184 684 1230 Baena
706 1200 787 1247 per
804 1192 1132 1247 procuratorem
1160 1180 1335 1227 inierat.
1364 1178 1590 1227 Violantes
1613 1180 1800 1244 quidem

320 1259 524 1323 petebat,
562 1270 612 1306 ut
643 1258 901 1322 coniugium
946 1256 1295 1312 rescinderetur,
1335 1265 1487 1321 utpote
1521 1265 1798 1304 contractum

319 1352 420 1382 cum
449 1335 793 1400 impedimento;
822 1335 942 1398 quod
971 1351 1071 1380 cum
1105 1331 1433 1380 sufficientibus
1458 1331 1797 1397 probationibus

315 1411 516 1458 evincere
549 1429 637 1459 non
680 1410 926 1475 potuisset,
965 1410 1222 1474 coniugium
1261 1409 1535 1457 declaratum
1571 1409 1657 1458 fuit
1685 1410 1799 1468 vali-

314 1487 436 1534 dum.
459 1487 766 1535 Verumtamen
791 1496 1064 1551 compertum
1089 1496 1244 1552 postea
1267 1497 1336 1534 est
1358 1486 1620 1550 coniugium
1647 1486 1797 1553 reipsa

311 1562 558 1612 invalidum
582 1563 723 1611 fuisse
746 1581 798 1611 eo
821 1563 942 1628 quod
965 1581 1105 1629 quum
1123 1562 1288 1628 duplex
1311 1563 1678 1629 impedimentum
1695 1580 1796 1629 pro-

311 1639 577 1704 pinquitatis
604 1640 806 1695 adesset,
827 1657 908 1705 pro
935 1657 1025 1688 uno
1048 1650 1220 1687 tantum
1238 1639 1418 1688 obtenta
1441 1640 1586 1688 fuerat
1606 1640 1793 1705 dispen-

309 1716 439 1764 satio.
477 1716 545 1763 Ad
580 1716 848 1764 medendum
882 1717 988 1765 huic
1011 1716 1204 1764 defectui
1239 1717 1394 1764 Franc.
1428 1716 1485 1765 de
1510 1717 1658 1765 Baena
1681 1716 1797 1766 obti-

310 1803 467 1840 nuerat
505 1810 532 1841 a
564 1788 802 1841 Benedicto
842 1794 951 1841 XIV.
992 1793 1163 1842 litteras
1202 1794 1475 1849 sanatoriaS,
1514 1804 1567 1841 ut
1597 1803 1759 1842 vocant
1779 1833 1789 1851 ,

309 1867 472 1932 quibus
496 1869 835 1933 dispensaretur
857 1870 903 1916 in
929 1870 1100 1926 radice;
1123 1870 1345 1918 eiusmodi
1364 1869 1535 1917 litterae
1554 1869 1794 1934 dispensa·

308 1943 416 1991 bant
433 1944 489 1990 ab
512 1945 781 2009 obligatione
804 1946 1104 1994 renovationis
1130 1963 1376 1994 consensus
1401 1964 1454 1993 ex
1472 1955 1601 2010 parte
1614 1946 1793 1994 Violan-

310 2029 376 2066 tes
394 2055 404 2075 ,
443 2029 575 2083 atque
609 2021 901 2069 adiiciebatur
936 2021 1255 2069 relaxationem
1296 2021 1342 2068 in
1382 2031 1472 2070 toto
1508 2038 1591 2070 suo
1633 2021 1792 2070 robore

308 2099 668 2159 permansuram,
707 2097 810 2146 licet
833 2087 1056 2146 Violantes
1081 2098 1127 2144 in
1152 2108 1381 2163 posterum
1412 2098 1459 2144 in
1491 2098 1790 2161 cognitionem

306 2170 480 2218 veniret
512 2170 703 2236 duplicis
746 2173 936 2223 huiusce
973 2174 1338 2241 propinquitatis.
1386 2173 1468 2221 Ast
1511 2173 1648 2239 paulo
1690 2185 1794 2240 post

310 2246 413 2310 ipsa
456 2247 680 2305 ostendit,
725 2267 774 2296 se
810 2268 909 2298 cum
950 2251 1129 2299 daretur
1172 2250 1346 2299 sanatio
1392 2249 1482 2298 iam
1524 2250 1790 2299 instructam

305 2321 447 2370 fuisse
473 2322 530 2370 de
553 2322 721 2387 duplici
747 2327 1090 2391 propinquitatis
1115 2326 1459 2393 impedimento,
1489 2326 1691 2392 adeoque
1718 2327 1789 2374 in-

305 2397 478 2455 stabat,
501 2408 551 2446 ut
579 2399 833 2463 coniugium
864 2402 1108 2451 solveretur
1125 2442 1135 2460 ,
1174 2414 1309 2469 atque
1334 2402 1508 2450 irritum
1533 2402 1783 2451 declarare-

303 2484 389 2521 tur.
429 2474 538 2521 Tum
572 2476 836 2525 Benedictus
870 2479 979 2525 XIV.
1008 2479 1248 2529 declaravit
1271 2479 1528 2542 coniugium
1552 2497 1657 2528 vere
1685 2478 1786 2526 nul-

301 2549 394 2596 lum
427 2568 528 2598 esse
544 2590 553 2608 ,
592 2553 699 2617 quia
717 2571 770 2600 ex
787 2572 877 2601 una
895 2566 1018 2619 parte
1048 2574 1250 2604 summus
1270 2554 1467 2621 pontifex
1496 2554 1783 2602 concedendo

301 2625 576 2674 sanationem
617 2627 663 2674 in
705 2628 855 2676 radice
891 2641 1036 2694 potest
1074 2631 1202 2688 illas,
1238 2648 1351 2696 quas
1395 2638 1669 2694 opportunas
1710 2629 1780 2677 iu-

301 2701 514 2750 dicaverit
541 2704 819 2752 conditiones
855 2723 1104 2770 apponere3
1143 2726 1197 2755 ex
1230 2707 1367 2754 altera
1405 2723 1509 2754 vero
1534 2717 1660 2770 parte
1684 2705 1779 2755 dis-

299 2779 501 2841 pensatio
551 2779 608 2828 de
656 2798 746 2846 qua
789 2781 1003 2845 agebatur
1051 2783 1351 2831 conditionem
1401 2780 1595 2830 habebat
1632 2781 1784 2848 impli-

300 2853 431 2902 citam
459 2893 469 2912 ,
513 2856 633 2922 quod
677 2856 901 2907 violantes
941 2858 1105 2925 duplex
1153 2859 1380 2908 vinculum
1435 2858 1782 2926 propinquitatis
