1980 3260
270 227 360 258 cir.
378 227 435 257 1v.
452 226 503 257 nn
518 225 632 258 sect.
653 225 793 257 roms.
812 223 1159 256 SANAN.MATR.1N
1178 225 1275 255 ιω).
1293 224 1385 256 Am.
1405 224 1467 255 111.
1541 209 1637 255 179·

155 321 346 351 sum-mus
364 304 566 368 pontiseoe
590 303 903 367 dispensaverit
927 302 1205 366 simpliciter,
1227 302 1298 349 vel
1324 304 1370 348 in
1392 300 1554 348 radice.
1583 302 1633 349 In

164 380 308 444 primo
327 398 436 428 casu
454 380 647 428 infantes
673 379 915 427 incestuosi
943 378 1173 442 legitimati
1200 397 1287 427 non
1308 388 1413 426 sunt
1437 395 1519 442 per
1541 395 1635 426 ma-

158 458 406 503 trimonium
423 457 705 521 subsequens:
727 455 992 519 rescriptum
1010 455 1127 501 enim
1152 454 1238 502 hoc
1263 455 1308 501 in
1336 472 1444 502 casu
1463 453 1634 502 nullum

156 532 328 581 habens
353 534 560 581 effectum
586 532 892 580 retroactivum
918 532 962 577 in
988 531 1162 579 illorum
1187 532 1403 588 favorem3
1426 532 1471 578 in
1496 531 1634 579 altero

156 627 258 657 vero
293 627 402 657 casu
436 609 801 672 legitimationem
836 608 1062 664 obtinent3
1091 608 1198 672 quia
1233 618 1337 656 tunc
1367 607 1632 655 beneficium

154 703 233 733 seu
257 685 400 748 gratia
424 684 649 748 pontificis
674 684 803 729 etiam
827 685 940 746 ipsos
970 684 1310 746 comprehendit,
1340 695 1382 731 et
1410 684 1631 732 eiusmodi

153 760 431 827 dispensatio
464 760 510 806 in
545 760 694 806 radice
723 759 927 806 eumdem
957 760 1160 824 producit
1183 761 1389 807 effectum
1414 778 1466 807 ac
1491 761 1527 808 si
1553 760 1628 808 ob-

153 848 272 885 tenta
306 837 467 884 fuisset
500 836 554 882 ab
579 836 731 890 initio,
760 846 803 882 et
836 853 915 900 per
949 853 1230 900 consequens
1266 835 1346 881 filii
1382 846 1483 883 ante
1518 837 1632 883 rela-

149 914 371 961 xationem
398 911 615 976 procreati
641 911 752 957 fiunt
786 928 974 975 capaces
999 911 1196 958 omnium
1229 910 1421 968 iurium,
1451 929 1502 958 ac
1526 922 1631 959 tem-

107 975 115 986 ·
150 990 370 1055 poralium
411 989 665 1037 utilitatum.
711 989 839 1035 Ratio
883 1006 983 1036 vero
1028 999 1120 1045 est,
1161 989 1271 1053 quia
1310 988 1509 1035 Pontifex
1542 1006 1629 1036 non

153 1067 356 1114 concedit
385 1067 649 1131 rescriptum
674 1065 1005 1129 legitimationis
1026 1103 1035 1122 ,
1066 1065 1144 1112 sed
1170 1065 1312 1112 aufert
1335 1065 1629 1129 impedimen-

150 1155 244 1191 tum
284 1143 553 1191 matrimonii
597 1131 709 1190 inter
750 1142 1035 1199 coniunctos;
1073 1142 1193 1206 quod
1228 1142 1409 1207 quidem
1445 1141 1629 1206 impedi-

150 1226 348 1267 mentum
375 1237 475 1267 cum
502 1220 560 1266 sit
583 1218 694 1266 iuris
718 1218 1033 1275 ecclesiastici,
1062 1218 1196 1266 etiam
1220 1236 1273 1266 ex
1298 1228 1514 1283 potestate
1537 1217 1629 1264 cla—

147 1296 269 1343 vium
301 1300 515 1343 removeri
541 1305 705 1361 potest,
736 1305 778 1342 et
802 1294 1132 1342 matrimonium
1158 1295 1308 1342 reduci
1335 1295 1390 1341 ad
1416 1295 1627 1341 terminos

148 1372 260 1419 iuris
296 1382 495 1419 naturae.
533 1410 540 1417 .
576 1410 584 1418 .
621 1410 628 1417 .
659 1371 749 1418 Ista
772 1371 1046 1433 regeneratio
1078 1387 1156 1434 per
1179 1370 1560 1434 dispensationem
1585 1370 1629 1415 in

147 1447 299 1494 radice
335 1448 490 1503 efficit,
528 1457 576 1494 ut
616 1446 763 1511 proles
808 1464 910 1493 vere
952 1446 1149 1510 legitima
1186 1446 1244 1494 sit
1278 1456 1320 1493 et
1354 1464 1407 1493 ex
1440 1463 1544 1493 vero
1578 1462 1631 1493 ac

143 1523 342 1588 legitimo
381 1524 661 1570 matrimonio
698 1534 923 1587 suscepta.
960 1562 967 1568 .
1004 1562 1011 1569 .
1048 1562 1055 1568 .
1086 1523 1275 1587 ideoque
1301 1523 1499 1570 succedit
1532 1523 1627 1570 iure

143 1600 322 1665 proprio
356 1610 399 1646 et
434 1599 651 1656 naturali,
691 1616 835 1663 neque
869 1598 1035 1646 attendi
1072 1610 1218 1664 potest
1252 1599 1367 1646 tertii
1404 1599 1629 1662 praeiudi-

148 1677 265 1723 cium
286 1715 295 1733 ,
323 1676 436 1724 sicut
465 1694 552 1723 non
579 1676 897 1733 attenderetur,
922 1676 961 1723 si
992 1693 1144 1724 revera
1168 1676 1316 1740 proles
1349 1693 1402 1722 ex
1434 1676 1630 1739 legitimo

143 1751 448 1809 matrimonio,
487 1752 722 1816 impetrata
757 1752 812 1798 ab
848 1752 975 1800 initio
1005 1752 1366 1816 dispensatione,
1397 1763 1626 1816 procreata

146 1828 308 1876 fuisset
336 1830 451 1891 (43).
479 1849 500 1874 »

239 1905 397 1951 Verum
446 1905 492 1950 in
536 1905 757 1970 praesenti
800 1922 945 1952 rerum
991 1903 1172 1962 ordine,
1214 1902 1291 1969 qui
1333 1905 1379 1950 in
1419 1904 1622 1970 Europa,

143 1980 335 2046 aliisque
367 1980 625 2045 regionibus
650 1992 698 2029 ut
722 1981 963 2047 plurimum
988 1981 1183 2039 obtinet,
1223 1998 1294 2029 res
1319 1981 1447 2028 aliter
1471 1998 1520 2028 se
1544 1980 1626 2028 ha-

229 2104 296 2145 (43)
319 2105 356 2135 In
380 2103 466 2135 notis
485 2106 513 2135 l.
530 2104 562 2135 et
577 2108 607 2135 2.
628 2103 670 2135 ad
692 2103 750 2135 lib.
767 2105 808 2135 V.
826 2112 879 2143 op.
897 2102 1007 2134 Caroli
1022 2103 1137 2134 Fevret
1161 2102 1215 2134 cui
1237 2102 1288 2134 tit.
1309 2102 1427 2135 Traite
1443 2101 1486 2135 de
1509 2102 1627 2136 l’Abus

140 2157 235 2198 chap.
252 2159 311 2189 111.
327 2159 418 2197 Lyon
439 2159 529 2189 1736.
547 2157 662 2188 tom.1.
678 2165 750 2198 pag.
769 2159 830 2189 475
845 2165 913 2196 seq.
932 2156 987 2188 ubi
1003 2156 1046 2188 ad
1061 2156 1132 2188 eius
1155 2156 1200 2188 rei
1222 2155 1499 2189 confirmationem
1519 2157 1553 2189 et
1573 2157 1626 2189 de-

137 2209 348 2242 clarationem
376 2210 485 2250 plures
501 2209 596 2241 affert
614 2212 762 2242 auctores
786 2207 855 2242 sive
878 2210 1046 2250 theologos
1071 2210 1141 2242 sive
1166 2210 1366 2250 canonistas,
1381 2210 1450 2243 sive
1471 2210 1626 2243 iuriscon-

137 2262 253 2296 sultos.
273 2265 357 2296 Cum
373 2271 452 2295 vero
479 2262 698 2303 praemisisset
714 2272 751 2295 ex
768 2263 790 2295 l.
807 2268 837 2295 2.
857 2265 890 2295 et
910 2267 940 2295 3.
957 2272 986 2301 c.
1007 2263 1049 2296 de
1068 2266 1147 2297 iure
1171 2262 1246 2296 nat.
1275 2263 1397 2304 annal.
1415 2277 1431 2293 «
1448 2264 1625 2306 Vel-instar

137 2315 344 2358 adoptionis,
371 2325 455 2358 quae
477 2317 628 2348 naturae
652 2317 766 2356 imaqo
788 2317 939 2358 vocatur,
961 2317 994 2348 in
1011 2318 1048 2349 L.
1063 2317 1142 2350 solio
1159 2322 1197 2350 23
1227 2318 1262 2350 ff.
1287 2317 1329 2350 de
1350 2317 1442 2350 liber.
1462 2320 1494 2350 et
1516 2319 1622 2359 posth.

137 2371 169 2401 et
195 2369 270 2402 ideo
295 2371 405 2402 omnia
433 2369 598 2402 filiationis
621 2371 654 2402 et
680 2370 822 2401 familiae
848 2366 920 2402 iura
942 2370 1104 2403 tribuebat
1131 2371 1211 2403 olim
1236 2371 1423 2412 adoptatio,
1440 2380 1515 2403 nam
1536 2371 1623 2403 fictio

136 2423 170 2454 in
197 2431 274 2455 casu
306 2422 381 2455 ficto
407 2422 494 2455 idem
522 2424 675 2464 operatur
690 2432 728 2455 ac
753 2423 873 2456 veritas
891 2424 924 2455 in
942 2433 1041 2456 vero:
1065 2423 1152 2457 fictio
1177 2425 1264 2457 enim
1290 2425 1340 2457 est
1362 2425 1442 2465 legis
1470 2424 1624 2456 adversus

138 2476 307 2508 veritatem
336 2477 369 2508 in
397 2484 431 2508 re
461 2476 607 2517 possibili
622 2485 660 2508 ex
688 2476 774 2508 iusta
802 2485 900 2509 causa
923 2476 1136 2518 dispositio.»
1157 2477 1297 2510 subiicit
1319 2478 1419 2510 verba
1433 2477 1558 2509 Gotofr.
1583 2486 1623 2509 ex

136 2528 252 2561 Alciat.
273 2529 314 2561 ad
343 2529 463 2561 rubric.
488 2529 525 2561 sl.
545 2529 585 2561 de
603 2529 695 2570 prob.
719 2542 734 2557 «
748 2531 838 2567 Quae
860 2530 1008 2571 analogia
1023 2530 1252 2572 (adoptionis)
1269 2531 1445 2563 bellissime
1471 2530 1623 2562 convenit

136 2581 370 2623 dispensationi
393 2583 426 2614 in
454 2582 579 2614 radice:
608 2583 660 2614 vel
686 2582 816 2615 tandem
839 2583 924 2616 sicut
948 2583 1127 2625 baptismus
1152 2584 1232 2616 eluit
1259 2593 1387 2616 omnem
1404 2584 1541 2615 infectae
1560 2583 1623 2615 ori-

133 2634 217 2674 ginis
242 2635 348 2667 labem
377 2643 443 2667 non
468 2635 574 2667 solum
603 2635 711 2676 quoad
741 2635 887 2676 culpam,
914 2635 970 2668 sed
995 2634 1093 2669 etiam
1117 2637 1225 2678 quoad
1243 2645 1399 2678 poenam,
1430 2635 1479 2667 ita
1505 2636 1538 2667 et
1558 2635 1621 2667 ista

132 2682 405 2729 namwmeiqa
417 2697 474 2721 seu
493 2689 731 2730 regeneratione
746 2697 803 2730 per
821 2689 1094 2731 dispensationem
1114 2691 1147 2722 iu
1165 2689 1291 2730 radice,
1309 2689 1446 2722 efficitur
1463 2690 1500 2721 ut
1517 2689 1623 2729 proles

134 2748 210 2772 vere
223 2741 367 2782 legitima
382 2741 446 2781 sit,
465 2743 498 2774 et
513 2750 551 2774 ex
571 2751 648 2774 vero
668 2751 706 2774 ac
721 2741 865 2784 legitimo
886 2743 1096 2776 matrimonio
1114 2744 1263 2784 suscepta
1274 2767 1284 2784 ,
1302 2744 1335 2775 et
1353 2750 1453 2784 capax
1475 2741 1623 2776 omnium

134 2791 255 2826 iurium
279 2794 431 2834 legitimis
457 2795 752 2836 competentium.»
776 2796 814 2828 Et
838 2798 946 2829 tamen
966 2796 1020 2830 bic
1041 2798 1214 2830 annotator
1236 2796 1320 2830 solet
1346 2803 1381 2828 sc
1398 2795 1524 2828 iuribus
1544 2803 1620 2837 apo·

134 2845 268 2880 stolieae
296 2847 383 2880 sedis
410 2848 561 2881 hostilem
589 2848 752 2890 praebere.

1526 2899 1556 2929 ὴὲ
