1980 3260
198 251 288 283 cn.
306 251 382 284 vn.
399 251 450 283 m:
470 250 738 284 uuamrm.
755 247 840 283 cura
861 249 998 283 mnan.
1021 248 1276 282 mmrsa.
1299 248 1392 282 Aur.
1409 248 1457 283 ιι.
1523 233 1614 281 335

137 329 214 377 ubi
252 329 455 378 infideles
480 330 571 378 sint
593 328 766 394 plures,
794 346 928 394 quam
953 327 1203 376 christiani.
1232 327 1419 376 Demum
1448 327 1489 376 si
1513 343 1621 392 aga-

137 417 210 454 tur
231 405 288 454 de
313 406 609 454 matrimoniis
645 405 838 455 invalide
873 406 1102 453 contractis
1136 404 1250 452 inter
1275 404 1452 453 fidelem
1478 414 1523 453 et
1545 402 1617 451 in·

137 483 314 532 fidelem
340 483 485 549 primo
503 484 588 531 erit
605 483 853 531 monendus
880 483 1026 531 fidelis
1055 482 1188 548 quale
1222 482 1496 530 commiserit
1518 497 1624 547 pec-

137 570 286 608 catum
309 597 319 617 ,
356 559 520 606 deinde
555 559 613 606 ad
644 568 819 623 tempus
854 558 1208 624 separabuntur,
1236 558 1275 606 si
1300 559 1399 606 sine
1430 557 1622 606 tumultu

137 635 232 684 fieri
276 633 450 700 possit,
499 634 844 698 iniungeturque
887 634 1161 718 poenitentia
1195 633 1405 682 salutaris
1441 631 1619 681 interim

136 709 415 777 peragenda,
450 726 541 774 qua
571 709 828 773 persoluta,
869 710 907 758 si
942 710 1093 758 adsint
1121 711 1238 758 duae
1272 709 1585 758 conditiones
1573 727 1620 756 1n

136 802 280 851 primo
296 802 406 833 casu
429 784 696 849 requisitae,
725 785 886 849 poterit
907 785 1090 832 concedi
1113 785 1420 850 dispensatio,
1447 795 1497 833 ut
1519 784 1625 848 legi·

138 862 246 910 time
264 860 557 918 contrahant,
577 871 621 907 et
638 861 787 925 proles
807 861 913 908 inde.
931 863 1035 908 nata
1052 861 1249 924 legitima
1271 860 1620 908 declarabitur.»

234 938 437 1004 Cumque
458 937 648 985 excitata
672 937 804 984 fuerit
829 938 1032 1003 quaestio
1068 953 1204 1003 super·
1236 936 1452 985 clausulis
1476 937 1523 984 in
1547 936 1626 984 de-
1655 972 1659 976 -

139 1025 259 1065 creto
293 1013 533 1062 Clementis
573 1013 647 1060 IX.
688 1016 832 1078 nuper
862 1013 1087 1079 descripto
1109 1052 1119 1071 ,
1159 1031 1320 1079 nempe
1347 1015 1393 1060 1.
1415 1013 1626 1078 qravibus

144 1103 285 1140 tamen
313 1091 365 1139 de
399 1090 570 1147 causis;
604 1091 649 1137 2.
678 1092 726 1138 in
759 1090 862 1137 locis
898 1100 1066 1138 tantum
1088 1090 1166 1137 ubi
1180 1090 1332 1155 plures
1354 1091 1444 1137 sint
1475 1088 1628 1155 infide-

146 1169 204 1217 les
227 1185 359 1234 quam
392 1167 624 1215 christiani
631 1186 645 1224 ,-
682 1167 878 1232 primum
911 1165 1098 1215 dubium
1135 1166 1269 1215 solvit
1296 1183 1390 1214 sac.
1415 1165 1622 1231 congreg.

144 1244 287 1293 sancti
320 1243 457 1293 officii
493 1243 743 1291 rescribens
778 1261 853 1291 an.
882 1243 1025 1291 1786.
1055 1243 1113 1291 ad
1137 1243 1400 1309 episcopum
1435 1243 1630 1292 coricen-

143 1338 237 1370 sem
269 1320 484 1370 vicarium
520 1318 815 1385 apostolicum
842 1318 1063 1367 Tunchini
1097 1319 1349 1377 orientalis,
1378 1319 1456 1384 qui
1490 1337 1630 1385 quae-

146 1397 304 1445 sierat:
332 1417 355 1443 «
369 1397 524 1445 Utrum
550 1413 632 1461 per
653 1395 792 1444 haec:
814 1395 1024 1460 qravibus
1047 1405 1214 1443 tantum
1237 1395 1288 1443 de
1312 1398 1470 1451 causis,
1499 1394 1630 1444 intel—

143 1474 223 1538 ligi
247 1474 392 1540 possit
414 1484 641 1540 tamquam
664 1490 803 1521 causa
825 1474 974 1537 gravis
993 1483 1036 1521 et
1054 1472 1281 1522 sufficiens
1305 1472 1429 1521 salus
1453 1472 1631 1521 animae

147 1550 323 1599 illorum
352 1589 362 1608 ,
406 1550 484 1616 qui
524 1550 602 1598 tali
644 1550 928 1598 matrimonio
962 1549 1131 1597 iamdiu
1164 1560 1389 1598 contracto
1410 1587 1420 1607 ,
1458 1549 1630 1615 absque

145 1627 415 1676 contumelia
450 1627 670 1675 Creatoris
704 1627 932 1683 vixerunt,
962 1627 1226 1692 praesertim
1251 1627 1289 1675 si
1316 1626 1433 1674 filios
1465 1643 1631 1691 genue-

145 1705 255 1761 rint,
293 1703 363 1751 vel
400 1704 561 1751 iisdem
595 1703 912 1751 difficillimum
949 1704 1007 1751 sit
1040 1703 1097 1751 ab
1131 1703 1303 1751 infideli
1337 1703 1525 1767 coniuge
1559 1719 1630 1751 se-

145 1779 326 1846 parari?
342 1799 365 1825 »
381 1778 749 1845 Resp.«Causam
774 1779 1020 1844 expositam
1039 1779 1085 1826 in
1105 1780 1308 1845 quaesito
1331 1796 1433 1826 esse
1455 1795 1632 1843 qravem

145 1868 184 1904 et
217 1857 502 1922 sufficientem
534 1857 591 1904 ad
634 1852 974 1922 impertiendam
1015 1856 1395 1922 dispensationem
1431 1855 1497 1903 de
1541 1871 1632 1920 qua

145 1934 305 1998 agitur.
333 1954 355 1979 »
386 1934 553 1981 Eadem
589 1934 664 1981 die
697 1933 901 1981 Clemens
936 1934 1032 1980 XII.
1068 1933 1309 1980 declaravit
1342 1931 1414 1979 his
1447 1930 1626 1988 verbis;

149 2011 242 2058 «In
268 2011 372 2058 locis
403 2020 569 2058 tantum
603 2011 681 2057 ubi
704 2011 855 2075 plures
879 2020 979 2057 sunt
1006 2009 1198 2075 infideles
1222 2027 1353 2074 quam
1376 2008 1625 2064 christiani,

147 2088 332 2152 intelligi
357 2088 520 2136 debere
544 2088 590 2134 in
614 2105 887 2154 unoquoque
916 2105 1057 2153 pago;
1087 2098 1130 2135 at
1152 2104 1256 2135 vero
1285 2086 1343 2134 ad
1373 2085 1631 2134 instantiam

146 2166 346 2231 episcopi
378 2165 620 2213 coricensis
658 2165 813 2213 vicarii
848 2165 1079 2231 apostolici
1116 2163 1334 2212 Tunchini
1370 2162 1627 2219 orientalis,

147 2241 343 2290 extendit
380 2241 438 2288 ad
473 2258 609 2287 unam
646 2233 938 2305 toparchiam.

245 2319 379 2365 Sacra
413 2318 517 2364 item
552 2318 834 2381 congregatio
867 2318 924 2365 dc
958 2317 1252 2383 propaganda
1288 2316 1376 2364 fide
1398 2316 1445 2363 in
1473 2315 1632 2363 litteris

149 2394 205 2441 ad
251 2394 449 2442 Rochum
492 2394 732 2459 Iosephum
777 2393 978 2459 Carpsan
1022 2395 1283 2460 episcopum
1326 2393 1630 2442 sebastensem

149 2471 447 2519 coadiutorem
465 2471 620 2519 vicarii
641 2470 872 2536 apostolici
894 2470 1059 2520 Fokien
1080 2472 1124 2518 in
1140 2471 1260 2519 Sinis
1278 2472 1320 2517 4.
1341 2469 1466 2517 Febr.
1484 2468 1625 2514 1804.

149 2547 413 2596 declaravit:
449 2567 471 2593 α
494 2547 803 2596 Conditionem
838 2548 1090 2614 appositam
1125 2549 1170 2595 in
1206 2548 1413 2596 facultate
1449 2545 1633 2609 dispen-

150 2624 279 2671 sandi
313 2642 448 2690 super
481 2625 743 2690 disparitate
778 2625 956 2684 cultus;
994 2626 1073 2673 ubi
1112 2636 1213 2673 sunt
1252 2625 1400 2690 plures
1439 2620 1632 2686 infideles

151 2718 283 2764 quam
310 2701 453 2766 fideles
487 2702 548 2749 ita
582 2702 916 2766 intelligendam
948 2721 1074 2760 esse,
1101 2714 1150 2751 ut
1178 2703 1323 2750 locum
1358 2699 1521 2747 habeat
1552 2696 1631 2744 ubi

153 2778 199 2823 in
235 2787 326 2825 tota
361 2779 540 2843 regione
573 2771 628 2827 de
661 2797 750 2845 qua
778 2780 985 2828 habenda
1015 2781 1126 2828 ratio
1155 2790 1248 2836 cst,
1278 2778 1426 2843 plures
1453 2775 1541 2823 sint
1564 2775 1633 2821 in-

155 2847 320 2903 fideles>
352 2873 485 2919 quem
522 2857 701 2914 fideles,
741 2858 914 2906 etiamsi
951 2859 996 2905 in
1034 2876 1122 2906 uno
1158 2857 1298 2904 aliove
1332 2870 1445 2919 pago
1481 2852 1631 2917 plures
