1980 3260
259 239 284 280 8
559 248 635 280 un.
665 246 709 276 11.
739 245 850 276 secr.
880 246 909 275 1.
945 245 995 275 nr.
1021 243 1183 275 rorssr.
1214 243 1376 275 nectas.

256 345 326 374 res
350 326 588 392 spiritualis
604 333 697 370 erat
714 323 909 387 profanis
933 320 1154 368 iudicibus
1179 337 1265 367 non
1287 318 1576 368 attrectanda:
1593 322 1702 369 Tum

255 402 373 465 leges
397 409 634 448 sanxerunt
654 436 664 455 ,
693 397 857 462 quibus
880 395 1159 461 tyrannidem
1183 412 1309 442 suam
1333 394 1562 442 firmarunt
1581 398 1702 458 (1).»

254 476 374 523 Adeo
406 474 628 520 evidenter
653 472 841 536 eripsa
867 471 929 517 rei
959 481 1140 526 natura,
1169 487 1248 517 seu
1271 487 1324 516 ex
1347 469 1706 518 sacramenti-w

257 551 372 597 tione
395 567 421 596 a
438 550 581 613 priori
590 551 602 602 ‚'
641 547 782 610 logica
816 546 1075 593 necessitate
1106 543 1358 602 deducitur,
1393 542 1624 592 ecclesiam
1659 545 1705 591 in

257 624 576 671 matrimonium
598 623 761 685 ipsum
796 620 946 666 divino
979 619 1074 666 iure
1092 617 1366 683 potestatem
1399 618 1579 667 habere.

297 724 299 726 ·
349 699 578 762 Reliquum
603 706 670 742 est
692 706 739 741 ut
760 695 944 742 eandem
967 694 1193 742 veritatem
1217 694 1471 741 evincamus
1494 711 1549 753 ex
1572 695 1701 751 facto,

258 792 335 821 seu
370 791 396 820 a
422 773 664 835 posteriori.
706 770 832 826 Quod
866 782 915 818 ut
945 787 1260 834 assequamur,
1300 769 1410 816 satis
1451 768 1595 817 nobis
1625 771 1708 818 erit

259 863 508 912 percurrere
540 845 838 893 ecclesiastica
870 845 1157 901 documenta,
1191 863 1244 891 ex
1272 844 1435 909 quibus
1464 844 1707 892 universim

259 922 437 985 patefiat
453 921 682 968 ecclesiam
701 920 858 985 quovis
888 920 1080 984 tempore
1097 920 1142 965 in
1161 919 1366 982 coniugia
1384 919 1582 966 fidelium
1605 936 1710 967 suo-

259 1014 353 1043 rum
374 997 488 1044 hanc
505 996 592 1044 sibi
617 995 825 1043 tribuisse
849 999 901 1042 ac
930 995 1181 1042 vindicasse
1209 994 1360 1043 divino
1394 995 1489 1042 iure
1517 996 1710 1060 potesta-

258 1082 360 1118 tem.
384 1071 525 1118 Huius
560 1081 702 1117 autem
728 1070 789 1116 rei
814 1080 876 1116 tot
898 1079 1001 1117 sunt
1028 1068 1290 1117 documenta
1306 1107 1316 1126 ,
1342 1072 1465 1134 'quot
1482 1070 1710 1117 attulimus

258 1146 303 1191 in
339 1147 564 1210 superiore
596 1146 707 1193 libro
731 1184 740 1202 ,
779 1146 883 1192 dum
918 1145 1190 1193 ostendimus
1213 1145 1271 1192 ab
1294 1145 1536 1210 apostolica
1570 1156 1710 1194 aetate

261 1223 586 1270 matrimonium
609 1233 658 1268 ut
679 1238 831 1269 verum
866 1238 917 1268 ac
949 1221 1173 1286 proprium
1198 1232 1520 1269 sacramentum
1539 1239 1566 1269 a
1582 1221 1711 1268 Chri-

259 1311 325 1347 sto
359 1299 605 1346 institutum
646 1314 820 1360 semper
851 1297 896 1343 in
931 1296 1118 1344 ecclesia
1152 1297 1387 1344 theoretice
1427 1314 1479 1345 ac
1519 1297 1711 1361 practice

258 1384 500 1438 spectatum
545 1372 700 1418 fuisse.
739 1371 817 1418 Tot
859 1381 1100 1435 suppetunt
1133 1370 1396 1419 documenta
1416 1409 1427 1428 ,
1467 1383 1575 1436 quot
1607 1381 1712 1419 sunt

258 1448 504 1496 testimonia
538 1457 709 1510 patrum
733 1456 864 1510 atque
886 1445 1284 1493 ecclesiasticorum
1313 1447 1604 1511 scriptorum,
1627 1446 1711 1512 *qui

259 1535 393 1587 agunt
415 1523 470 1570 de
491 1521 767 1568 matrimonio
794 1521 1134 1568 christianorum
1162 1532 1387 1586 tamquam
1409 1523 1466 1570 de
1494 1540 1542 1570 re
1564 1539 1708 1578 sacra,

260 1600 330 1646 cui
363 1598 513 1645 divina
545 1596 708 1659 gratia.
736 1613 787 1643 ac
809 1595 1035 1661 multiplex
1067 1596 1147 1643 Dei
1181 1596 1428 1645 benedictio
1451 1597 1623 1645 adnexa
1644 1608 1713 1644 est

261 1692 339 1741 per
367 1691 524 1721 manus
558 1672 766 1718 nimirum
799 1671 1024 1719 ecclesiae.
1048 1671 1171 1727 Quae
1193 1689 1293 1719 cum
1315 1690 1343 1720 a
1366 1672 1531 1720 nobis
1520 1690 1607 1720 iam
1631 1673 1712 1720 ad-

261 1750 391 1796 ducta
426 1748 615 1804 fuerint,
653 1764 793 1812 eaque
838 1764 997 1810 magno
1041 1764 1220 1795 numero
1243 1785 1253 1804 ‚
1300 1765 1482 1830 necesse
1523 1765 1614 1796 non
1644 1758 1713 1796 est

262 1824 412 1871 eadem
446 1823 520 1870 hic
553 1822 698 1869 denuo
732 1822 940 1886 proferre.

355 1900 439 1947 Sed
473 1900 613 1962 magis
649 1899 812 1946 directe
845 1899 930 1945 ad
928 1917 1034 1947 rem
1077 1911 1355 1964 praesentem
1401 1901 1620 1965 pertinent
1651 1910 1714 1948 tot

262 1974 363 2020 illae
395 1974 641 2021 sanctiones
659 2011 669 2028 ‚
698 1973 860 2038 quibus
894 1974 1081 2022 ecclesia
1113 1975 1358 2031 constituit,
1388 1986 1436 2023 ut
1458 1974 1634 2022 nonnisi
1657 1974 1713 2021 de

264 2050 482 2096 sententia
515 2050 708 2113 episcopi
742 2050 920 2114 nuptiae
956 2049 1110 2097 fierent
1126 2088 1136 2107 ,
1164 2069 1245 2115 quo
1269 2052 1356 2097 sint
1383 2051 1615 2098 secundum
1630 2051 1714 2096 Do-

263 2125 447 2183 minum,
476 2134 516 2169 et
537 2141 620 2170 non
643 2124 869 2170 secundum
891 2124 1187 2188 cupiditatem,
1210 2137 1259 2173 ut
1274 2125 1470 2190 loquitur
1486 2143 1525 2173 s.
1548 2136 1716 2190 martyr

264 2198 461 2261 ignatius
483 2201 567 2260 (2).
584 2198 705 2254 Quae
727 2199 905 2262 quidem
925 2199 1057 2247 verba
1079 2201 1117 2247 si
1141 2201 1340 2265 apprime
1363 2200 1709 2265 perpendantur,

262 2273 496 2320 ostendunt
531 2273 619 2320 iam
658 2273 714 2320 ab
749 2273 873 2319 initio
907 2286 1126 2340 receptum
1162 2275 1329 2332 fuisse,
1365 2287 1415 2323 ut
1446 2275 1655 2337 coniugia
1686 2291 1713 2321 a

264 2348 471 2398 fidelibus
506 2366 592 2396 non
625 2349 841 2395 inii-entur
861 2386 871 2404 ,
919 2350 1004 2397 nisi
1047 2351 1167 2398 iuxta
1201 2369 1377 2399 normas
1410 2350 1467 2397 ab
1500 2349 1716 2398 ecclesiae

265 2423 515 2486 pastoribus
549 2424 747 2488 positas;
786 2435 917 2488 atque
951 2426 1162 2489 episcopi
1181 2427 1320 2474 fuisse
1341 2463 1352 2481 ,
1388 2424 1594 2472 omnibus
1619 2442 1715 2489 per-

265 2499 426 2561 spectis
445 2536 455 2554 ,
477 2498 695 2555 iudicare,
717 2509 860 2545 utrum
884 2499 1135 2562 coniugium
1160 2501 1351 2564 legitime
1375 2499 1586 2548 celebrari
1611 2517 1714 2565 pos-

357 2658 402 2695 (1)
428 2657 582 2688 institut.
600 2657 655 2688 lib.
674 2633 727 2688 IV.
743 2664 812 2698 cap.
833 2659 987 2699 19.§.37.

358 2707 402 2745 (9.)
427 2709 468 2738 ln
489 2710 587 2749 epist.
605 2707 651 2740 ad
673 2708 852 2750 Polycarp
866 2718 896 2742 c.
913 2712 951 2742 V.
968 2710 1176 2743 ed.(301e1er.
1197 2711 1290 2743 cuins
1314 2710 1473 2752 integrum
1493 2692 1716 2743 testimonium

264 2757 308 2788 ita
322 2758 481 2790 sehabet:
501 2761 620 2791 uDecet
642 2768 739 2800 vero,
762 2762 797 2792 ut
819 2762 926 2802 sponsi
941 2763 972 2794 et
986 2770 1120 2802 sponsae
1143 2764 1182 2795 de
1199 2762 1355 2795 sententia
1375 2763 1515 2803 episcopi
1532 2763 1715 2804 coniugium

264 2809 398 2849 faciant,
427 2819 491 2850 quo
516 2812 645 2851 nuptiae
668 2814 748 2844 eles:
