1980 3260
320 242 407 288 158
611 251 691 282 un.
722 250 767 281 11.
797 249 938 281 sacrm
963 249 994 279 1.
1024 248 1076 278 ni:
1108 247 1275 279 Porsssr.
1307 247 1472 281 Ecctns.

315 333 554 379 effecerunt
587 327 742 374 datum
769 343 1041 374 consensum
1066 324 1124 371 ab
1147 342 1200 371 ea
1225 324 1487 372 auctoritate
1510 327 1605 374 tolli
1628 329 1793 378 debent

313 426 339 455 a
373 424 462 470 qua
496 405 672 451 fuerunt
705 403 971 459 constituta,
1000 402 1198 466 profecto
1230 418 1331 448 cum
1366 401 1583 449 canonica
1605 403 1794 469 impedi-

312 492 459 530 menta
488 490 653 528 statuta
677 480 734 527 ab
757 479 948 527 ecclesia
983 478 1172 535 fuerint,
1214 478 1398 525 evidens
1422 488 1492 526 est
1515 480 1791 530 sanationem

312 560 357 604 in
388 557 537 605 radice
555 556 612 603 ad
630 574 683 603 ea
702 556 866 620 pariter
884 555 1202 620 impedimenta
1221 555 1390 602 referri.
1425 556 1581 620 ltaque
1603 556 1794 607 ecclesia

310 645 454 700 potest
487 651 584 680 eam
621 633 897 680 sanationem
934 632 1149 697 perficere
1175 633 1320 697 primo
1344 632 1401 679 ab
1425 632 1636 681 omnibus
1666 651 1792 699 pror-

310 729 388 759 sus
422 709 754 775 impedimentis
773 747 783 766 ,
818 726 935 773 quae
968 708 1068 774 ipsa
1103 709 1306 756 statuerit
1331 708 1389 755 ad
1410 709 1660 760 vitiandum
1690 728 1791 759 eon-

309 805 519 843 sensum,
559 803 647 835 non
692 795 838 833 autem
862 824 871 842 ,
910 796 959 833 ut
998 785 1198 833 nonnulli
1245 796 1503 843 autumant,
1546 787 1603 833 ab
1637 787 1791 853 aliquo

308 875 498 921 tantum,
531 881 584 911 ac
619 863 879 911 nominatim
915 880 941 910 a
974 862 1070 910 solo
1099 862 1416 927 impedimento
1451 863 1791 912 clandestinita-

308 941 381 988 tis.
404 941 635 988 Eiusmodi
668 941 786 987 enim
813 940 1002 987 assertio
1031 939 1203 1002 alogica
1238 950 1332 995 est;
1360 939 1483 986 nulla
1516 940 1684 1006 quippe
1706 958 1789 1006 ap·-

307 1028 435 1082 paret
462 1018 573 1065 ratio
603 1035 742 1081 quare
771 1016 828 1064 ab
856 1034 946 1064 uno
979 1016 1128 1081 potius
1157 1034 1291 1081 quam
1315 1016 1372 1062 ab
1396 1016 1485 1063 alio
1507 1034 1533 1065 e
1556 1017 1787 1065 canonicis

309 1093 641 1158 impedimentis
676 1093 866 1141 ecclesia
896 1093 1148 1158 quempiam
1181 1092 1352 1139 solvere
1381 1092 1553 1156 possit,
1590 1109 1691 1140 cum
1716 1111 1788 1141 ea-

306 1170 409 1217 dem
447 1170 706 1218 auctoritate
748 1170 835 1217 sibi
871 1187 896 1216 a
931 1169 1108 1216 Christo
1147 1169 1473 1216 communicata
1508 1169 1652 1234 aequo
1691 1170 1789 1217 iure

305 1247 457 1294 omnia
482 1247 801 1311 impedimenta
825 1246 1033 1294 sanxerit.
1058 1246 1113 1292 Et
1137 1263 1245 1293 sane
1261 1284 1270 1302 ,
1299 1247 1364 1292 uti
1388 1245 1522 1311 paulo
1545 1256 1647 1311 post
1663 1246 1788 1294 vide-

307 1323 454 1370 bimus
474 1362 483 1381 ,
512 1324 702 1371 ecclesia
726 1341 814 1371 non
839 1323 971 1371 modo
994 1341 1022 1370 a
1044 1322 1417 1370 clandestinitatis
1445 1323 1783 1388 impedimento,

306 1400 385 1447 sed
419 1400 476 1446 ab
509 1400 611 1447 aliis
648 1400 781 1446 etiam
816 1400 945 1464 plura
979 1400 1187 1462 coniugia
1221 1400 1411 1447 sanavit.
1451 1400 1654 1447 Secundo
1697 1417 1786 1448 non

306 1487 451 1541 potest
485 1487 632 1523 tamen
667 1476 823 1523 eadem
859 1476 1049 1524 ecclesia
1078 1477 1237 1525 vitium
1273 1494 1432 1524 sanare
1464 1476 1587 1542 quod
1615 1477 1672 1524 ab
1701 1477 1786 1524 im-

306 1554 576 1618 pedimentis
601 1554 713 1601 iuris
738 1553 956 1601 naturalis
984 1571 1139 1618 presse
1162 1554 1330 1618 sumpti
1356 1553 1548 1610 oriatur,
1574 1563 1650 1600 aut
1672 1553 1785 1601 iuris

305 1629 476 1687 divini,
515 1630 623 1695 quia
657 1630 705 1677 id
736 1630 833 1678 eius
869 1631 1174 1678 auctoritatem
1203 1631 1392 1678 excedit.
1423 1631 1489 1678 De
1518 1630 1630 1678 iuris
1657 1640 1787 1677 natu-

306 1706 413 1754 ralis
449 1725 605 1771 presse
649 1707 756 1755 dicti
798 1708 1131 1773 impedimentis
1167 1725 1255 1755 non
1293 1717 1362 1755 est
1394 1707 1516 1772 quod
1549 1707 1787 1773 loquamur

306 1783 351 1829 in
381 1783 455 1830 his
491 1784 611 1831 enim
645 1802 747 1832 cum
781 1785 838 1832 de
871 1803 924 1833 eo
958 1795 1136 1849 agatur,
1175 1784 1295 1850 quod
1330 1784 1618 1832 intrinsecam
1652 1794 1786 1849 atque

306 1859 609 1908 inhaerentem
646 1862 967 1926 turpitudinem
1002 1862 1210 1919 involvit,
1240 1879 1320 1927 per
1353 1880 1403 1910 se
1435 1872 1556 1927 patet
1578 1862 1691 1909 nulli
1714 1862 1785 1909 di-

306 1937 581 1999 spensationi
605 1938 752 1986 locum
776 1956 898 1995 esse;
927 1938 1008 1986 sed
1032 1956 1178 2003 neque
1202 1938 1259 1985 de
1282 1938 1614 2003 impedimentis
1639 1938 1783 1986 divini

307 2012 416 2059 iuris
441 2013 605 2077 ambigi
628 2026 793 2080 potest;
824 2033 906 2064 nec
932 2016 1051 2063 enim
1084 2015 1217 2064 homo
1250 2033 1533 2080 quacumque
1567 2025 1785 2080 potestate

306 2099 383 2136 aut
409 2091 666 2138 auctoritate
700 2103 918 2157 praestet,
957 2103 1103 2158 potest
1137 2093 1353 2156 attingere
1385 2092 1505 2158 quod
1538 2093 1660 2140 Deus
1694 2091 1782 2139 sibi

306 2167 570 2223 reservavit,
602 2168 689 2215 nisi
719 2170 793 2218 hic
822 2171 1012 2235 ipsemet
1035 2188 1133 2217 eam
1157 2169 1411 2217 facultatem
1436 2169 1678 2235 specialem
1701 2169 1782 2216 tri-

305 2241 473 2300 buerit,
509 2244 629 2307 quod
654 2262 754 2291 eum
778 2246 940 2295 fecisse
956 2248 1002 2294 in
1020 2265 1130 2295 casu
1154 2258 1305 2295 nostro
1329 2257 1446 2295 certe
1473 2265 1559 2295 non
1583 2256 1779 2303 constat,

307 2317 396 2365 imo
426 2336 610 2383 prorsus
641 2332 813 2368 constat
847 2324 1140 2382 contrarium,
1170 2343 1222 2373 ac
1245 2324 1432 2389 proinde
1462 2340 1707 2389 numquam
1730 2339 1785 2370 ac

305 2398 514 2461 nuspiam
538 2398 729 2446 ecclesia
753 2401 928 2447 sanavit
952 2402 1283 2450 matrimonium
1308 2401 1465 2448 initum
1491 2418 1592 2448 cum
1616 2399 1782 2449 actuali

306 2473 622 2538 impedimento
655 2475 905 2539 ligaminis,
935 2479 1054 2542 quod
1090 2479 1200 2526 iuris
1234 2478 1375 2526 divini
1399 2488 1484 2525 est.
1513 2478 1580 2524 Ex
1602 2495 1692 2543 quo
1715 2493 1783 2524 se-

305 2549 456 2613 quitur
477 2551 627 2598 omnia
652 2551 859 2615 coniugia
875 2591 884 2609 ,
917 2571 1034 2618 quae
1067 2554 1176 2601 inita
1205 2555 1367 2602 suerint
1392 2571 1494 2601 cum
1520 2553 1674 2618 aliquo
1697 2553 1782 2598 im-

306 2622 559 2688 pedimento
583 2626 677 2674 sive
700 2627 811 2675 iuris
837 2645 991 2692 presse
1015 2630 1231 2679 naturalis
1257 2631 1352 2679 sive
1376 2629 1488 2676 iuris
1512 2622 1654 2676 divini
1677 2645 1780 2676 esse

304 2702 486 2750 omnino
520 2703 806 2752 insanabilia.

279 2767 285 2775 ’
404 2779 670 2843 Intelligitur
706 2782 750 2828 4.
782 2798 883 2828 cum
917 2800 1162 2833 consensus
1198 2795 1378 2832 mutuus
1409 2783 1536 2831 radix
1560 2782 1619 2830 sit
1651 2782 1780 2835 unio-

304 2855 375 2902 nis
414 2856 691 2920 coniugalis,
728 2875 913 2907 necesse
946 2876 1131 2924 prorsus
1168 2855 1300 2916 esse⁷
1340 2870 1391 2907 ut
1421 2859 1496 2907 hic
1530 2876 1779 2908 consensus
