1980 3260
238 211 330 248 mr.
347 214 388 247 v.
402 215 454 246 nn
473 215 755 247 ECGL.POT.1N
774 213 891 246 cAus.
905 214 1030 246 nnn.
1049 213 1097 245 Ac
1111 214 1154 245 ιΝ
1172 213 1314 254 spons.
1329 214 1421 246 Aur.
1436 213 1481 245 11.
1559 191 1648 244 193

272 294 446 342 Etenim
495 293 656 359 synodi
707 292 990 358 pistoriensis
1031 291 1232 358 adeoque
1273 293 1417 358 Nuytz
1457 291 1658 340 doctrina

175 369 296 418 circa
329 370 584 436 sponsalia,
626 386 714 418 non
748 379 816 417 est
844 369 932 418 nisi
968 368 1249 418 corollarium
1285 368 1494 435 principii
1528 378 1659 416 antea

175 447 403 495 constituti
446 447 503 494 de
546 456 762 512 potestate
801 445 983 511 politica
1020 445 1066 492 in
1108 445 1456 493 matrimonium.
1508 444 1659 510 Siqui-

174 521 277 569 dem
311 522 448 570 semel
480 522 624 587 posito
658 521 778 587 quod
818 520 1071 586 Principum
1106 520 1165 568 sit
1198 520 1528 568 matrimonium
1563 536 1656 568 mo-

175 597 321 645 derari
345 635 355 654 ,
403 597 694 661 eiusdemque
737 596 1056 661 impedimenta
1100 597 1355 644 dirimentia
1400 597 1658 644 auctoritate

176 674 356 739 propria
390 672 686 728 constituere,
729 682 805 718 aut
838 672 1062 729 relaxare,
1104 689 1264 720 causas
1303 672 1652 720 matrimoniales

174 765 439 813 cognoscere
462 765 514 795 ac
538 747 760 804 iudicare,
784 765 971 811 pronum
996 759 1090 795 erat
1113 749 1275 796 inferre
1293 749 1527 813 sponsalia
1546 766 1654 814 quo-

173 843 282 890 que,
305 834 457 888 utpote
480 832 627 870 actum
651 821 960 886 disponentem
985 823 1042 870 ad
1067 823 1265 886 coniugii
1284 823 1650 881 celebrationem,

173 909 217 946 et
248 916 350 947 cum
379 915 432 946 eo
467 898 621 944 intime
655 914 902 945 connexum
926 915 952 944 a
985 898 1200 961 regimine
1230 897 1409 962 politico
1442 900 1649 963 pendere.

172 977 307 1023 Porro
330 992 469 1040 quum
494 974 766 1040 principium
783 974 1005 1022 eiusmodi
1030 973 1190 1021 salsum
1206 1012 1216 1031 ,
1239 991 1496 1031 erroneum,
1520 975 1654 1022 immo

170 1069 274 1101 vero
297 1062 340 1100 et
359 1051 631 1099 haereticum
655 1049 810 1098 haberi
835 1049 1010 1107 debeat,
1033 1050 1155 1097 iuxta
1178 1068 1231 1098 ea
1254 1068 1371 1116 quae
1389 1050 1489 1099 fuse
1512 1062 1655 1099 osten-

172 1128 322 1177 dimus
341 1167 351 1186 ,
390 1145 473 1176 nos
500 1145 553 1175 ex
587 1127 806 1175 contrario
831 1127 1054 1192 principio
1087 1126 1340 1191 colligimus
1365 1127 1463 1175 iure
1487 1128 1654 1192 optimo

170 1205 307 1254 veluti
344 1205 503 1253 falsam
521 1243 532 1263 ,
569 1221 822 1261 erroneam,
852 1221 905 1251 ac
939 1203 1165 1252 haeretica
1188 1203 1289 1252 labe
1313 1204 1522 1252 infectam
1552 1221 1655 1270 pro-

172 1282 385 1348 scriptam
420 1282 563 1330 fuisse
596 1280 931 1347 pseudosynodi
970 1298 1021 1329 ac
1051 1281 1348 1346 Nepomuceni
1386 1282 1530 1347 Nuytz
1575 1281 1655 1330 do-

173 1368 379 1406 ctrinam.

268 1434 354 1482 Sed
378 1444 421 1482 et
443 1452 497 1482 ex
521 1436 678 1483 intima
701 1435 764 1483 rei
789 1445 947 1483 natura
971 1434 1017 1481 id
1042 1436 1191 1500 ipsum
1220 1435 1511 1483 adstruimus»
1540 1434 1651 1483 Cum

169 1511 288 1559 enim
312 1511 643 1559 matrimonium
668 1512 964 1560 christianum
990 1513 1048 1559 sit
1071 1530 1098 1560 a
1116 1511 1292 1559 Christo
1311 1511 1367 1559 ad
1386 1513 1651 1560 sacramenti

169 1586 430 1651 dignitatem
461 1597 660 1635 evectum
677 1626 687 1646 ,
721 1605 773 1636 ac
797 1605 843 1635 re
872 1588 1179 1635 indistinctum
1204 1605 1231 1635 a
1255 1587 1447 1635 naturali
1478 1599 1653 1637 contra-

170 1672 267 1720 ctu,
295 1663 478 1711 omnino
513 1664 826 1729 consequitur,
858 1664 978 1729 quod
1008 1665 1047 1711 si
1082 1663 1192 1711 illud
1228 1682 1282 1711 ex
1310 1664 1465 1712 divina
1497 1664 1653 1730 dispo-

170 1739 333 1787 sitione
368 1740 569 1788 subiacet
601 1740 816 1788 ecclesiae
850 1741 1084 1806 potestati,
1127 1740 1358 1788 subiacere
1399 1742 1652 1790 necessario

168 1816 359 1864 debeant
389 1817 590 1865 eiusdem
625 1818 875 1866 auctoritati
903 1817 1133 1883 sponsalia
1156 1828 1307 1883 utpote
1339 1835 1457 1883 quae
1485 1819 1543 1866 ad
1576 1836 1651 1867 sa-

169 1903 444 1941 cramentum
480 1893 562 1940 rite
596 1893 934 1959 suscipiendum
959 1893 1220 1958 disponunt.
1259 1893 1327 1940 Ad
1357 1911 1459 1941 eum
1492 1911 1652 1959 nempe

168 1970 376 2029 modum,
417 1987 507 2036 quo
541 1970 936 2018 catechumenatus
971 1980 1176 2035 respectu
1215 1969 1458 2035 baptismi,
1497 1987 1550 2018 ac
1582 1970 1651 2017 di-

167 2046 437 2113 spositiones
473 2047 681 2112 praeviae
714 2047 769 2094 ad
799 2057 1077 2095 sacramenta
1110 2045 1282 2111 reliqua
1306 2045 1468 2093 debent
1497 2045 1555 2094 ab
1579 2063 1652 2095 ec-

166 2122 308 2172 clesia
349 2123 483 2170 unice
521 2123 682 2187 dirigi,
720 2123 829 2171 adeo
863 2134 911 2170 ut
952 2123 1051 2187 ipsa
1090 2133 1133 2170 et
1165 2122 1344 2188 quidem
1378 2122 1475 2171 sola
1507 2123 1651 2188 possit

166 2199 423 2264 disponere,
447 2199 693 2256 moderari,
716 2200 966 2247 diiudicare
981 2238 991 2256 ,
1013 2200 1249 2248 decernere
1272 2217 1387 2265 quae
1410 2199 1468 2248 ad
1492 2200 1649 2248 eadem

165 2273 340 2334 valide,
362 2277 482 2324 licite
506 2287 639 2341 atque
657 2294 758 2324 cum
778 2277 921 2324 fructu
944 2276 1232 2342 suscipienda
1250 2276 1560 2342 requiruntur,
1584 2277 1650 2325 sic

165 2352 300 2400 etiam
335 2354 477 2401 solius
511 2353 727 2402 ecclesiae
761 2363 830 2400 est
863 2352 919 2402 ob
952 2353 1157 2401 intimum
1186 2370 1346 2401 nexum
1380 2371 1513 2419 quem
1548 2371 1648 2401 cum

166 2429 390 2478 connubio
413 2430 727 2478 sacramentali
752 2430 917 2478 habent
940 2429 1169 2495 sponsalia
1184 2468 1194 2487 ,
1223 2447 1276 2477 ea
1299 2448 1476 2494 regere,
1511 2430 1567 2477 de
1591 2430 1647 2477 iis

165 2506 406 2572 disponere
424 2545 434 2564 ,
473 2506 593 2571 leges
630 2516 849 2565 statuere,
885 2507 1034 2572 deque.
1063 2507 1259 2572 ipsorum
1283 2506 1432 2555 valore
1456 2523 1507 2553 ac
1540 2505 1650 2568 legi-

165 2583 353 2631 timitate
388 2583 604 2631 iudicium
639 2584 766 2631 serre.

261 2660 360 2708 Huc
394 2660 566 2709 accedit
598 2661 717 2726 quod
753 2678 806 2708 ex
837 2660 1122 2726 sponsalibus
1155 2661 1471 2727 impedimenta
1502 2658 1649 2705 orian-

165 2747 236 2783 tur
264 2737 360 2785 sive
393 2737 649 2786 dirimentia
680 2738 774 2786 sive
799 2738 1089 2804 impedientia
1112 2737 1442 2787 matrimonium
1459 2774 1469 2793 ,
1496 2745 1546 2782 ut
1570 2752 1649 2799 pa*

166 2823 226 2860 tet
252 2830 305 2860 ex
338 2813 657 2878 impedimento
693 2813 901 2879 publicae
937 2814 1207 2871 honestatis,
1240 2812 1358 2878 quod
1394 2810 1646 2873 coniugium

274 2907 306 2942 ll
1544 2909 1586 2940 13
