1980 3260
305 246 397 280 CAP.
415 247 489 280 vll.
508 247 560 280 m:
579 248 704 280 MATR.
723 247 851 280 INFID.
870 246 955 280 CUM
973 246 1107 279 FIDEL.
1126 245 1205 278 VEL
1223 245 1308 278 lNT.
1325 245 1388 278 SE.
1411 245 1505 278 ΛΒΤ.
1523 245 1553 277 1.
1629 227 1719 275 303

339 325 459 374 Licet
490 343 595 374 vero
630 343 788 391 parum
822 325 984 374 referre
1016 324 1221 374 videatur
1242 324 1299 371 ad
1330 324 1393 372 rei
1423 323 1721 372 substantiam

242 402 363 468 quod
399 403 582 461 attinet,
615 403 712 451 sive
737 402 912 450 dicatur
944 419 1045 450 cum
1079 401 1346 449 Bellarmino
1381 400 1573 466 aliisque
1608 417 1723 449 com—

244 478 448 544 pluribus
483 480 668 526 minime
702 479 867 544 requiri
901 495 1148 526 consensus
1184 495 1439 543 expressam
1476 477 1724 525 renovatio-

242 573 344 604 nem
376 567 477 621 post
511 557 782 622 baptismum
805 594 815 612 ‚
853 566 903 603 ut
936 555 1184 602 infidelium
1220 555 1476 618 coniugium
1518 565 1722 602 naturam

241 632 400 680 induat
435 632 728 689 sacramenti;
774 632 869 679 sive
902 648 1002 678 cum
1035 632 1261 696 Laymann
1282 666 1293 688 ‚
1331 631 1498 695 Kugler
1531 631 1723 696 aliisque

241 725 330 756 non
367 708 525 772 paucis
566 708 754 755 huiusce
795 707 1096 755 renovationis
1138 708 1384 756 necessitas
1425 708 1482 755 ad
1516 707 1722 756 eumdem

240 783 375 830 finem
410 782 692 837 admittatur,
727 782 839 829 illud
874 793 1042 830 certum
1077 782 1446 847 exploratumque
1468 794 1559 839 est,
1588 782 1725 831 eccle-

239 858 353 907 siam
375 895 386 915 ,
423 858 538 923 ipsis
574 858 844 906 adversariis
879 858 1118 906 fatentibus
1143 896 1153 915 ‚
1200 875 1457 923 expressam
1501 859 1723 907 eiusmodi

239 935 570 983 renovationem
607 934 663 982 ab
696 934 753 981 iis
789 951 877 982 non
912 950 1152 999 exposcere
1179 934 1408 982 conversis
1429 972 1439 992 ,
1477 951 1623 999 neque
1646 952 1723 983 eos

240 1011 423 1076 adigere
455 1011 513 1059 ad
549 1010 854 1075 recipiendam
889 1010 1135 1058 sacerdotis
1181 1010 1565 1067 benedictionem3
1607 1021 1650 1059 et
1684 1011 1723 1058 si

240 1087 422 1153 quando
451 1104 528 1135 eos
562 1087 619 1134 ad
655 1086 778 1133 illam
813 1086 1115 1151 recipiendam
1149 1086 1375 1143 hortatur,
1415 1104 1627 1151 expresse
1657 1097 1724 1134 ta-

240 1180 343 1211 men
363 1173 511 1211 monet
528 1180 626 1210 eam
644 1162 828 1209 minime
846 1162 1012 1227 requiri
1031 1162 1089 1209 ad
1108 1162 1303 1226 coniugii
1325 1162 1579 1210 firmitatem
1598 1164 1716 1226 (21).

240 1240 433 1288 Adnotat
456 1250 683 1305 praeterea
699 1239 883 1287 Bossius
908 1257 1009 1287 cum
1033 1239 1227 1288 Ricciolo
1246 1278 1255 1296 ‚
1287 1249 1430 1288 aetate
1453 1257 1535 1288 sua
1559 1241 1724 1289 Romae

241 1315 427 1363 minime
453 1315 706 1363 adhibitum
725 1315 866 1363 fuisse
885 1315 1018 1362 ritum
1034 1314 1359 1364 benedictionis
1377 1315 1594 1381 nuptialis
1619 1332 1724 1380 erga

241 1392 453 1455 coniuges
482 1391 539 1439 ad
576 1391 711 1438 fidem
742 1408 979 1440 conversos
1010 1392 1127 1454 (22).

335 1469 393 1516 Et
414 1468 573 1516 merito
593 1488 602 1525 ;
633 1468 856 1533 siquidem
884 1478 934 1515 ut
962 1467 1097 1533 paulo
1122 1478 1225 1516 ante
1248 1468 1610 1517 animadversum
1634 1479 1718 1526 est,

239 1561 342 1592 cum
383 1545 545 1609 iugiter
579 1562 659 1592 seu
700 1545 928 1592 moraliter
968 1555 1220 1610 perseveret
1259 1545 1304 1592 in
1346 1545 1420 1592 his
1455 1545 1721 1610 coniugibus

239 1638 487 1670 consensus
515 1621 591 1669 ille
620 1638 709 1686 quo
743 1621 938 1685 primum
969 1621 1167 1685 ipsorum
1203 1621 1387 1686 nuptiae
1413 1620 1562 1669 valide
1585 1639 1637 1669 ac
1659 1621 1724 1670 le-

238 1697 394 1761 gitime
426 1697 675 1745 celebratae
711 1707 838 1754 sunt,
880 1697 1004 1744 nulla
1037 1708 1223 1762 apparet
1262 1698 1406 1755 ratio,
1450 1715 1590 1763 quare
1623 1709 1724 1764 post

238 1774 511 1839 baptismum
548 1774 749 1822 renovari
787 1774 962 1821 debeat.
1000 1774 1210 1822 Virtualis
1246 1774 1468 1839 siquidem
1503 1774 1579 1822 ille
1618 1792 1723 1823 con-

240 1867 402 1898 sensus
438 1851 669 1899 materiam
699 1868 752 1898 ex
783 1867 831 1898 se
862 1850 1044 1915 praebet
1074 1861 1351 1898 sacramento
1381 1851 1657 1899 conficiendo
1680 1861 1724 1900 et

239 1926 427 1975 formam
460 1945 551 1992 qua
590 1927 749 1975 initum
786 1927 869 1974 fuit
908 1927 1034 1992 prius
1067 1927 1114 1973 in
1149 1927 1411 1975 infidelitate
1445 1927 1716 1990 coniugium.

240 2003 429 2051 Perinde
468 2004 587 2051 enim
626 2014 696 2052 est
734 2021 786 2052 ac
820 2004 859 2051 si
895 2003 970 2051 hic
1004 2014 1048 2051 et
1084 2021 1202 2051 nunc
1234 2004 1567 2052 contraheretur
1599 2021 1722 2052 more

238 2079 501 2128 christiano.

337 2157 467 2213 Quod
491 2157 671 2205 demum
703 2169 876 2223 spectat
898 2157 1158 2214 corollaria,
1187 2174 1303 2222 quae
1320 2174 1374 2205 ex
1391 2157 1602 2205 alterutra
1625 2174 1723 2205 sen-

240 2233 379 2281 tentia
403 2233 691 2299 proveniunt,
721 2234 833 2281 haec
858 2244 962 2281 sunt
986 2233 1269 2299 potissimum
1290 2253 1299 2281 :
1337 2235 1380 2280 1.
1404 2234 1525 2299 quod
1549 2234 1595 2280 in
1620 2251 1723 2282 sen-

337 2346 404 2388 (21)
426 2348 509 2379 Sane
533 2347 567 2379 in
591 2346 691 2379 simili
716 2356 811 2389 casu,
838 2356 913 2380 cum
936 2347 1073 2389 petitum
1098 2347 1210 2388 ruerit,
1242 2347 1352 2380 utrum
1371 2347 1428 2390 qui
1446 2356 1510 2380 non
1534 2348 1724 2389 receperunt

239 2399 417 2433 sacerdotis
442 2400 700 2433 benedictionem
719 2410 791 2433 eam
809 2401 960 2442 supplere
983 2400 1154 2442 deberent,
1173 2409 1362 2442 responsum
1382 2401 1460 2433 fuit:
1479 2400 1632 2433 «Fideles
1648 2401 1721 2432 hor-

236 2452 356 2486 tandos
370 2462 440 2486 esse
455 2455 606 2486 ut...eam
620 2455 731 2495 petant
745 2463 764 2485 a
777 2453 962 2494 sacerdote,
980 2453 1035 2495 qui
1055 2454 1164 2486 tamen
1181 2453 1248 2486 illis
1263 2453 1442 2487 declarabit
1461 2451 1647 2485 huiusmodi
1667 2452 1721 2484 be·

237 2505 457 2538 nedictionem
472 2506 519 2539 ad
533 2506 755 2539 validitatem
771 2507 987 2539 matrimonii
999 2507 1142 2539 minime
1157 2508 1364 2548 pertinere.»
1374 2506 1468 2548 Apud
1484 2507 1590 2538 Moser
1602 2505 1635 2536 in
1652 2504 1722 2537 Col·

238 2557 316 2591 lect.
332 2558 565 2591 declaration.
580 2568 622 2592 ac
642 2559 811 2592 decretor.
829 2568 862 2591 n.
875 2561 931 2592 lx.

333 2613 467 2645 Praesto
488 2612 571 2644 mihi
593 2614 759 2654 praeterea
780 2614 828 2645 est
849 2612 1014 2646 decretum
1036 2622 1185 2655 congreg.
1209 2622 1237 2646 s.
1261 2613 1318 2646 off.
1334 2618 1363 2646 5.
1381 2612 1474 2645 Febr.
1496 2614 1585 2644 1780.
1602 2610 1635 2642 in
1656 2619 1723 2651 quo

236 2664 317 2698 haec
332 2665 509 2698 habentur:
526 2667 838 2699 «voluitsanctitas
852 2675 912 2699 sua
927 2667 939 2706 (
954 2667 1030 2700 Pius
1044 2668 1124 2708 VI.)
1141 2666 1363 2699 adhortandos
1384 2665 1494 2697 fideles
1507 2689 1516 2704 ,
1537 2665 1574 2697 ut
1595 2664 1720 2696 missio-

236 2717 330 2751 nario
345 2718 464 2752 reduce
473 2744 482 2760 ‚
494 2728 529 2752 se
545 2728 579 2752 se
593 2720 730 2760 sistant,
745 2720 786 2752 ab
800 2728 903 2761 eoque
916 2719 1175 2753 benedictionem
1190 2721 1319 2761 petant,
1329 2720 1476 2760 praevia
1492 2719 1606 2749 tamen
1616 2715 1723 2756 sacta

235 2768 474 2805 declaratione
488 2780 508 2804 a
522 2772 741 2814 missionario,
757 2772 1018 2806 benedictionem
1033 2772 1222 2806 huiusmodi
1236 2772 1283 2804 ad
1301 2770 1524 2804 validitatem
1544 2770 1722 2802 matrimo-

235 2823 287 2856 nii
306 2831 528 2868 nequaquam
547 2828 756 2868 pertinere.»

334 2877 400 2919 (22)
423 2880 472 2911 De
492 2880 661 2913 contract.
681 2881 836 2913 matrim.
858 2879 945 2921 apud
961 2880 1082 2922 Kugler
1098 2889 1131 2921 q.
1149 2881 1219 2911 Vll.
1237 2888 1269 2911 n.
1289 2881 1348 2911 403
1362 2878 1395 2909 et
1409 2879 1480 2910 404.

346 2935 380 2971 11
1616 2937 1662 2969 20
