1980 3260
308 246 401 278 GAP.
417 245 476 278 VI.
490 245 541 278 DE
561 246 686 279 MATR.
703 245 879 278 uAERET.
894 245 977 278 lNT.
995 246 1042 277 SE
1058 245 1138 277 VEL
1156 245 1238 278 ΘΗΜ
1256 245 1378 277 cun.
1397 245 1489 278 ΛΒΤ.
1506 245 1566 277 111.
1608 229 1698 276 247

232 324 306 371 nis
324 336 367 372 et
385 324 569 389 periculi
590 336 734 373 motus
752 325 796 371 in
815 324 1058 373 catholicae
1077 324 1303 388 religionis
1326 324 1567 389 perniciem
1590 325 1700 373 soret

232 401 558 465 expectandus;
598 401 841 466 posteriora
867 411 1036 457 autem,
1069 400 1241 448 scilicet
1271 400 1576 448 catholicorum
1605 418 1700 448 cum

233 477 479 532 haereticis,
518 493 634 542 quae
666 476 907 541 apostolica
942 476 1096 534 sedes,
1124 486 1255 541 prout
1277 494 1333 524 ex
1355 476 1509 524 eodem
1527 514 1537 534 ,
1566 494 1699 542 quem

231 552 389 602 laudas
408 591 419 609 ,
447 552 520 600 fel.
550 570 638 600 rec.
667 553 890 601 Benedicti
908 554 1014 600 xlv.
1045 553 1176 618 plane
1206 552 1416 601 didiceris
1433 590 1443 610 ,
1473 553 1519 600 in
1544 553 1701 618 aliqui-

230 628 317 676 bus
342 627 477 685 locis,
505 645 606 676 cum
630 646 683 676 ea
707 629 922 694 impedire
946 646 1033 677 non
1056 629 1222 686 valeat,
1252 629 1404 677 tolerat
1425 629 1631 694 quidem,
1657 639 1701 677 et

229 703 536 752 ecclesiastica
570 705 764 769 quadam
793 705 1049 770 prudentia,
1078 705 1482 762 commiseratione,
1509 715 1553 753 et
1574 723 1701 753 man-

227 779 486 836 suetudine,
520 797 576 827 ne
607 780 777 827 maiora
810 791 1079 828 enascantur
1100 780 1241 834 mala,
1268 780 1524 828 dissimulat
1546 783 1695 844 (69).»

322 855 555 904 Eiusmodi
582 874 712 921 porro
728 857 1133 904 dissimulationem
1155 857 1380 904 aestimari
1407 857 1588 905 omnino
1611 875 1700 906 non

226 947 359 996 posse
393 941 620 996 tamquam
654 932 1027 996 approbationem,
1057 943 1185 998 prout
1207 932 1391 997 quidam
1415 943 1701 981 autumarunt

225 1008 346 1056 iuxta
380 1009 578 1073 regulam
608 1009 784 1073 glossae
818 1011 934 1071 (70),
969 1020 1091 1074 patet
1114 1020 1206 1057 tum
1230 1027 1283 1056 ex
1307 1009 1410 1057 aliis
1443 1008 1664 1075 capitibus
1687 1049 1697 1067 ,

227 1096 319 1133 tum
342 1103 396 1134 ex
419 1086 717 1134 declaratione
741 1085 937 1150 Gregorii
955 1086 1064 1132 XVI.
1088 1086 1145 1133 de
1161 1085 1418 1134 extensione
1433 1123 1443 1143 ,
1473 1096 1524 1133 ut
1547 1097 1701 1151 postea

225 1162 502 1220 videbimus,
543 1163 854 1211 benedictinae
886 1162 1121 1210 decretalis
1157 1163 1214 1210 ad
1246 1162 1521 1226 Hungariam
1540 1200 1550 1219 ,
1587 1181 1703 1228 quae

225 1238 370 1287 locum
395 1240 561 1288 habere
583 1257 671 1288 non
695 1239 940 1305 potuisset,
969 1239 1009 1287 si
1035 1239 1112 1286 illa
1137 1235 1440 1287 dissimulatio
1475 1250 1701 1304 tamquam

222 1315 360 1363 tacita
377 1316 640 1382 approbatio
664 1316 865 1365 eiusdem
889 1316 1162 1364 extensionis
1185 1315 1341 1364 haberi
1365 1316 1610 1364 debuisset.
1635 1316 1701 1363 Ad

225 1406 450 1438 summum
483 1409 535 1438 ex
570 1391 791 1439 eiusmodi
832 1391 1188 1439 dissimulatione
1227 1391 1366 1456 repeti
1403 1401 1557 1456 posset
1594 1392 1702 1438 bona

222 1464 350 1531 fide-3,
379 1485 516 1532 quam
546 1478 726 1524 vocant,
767 1467 966 1525 illorum,
995 1467 1072 1532 qui
1098 1467 1304 1531 coniugia
1337 1467 1486 1515 valide
1519 1485 1569 1515 se
1602 1484 1703 1515 con-

223 1543 400 1592 trahere
431 1555 616 1592 censent
648 1544 694 1590 in
729 1543 867 1601 locis,
896 1544 942 1591 in
965 1543 1131 1609 quibus
1156 1543 1380 1593 decretum
1414 1543 1700 1592 tridentinum

223 1620 554 1685 promulgatum
578 1631 662 1669 est.

319 1697 384 1744 De
407 1697 561 1745 eadem
585 1697 794 1762 prudenti
819 1697 1203 1755 dissimulatione,
1225 1715 1315 1762 qua
1332 1698 1470 1745 utitur
1493 1697 1696 1754 ecclesia,

223 1772 313 1821 alia
336 1784 579 1839 suppetunt
601 1773 880 1822 documenta.
900 1775 950 1821 ln
969 1791 1060 1822 sac.
1083 1792 1291 1838 congreg.
1316 1773 1518 1830 concilii,
1542 1791 1700 1838 quam-

222 1848 293 1896 vis
327 1859 531 1912 ageretur
563 1849 620 1897 de
649 1849 906 1912 regionibus
946 1849 993 1896 in
1031 1849 1197 1914 quibus
1234 1849 1473 1897 concilium
1517 1849 1695 1896 trident,

224 1924 501 1991 publicatum
526 1925 683 1982 suerat,
712 1925 967 1990 respondit:
990 1926 1082 1973 «Ne
1105 1925 1333 1983 catholici,
1356 1925 1433 1991 qui
1458 1924 1701 1990 aliquando

223 2001 552 2050 matrimonium
588 2019 690 2050 cum
725 2002 962 2049 haereticis
997 2002 1194 2049 inierunt
1228 2002 1326 2049 sine
1359 2001 1543 2066 parochi
1579 2018 1702 2066 prae-

221 2076 396 2135 sentia,
435 2079 619 2125 nimium
646 2078 856 2142 gravibus
885 2077 1170 2124 obiicerentur
1192 2077 1401 2142 periculis
1435 2079 1518 2140 (ut
1539 2076 1702 2140 legitur

223 2154 270 2200 in
294 2153 469 2218 Iprensi
487 2154 535 2217 §-
566 2154 893 2216 Verumtamen)
931 2153 1073 2202 noluit
1100 2154 1157 2202 de
1185 2153 1442 2202 eorumdem
1474 2153 1701 2202 matrimo-

224 2230 398 2277 niorum
424 2229 626 2277 nullitate
650 2230 882 2295 quidpiam
903 2230 1127 2278 edicere.»
1143 2229 1314 2277 Deinde
1338 2229 1603 2294 rescriptum
1628 2228 1700 2275 his

221 2306 371 2354 verbis
405 2315 675 2354 coarctatum
709 2306 828 2353 fuit:
868 2305 979 2353 «Ad
1016 2317 1204 2354 mentem
1238 2323 1339 2353 cum
1372 2305 1695 2361 Sanctissimo,

222 2382 419 2438 scilicet,
459 2382 499 2430 si
531 2393 652 2430 esset
681 2382 1041 2447 respondendum
1074 2382 1237 2439 dubio,
1271 2392 1391 2430 esset
1426 2381 1699 2446 responden—

219 2459 327 2505 dum
352 2460 547 2523 neqative
563 2478 586 2503 »
606 2459 650 2505 id
674 2470 743 2506 est
765 2476 866 2507 esse
890 2458 1099 2507 invalida.

315 2596 383 2637 (69)
404 2595 499 2637 Apud
514 2595 708 2637 Roskovany
724 2597 775 2628 De
789 2597 894 2629 matr.
913 2597 1034 2629 mixtis
1050 2596 1338 2638 tom.11.p.539§.
1352 2596 1518 2633 Noveris,
1534 2594 1579 2626 ita
1597 2603 1695 2626 mauu

220 2648 351 2690 propria
369 2657 389 2680 a
409 2649 467 2681 Pio
486 2650 542 2681 VI.
564 2649 642 2680 hacc
663 2648 763 2681 verba
789 2647 912 2689 digesta
934 2649 1019 2680 sunt.
1035 2648 1073 2680 Id
1092 2649 1198 2689 ipsum
1217 2649 1374 2689 scriptum
1392 2647 1453 2679 ruit
1468 2654 1518 2677 an.
1541 2648 1629 2678 1794.
1646 2651 1696 2678 28.

220 2702 354 2742 August.
370 2700 451 2734 seria
464 2703 503 2733 V.
520 2701 561 2732 ad
577 2701 675 2741 episc.
692 2700 870 2741 agriensem
888 2700 923 2732 in
937 2700 1111 2741 ilungaria.

316 2754 382 2794 (70)
404 2755 441 2786 ln
461 2763 532 2795 cap.
549 2756 660 2795 Super
681 2763 718 2786 eo
738 2754 781 2786 de
797 2756 933 2795 coquat.
947 2756 1060 2796 spirit.
1077 2754 1132 2786 ubi
1155 2763 1251 2794 super
1270 2753 1326 2784 illa
1343 2753 1457 2784 verba:
1474 2752 1699 2784 dissimulare

219 2807 350 2847 poteris
364 2806 443 2839 haec
458 2805 570 2839 habet:
584 2821 599 2835 «
609 2806 697 2838 Talis
713 2806 928 2838 dissimulatio
946 2806 1018 2839 loco
1027 2806 1246 2849 probationis
1269 2806 1395 2838 tacitae
1412 2804 1565 2843 habetur,
1581 2805 1613 2837 et
1633 2813 1696 2837 me·

220 2859 302 2900 rito,
318 2867 393 2893 cum
408 2859 535 2893 nullum
555 2859 661 2893 subsit
678 2859 982 2901 impedimentum„
