1980 3260
266 239 356 271 cAP.
376 240 422 271 11.
440 240 492 271 ΒΕ
512 239 628 271 Eccl..
644 239 784 270 Porus.
803 238 945 275 QONST.
962 238 1047 270 mr.
1068 239 1192 270 MATR.
1210 239 1294 271 Dm.
1312 239 1404 270 ΛΒΤ.
1422 238 1480 270 IV.
1554 221 1610 269 73

155 334 243 364 non
278 334 437 380 posse,
474 317 593 382 quod
628 316 858 364 ecclesiam
894 332 1028 380 posse
1060 315 1250 380 Spiritus
1272 317 1458 364 Sanctus
1490 333 1618 364 oecu-

155 394 353 441 menicae
387 393 548 458 synodi
583 393 762 441 oraculo
788 393 1028 441 declaravit
1049 394 1198 454 (96).»

252 469 474 516 Hactenus
509 469 689 534 quidem
723 469 827 515 Pius
860 469 930 515 vl.
960 469 1006 514 in
1041 468 1197 515 litteris
1231 468 1349 515 datis
1377 486 1450 515 an.
1471 470 1610 515 1782ὁ

156 545 239 592 hac
282 562 419 609 super
459 562 505 591 re
533 583 543 602 ,
593 545 671 609 qui
716 544 877 591 deinde
918 545 963 590 in
1003 543 1325 591 Constitutione
1369 543 1618 607 dogmatica

155 622 376 668 Auctorem
406 621 511 684 fidei
537 620 654 667 edita
683 637 757 666 an.
782 622 923 666 1794.
958 620 1171 667 adversus
1207 619 1617 684 pseudo-synodum

157 697 464 762 pistoriensem
481 733 491 751 ‚
526 713 640 759 quae
669 695 854 742 eandem
879 696 935 742 de
958 696 1199 743 adventitia
1228 695 1442 743 ecclesiae
1474 706 1619 743 aucto-

156 772 284 818 ritate
316 770 561 817 doctrinam
595 770 821 833 adoptavit
848 771 1136 834 insequentes
1166 771 1491 835 propositiones
1514 789 1620 819 con-

157 847 278 894 fixit:
316 847 400 892 LX.
446 865 468 890 «
494 845 704 892 Doctrina
738 846 899 910 synodi
933 863 1168 902 asserens,
1207 846 1264 892 ad
1296 864 1540 910 supremam
1566 849 1621 893 ci-

155 923 286 970 vilem
320 931 572 986 potestatem
616 921 847 968 dumtaxat
880 922 1114 985 oriqinarie
1152 932 1340 985 spectare
1386 925 1622 969 contractui

157 998 425 1045 matrimonii
456 1013 664 1060 apponere
698 996 999 1059 impedimenta
1022 998 1112 1043 eius
1134 998 1322 1060 qeneris,
1351 1014 1460 1060 quae
1481 998 1622 1060 ipsum

157 1074 326 1120 nullum
361 1072 567 1126 reddant,
608 1071 890 1135 dicunturque
924 1072 1201 1128 dirimentia;
1241 1072 1354 1136 quod
1376 1074 1456 1119 ius
1489 1071 1622 1135 oriqi-

157 1150 331 1196 narium
356 1184 368 1203 ,
415 1154 640 1212 praeterea
681 1146 842 1194 dicitur
887 1165 982 1195 cum
1026 1149 1118 1194 iure
1163 1147 1446 1211 disPensandi
1483 1164 1622 1194 essen-

159 1224 322 1271 tialiter
345 1240 594 1283 ,conneoeum
616 1258 629 1278 ‚
678 1222 986 1286 subiungens,
1037 1223 1253 1286 supposito
1304 1239 1506 1277 assensu,
1555 1223 1623 1269 vel

159 1302 429 1347 conniventia
446 1300 693 1363 principum
704 1300 894 1363 potuisse
912 1301 1131 1346 ecclesiam
1150 1301 1257 1346 iuste
1275 1301 1525 1347 constituere
1548 1300 1624 1345 ima

152 1376 399 1440 pedimenta
422 1376 670 1422 dirimentia
703 1377 846 1439 ipsum
880 1386 1144 1423 contractum
1167 1377 1445 1422 matrimonii.
1483 1375 1621 1431 Quasi

156 1451 345 1499 ecclesia
378 1468 466 1499 non
499 1469 674 1516 semper
706 1452 921 1515 potuerit,
960 1470 1012 1500 ac
1047 1453 1188 1517 possit
1211 1453 1256 1498 in
1281 1452 1624 1499 christianorum

159 1528 453 1575 matrimoniis
487 1529 578 1575 iure
613 1530 790 1592 proprio
824 1528 1138 1593 impedimenta
1171 1529 1439 1576 constituere
1462 1566 1472 1584 ,
1510 1529 1626 1593 quae

160 1603 488 1651 matrimonium
522 1621 609 1652 non
649 1603 793 1652 solum
830 1605 1097 1669 impediant,
1138 1606 1215 1653 sed
1251 1616 1294 1652 et
1326 1604 1496 1651 nullum
1532 1605 1625 1652 red-

160 1678 268 1726 dant
296 1679 443 1743 quoad,
464 1679 715 1736 vinculum,
743 1680 908 1745 quibus
942 1681 1177 1728 christiani
1211 1681 1410 1728 obstricti
1447 1691 1625 1728 tenean—

161 1765 252 1811 tur,
280 1755 412 1802 etiam
443 1755 490 1801 in
525 1755 651 1802 terris
686 1751 933 1802 infidelium
952 1795 961 1813 ‚
991 1757 1036 1802 in
1061 1756 1319 1820 eisdemque
1342 1756 1619 1819 dispensare.

164 1831 385 1877 Canonum
404 1832 448 1876 3.
477 1832 521 1879 4.
545 1833 588 1877 9.
614 1833 689 1877 12.
713 1849 826 1879 sess.
852 1833 927 1878 24.
954 1833 1140 1879 Concilii
1163 1832 1388 1879 tridentini
1414 1834 1621 1886 eversiva‚

162 1907 424 1953 haeretica.»
449 1908 578 1971 Prop.
602 1908 709 1954 LXI.
736 1927 759 1953 «
774 1909 880 1955 Item
904 1909 1072 1971 rogatio
1103 1909 1262 1973 synodi
1286 1908 1342 1954 ad
1366 1917 1626 1972 potestatem

160 1981 335 2029 civilem
353 2019 364 2039 ‚
402 1991 450 2029 ut
483 2000 503 2029 e
537 2000 708 2029 numero
746 1983 1141 2046 impedimentorum
1178 1984 1300 2030 tollat
1338 1984 1629 2047 eoqnationem

160 2057 456 2120 spiritualem.
481 2068 664 2104 ...tum
699 2069 747 2104 ut
778 2060 1011 2121 restrinqat
1042 2057 1389 2121 impedimentum
1431 2059 1628 2123 affinita-

163 2133 218 2179 tis
252 2133 616 2188 etc.-Quatenus
657 2134 777 2181 civili
812 2134 1017 2198 potestati
1051 2135 1122 2181 ius
1163 2134 1362 2181 attribuit
1395 2134 1490 2181 sive
1528 2134 1628 2182 abo-

162 2207 308 2264 lendi,
343 2208 436 2255 sive
464 2208 758 2271 restringendi
788 2208 1102 2273 impedimenta
1134 2208 1348 2256 ecclesiae
1376 2209 1630 2256 auctoritate

162 2284 399 2332 constituta
431 2283 501 2331 vel
536 2284 846 2348 comprobata:
891 2284 993 2331 item
1028 2302 1117 2349 qua
1159 2295 1280 2350 parte
1315 2285 1526 2350 supponit
1558 2302 1629 2332 ec-

163 2358 343 2406 clesiam
383 2376 464 2423 per
502 2368 765 2424 potestatem
806 2359 979 2407 civilem
1020 2359 1204 2424 spoliari
1247 2376 1380 2424 posse
1418 2361 1509 2406 iure
1554 2377 1629 2407 suo

163 2433 455 2498 dispensandi
497 2452 631 2498 super
671 2428 1000 2499 impedimentis
1040 2435 1096 2482 ab
1134 2435 1234 2500 ipsa
1274 2436 1528 2484 constitutis
1560 2436 1630 2483 vel

165 2509 464 2574 comprobatis
477 2509 713 2557 —libertati
731 2527 783 2557 ac
800 2511 1004 2574 potestati
1023 2504 1236 2559 ecclesiae
1254 2510 1528 2567 subversiva,
1555 2513 1632 2557 tri-

165 2584 336 2632 dentino
371 2587 609 2641 contraria,
644 2604 697 2633 em
733 2587 981 2636 haereticali
1010 2605 1145 2652 supra
1183 2586 1384 2634 damnato
1415 2588 1631 2651 principio

163 2661 405 2725 prosecta.»
1248 2663 1259 2684 ⁸

261 2783 326 2824 (96)
348 2785 448 2817 Breve
469 2785 516 2817 Pii
535 2786 591 2817 Vl.
612 2779 714 2826 quod⁴
728 2785 841 2829 incipit
855 2799 862 2818 ε
875 2789 970 2821 ‘Post
981 2786 1128 2827 jactum
1152 2787 1225 2820 tibi.
1241 2785 1289 2820 Ad
1309 2786 1447 2828 archiep.
1463 2785 1633 2826 electorem

167 2836 337 2870 trevirens.
354 2837 408 2870 die
421 2842 451 2870 2.
463 2837 540 2870 Feb.
557 2840 646 2871 1782.
