1980 3260
244 258 334 291 cm‘.
355 259 399 291 H.
420 260 470 292 1>ss
490 259 629 292 POTES.
651 259 784 292 rame.
803 260 885 292 rm.
903 259 984 292 GKR.
1004 260 1128 292 MATR.
1147 259 1307 292 cnmsr.
1325 260 1418 292 Aur.
1436 258 1498 291 111.
1541 243 1631 289 ⁴09

166 334 222 382 ad
257 336 396 384 seculi
433 337 656 402 principes
693 338 738 384 id
774 338 903 385 unice
933 336 1197 401 spectasse?
1217 337 1298 384 Ast
1325 337 1365 385 si
1390 336 1633 385 Marianam

166 412 443 462 consulueris
461 452 471 470 ,
511 413 630 462 illico
664 414 930 462 contrariam
963 414 1270 478 deprehendes
1306 413 1588 462 sententiam.

261 487 392 544 Quod
415 499 463 536 ut
487 499 635 553 pateat
658 507 738 538 nos
765 507 853 537 non
877 489 1045 554 pigebit
1073 489 1291 553 integrum
1326 489 1463 537 huius
1496 489 1637 537 histo-

168 564 248 611 rici
293 564 378 612 hac
424 565 470 611 in
514 583 561 614 re
604 577 767 614 textum
807 566 1073 614 describere.
1124 586 1146 610 «
1178 566 1387 614 Alfonsus
1429 566 1637 613 Uri-acam

162 656 344 686 uxorem
369 657 395 686 a
420 651 545 704 patre
575 641 702 689 tertio
736 641 1083 706 propinquitatis
1111 641 1205 688 iure
1234 641 1502 704 attingebat:
1532 657 1637 706 pro-

163 731 274 762 avus
309 715 543 779 utriusque
572 717 774 764 Sanctius
799 734 874 765 rex
895 717 1142 764 Vasconum
1167 726 1455 779 cognomento
1478 716 1633 764 Maior.

160 789 363 838 Nondum
394 791 582 838 moribus
615 803 827 856 receptum
859 803 974 852 erat,
1012 802 1060 839 ut
1086 792 1338 856 pontificum
1364 808 1638 839 romanorum

160 868 288 914 venia
313 867 402 931 leqe
424 870 688 931 coqnationis
705 870 868 924 soluta,
891 870 1093 932 coniugia
1111 870 1224 915 inter
1241 878 1438 932 coqnatos
1455 870 1630 915 coirent.

165 942 322 1006 Itaque
350 942 519 1006 passim
555 943 889 991 consideramus
927 961 1007 1007 per
1039 943 1150 991 haec
1185 954 1382 1008 tempora
1414 943 1639 991 connubia

162 1017 416 1082 principum
451 1017 670 1083 dirempta
705 1036 829 1074 esse,
863 1018 1125 1082 cognatione
1152 1019 1266 1066 inter
1298 1018 1508 1081 coniuges
1542 1017 1638 1066 ille-

162 1093 317 1156 gitima
351 1093 621 1159 iniustaque.
656 1095 782 1143 Hanc
817 1112 951 1142 unam
987 1094 1176 1143 arbitror
1210 1112 1311 1143 esse
1345 1112 1526 1143 causam
1560 1112 1644 1142 cur

161 1168 372 1217 Alsonsus
396 1169 470 1217 hic
490 1170 534 1216 in
553 1170 674 1232 nullo
688 1170 906 1218 Castellae
929 1187 1080 1234 regum
1103 1188 1286 1219 numero
1306 1180 1494 1236 ponatur
1517 1170 1638 1235 apud

161 1255 329 1293 veteres
363 1246 629 1311 scriptores,
668 1265 811 1312 neque
843 1265 996 1295 verum
1020 1257 1110 1304 est,
1139 1247 1250 1294 fixas
1283 1256 1502 1295 vetustate
1540 1246 1642 1311 opi-

164 1322 320 1370 niones
338 1322 467 1370 novis
486 1322 662 1388 placitis
681 1323 946 1371 convellere:
965 1323 1084 1388 quod
1102 1323 1284 1388 quidam
1305 1323 1471 1370 faciunt
1488 1339 1636 1386 regem

165 1397 287 1445 hunc
319 1397 490 1446 Alsonsi
526 1398 703 1446 nomine
739 1399 977 1463 septimum
1020 1399 1134 1446 inter
1166 1398 1374 1446 castellae
1406 1415 1533 1461 reges
1556 1415 1642 1445 nu-

161 1483 418 1522 merantes:
456 1474 502 1521 in
543 1492 678 1539 quam
714 1474 833 1540 quod
874 1474 985 1522 iuris
1032 1474 1196 1522 habere
1233 1473 1405 1540 potuit,
1442 1474 1644 1538 legitimo

162 1550 354 1598 haerede
387 1568 439 1598 ex
475 1550 611 1617 priori
654 1551 858 1615 coniugio
900 1561 1036 1608 nato,
1087 1550 1315 1615 posteriori
1358 1550 1642 1598 matrimonio

162 1626 322 1674 vitioso
338 1664 348 1683 ,
376 1637 421 1674 et
442 1627 615 1691 legibus
651 1627 1001 1692 repugnantibus
1029 1626 1257 1674 invalido?
1281 1627 1448 1690 Regina
1470 1625 1527 1674 ob
1552 1626 1636 1673 im-

162 1711 375 1766 portunas
408 1703 604 1750 actiones
639 1702 696 1750 ad
730 1720 874 1750 arcem
909 1702 1149 1751 Castellare
1184 1702 1230 1748 in
1266 1702 1513 1751 custodiam
1547 1712 1638 1750 tra-

161 1777 284 1836 dita,
323 1796 370 1826 re
402 1796 503 1827 cum
535 1780 630 1827 suis
664 1778 990 1827 communicata
1024 1779 1070 1825 in
1103 1778 1330 1827 castellam
1366 1779 1526 1827 evadit.
1554 1779 1639 1826 Ve-

164 1871 262 1901 rum
287 1871 314 1902 a
336 1855 460 1919 regni
498 1854 753 1920 proceribus
784 1855 839 1902 ad
868 1855 1011 1903 virum
1047 1855 1262 1912 remissa,
1290 1855 1456 1902 carceri
1490 1854 1639 1902 denuo

163 1930 465 1996 mancipatur:
489 1929 692 1978 Caleciae
715 1947 920 1995 proceres
937 1968 947 1987 ,
975 1930 1051 1977 ubi
1072 1931 1260 1978 Urracae
1285 1929 1404 1978 filius
1427 1929 1641 1977 Alfonsus

168 2022 222 2053 ex
245 2006 316 2055 avi
341 2016 602 2054 testamento
627 2024 771 2054 rerum
800 2006 1074 2071 potiebatur,
1103 2006 1217 2053 inter
1240 2023 1289 2054 se
1311 2006 1423 2054 inire
1452 2005 1640 2054 societa-

164 2093 232 2130 tes
256 2082 473 2132 adversus
491 2083 727 2147 aragonios
752 2093 962 2131 conatus:
986 2083 1243 2146 coniugium
1258 2120 1268 2139 ,
1291 2082 1411 2147 quod
1436 2081 1641 2146 inauspi-

164 2170 262 2207 cato
281 2159 445 2207 coierat
468 2160 606 2207 invita
628 2160 876 2218 nobilitate,
899 2159 1174 2208 dissolvendi
1198 2159 1476 2208 occasionem
1500 2158 1636 2205 nacti.

160 2235 226 2282 Ex
243 2252 296 2283 ea
315 2253 361 2282 re
380 2235 426 2281 in
445 2236 606 2283 animis
631 2236 861 2283 hominum
886 2235 1120 2299 religiones
1149 2235 1362 2283 excitatae
1376 2272 1386 2291 ‚
1414 2234 1454 2282 ei
1477 2233 1640 2282 obtem-

162 2327 318 2374 perare
352 2310 420 2358 fas
454 2327 553 2358 esse
588 2311 868 2374 negantium,
906 2310 984 2376 qui
1020 2310 1243 2374 legitimus
1274 2327 1349 2358 rex
1378 2327 1466 2357 non
1499 2319 1635 2356 esset.

161 2386 228 2433 Ad
263 2386 524 2434 Paschalem
559 2404 790 2435 romanum
826 2387 1081 2452 pontificem
1116 2387 1256 2435 missa
1283 2386 1471 2450 legatio:
1502 2402 1639 2433 causa

162 2463 309 2510 omnis
342 2463 575 2528 exposita:
617 2463 673 2510 ab
707 2480 847 2528 eoque
881 2463 1078 2529 diploma
1110 2463 1334 2511 ablatum:
1364 2479 1451 2527 quo
1476 2478 1639 2508 causae

167 2538 461 2601 cognitionem
496 2539 665 2588 Didaco
695 2539 902 2588 Gelmirio
927 2539 1284 2605 Compostellano
1319 2537 1513 2603 praesuli
1546 2554 1640 2602 per-

164 2613 379 2662 mittebat.
409 2614 518 2662 Eius
544 2615 799 2680 diplomatis
825 2615 1119 2679 fragmentum
1139 2615 1426 2663 subiicimus:
1452 2614 1640 2660 Pisoni-

163 2705 226 2738 Lis
242 2707 390 2738 servus
407 2708 626 2738 servorum
644 2692 727 2739 Dei
750 2692 990 2739 venerabili
1017 2693 1155 2757 fratri
1185 2691 1298 2738 dom.
1315 2689 1639 2752 compostellano

162 2766 377 2831 episcopo,
415 2768 600 2816 salutem
633 2778 673 2815 et
707 2768 988 2834 apostolicam
1023 2768 1365 2815 benedictionem.
1388 2765 1452 2812 Ad
1487 2766 1561 2812 hoc
1602 2775 1640 2812 te

162 2843 422 2906 omnipotens
452 2845 566 2892 Deus
596 2846 755 2910 populo
795 2863 870 2894 suo
899 2863 1097 2910 praeesse
1136 2844 1371 2896 constituit,
1414 2852 1461 2888 ut
1495 2859 1638 2888 eorum
