1980 3260
358 219 415 264 ⁶2
684 229 764 260 mi.
793 229 838 260 ιι.
866 228 979 260 sacr.
1002 228 1031 260 1.
1054 227 1106 258 m:
1130 227 1294 259 rornsr.
1317 228 1480 262 accras.

354 327 453 359 esse
487 309 542 355 de
573 307 710 354 altera
747 305 945 353 ecclesiae
987 321 1168 369 persona
1182 341 1194 359 ‚
1235 320 1314 351 seu
1347 304 1404 351 de
1435 305 1564 354 laicis
1598 307 1802 357 fidelibus

354 387 429 452 qui
461 382 646 431 docendi
679 393 812 439 sunt,
857 399 935 430 seu
971 381 1026 428 de
1058 379 1247 428 ecclesia
1281 380 1465 428 discente
1500 398 1552 429 ac
1584 385 1765 447 passiva
1788 424 1798 443 ,

354 460 432 509 sed
462 458 590 506 unice
622 458 678 505 de
709 457 895 504 ecclesia
929 456 1070 503 activa
1094 473 1173 503 seu
1195 455 1364 503 docente
1397 456 1652 515 disseritur,
1690 476 1804 524 quae

353 533 632 583 constituitur
659 551 713 580 ex
745 544 872 580 coetu
899 532 1189 579 hierarchico.

449 611 493 657 2
531 610 750 673 Agebatur
770 609 826 656 de
848 608 1098 656 definienda
1120 608 1196 655 illa
1220 618 1433 673 potestate
1461 609 1589 657 cuius
1618 610 1806 674 pacifica

355 686 634 752 possessione
667 684 891 732 fruebatur
917 685 1128 742 ecclesia,
1158 694 1200 732 et
1233 685 1407 732 concilii
1433 696 1590 743 aetate,
1617 687 1806 735 anterio—

354 761 564 826 ribusque
601 760 790 817 seculis;
829 762 916 808 iam
948 778 1053 808 vero
1070 799 1080 817 ‚
1108 761 1220 825 ipsis
1246 761 1483 809 fatentibus
1517 762 1801 820 adversariis,

353 836 680 885 ecclesiasticus
715 847 863 884 coetus
898 836 1118 884 exclusive
1145 837 1191 883 in
1226 837 1310 885 hac
1341 848 1433 885 erat
1466 839 1768 902 possessione.

453 915 497 959 3.
534 912 651 968 Quia
679 913 726 959 hi
757 930 947 960 canones
982 913 1150 961 relativi
1186 924 1290 961 sunt
1312 914 1368 960 ad
1392 930 1602 962 canonem
1631 915 1728 961 XII.
1758 915 1804 961 in

355 1004 443 1053 quo
476 988 711 1035 concilium
752 988 945 1036 decernit
978 1006 1135 1035 causas
1168 989 1512 1036 matrimoniales
1544 989 1602 1036 ad
1635 989 1813 1038 iudices

356 1072 555 1128 spectare
593 1064 942 1121 ecclesiasticos3
981 1082 1110 1129 porro
1144 1064 1348 1112 omnibus
1383 1064 1645 1122 fatentibus,
1678 1066 1808 1113 eccle-

355 1140 625 1186 siasticorum
651 1140 826 1188 nomine
859 1141 1090 1188 concilium
1115 1141 1160 1186 in
1184 1141 1400 1188 eiusmodi
1435 1158 1602 1188 canone
1635 1150 1804 1189 coetum

358 1213 603 1262 clericalem
637 1215 858 1279 designat;
887 1217 1085 1280 adeoque
1107 1227 1150 1263 et
1172 1216 1217 1262 in
1241 1216 1484 1264 canonibus
1513 1217 1677 1265 nostris
1700 1233 1808 1266 voce

359 1290 557 1338 ecclcsiae
594 1291 795 1338 eumdem
829 1291 1027 1339 ordinem
1057 1291 1295 1355 significat.

454 1367 496 1412 4.
524 1366 589 1411 Ex
607 1366 932 1423 demonstratis,
950 1377 1147 1430 potestas
1165 1367 1220 1414 de
1237 1385 1325 1432 qua
1341 1367 1416 1415 hic
1432 1367 1591 1431 agitur,
1607 1379 1810 1417 versatur

355 1441 472 1489 circa
505 1440 722 1488 obiectum
747 1441 976 1506 spirituale
992 1480 1002 1499 ‚
1032 1460 1189 1508 nempe
1212 1443 1329 1491 circa
1351 1443 1580 1491 materiam
1604 1443 1807 1492 idoneam

356 1517 414 1565 ad
452 1528 771 1565 sacramentum
810 1519 1182 1566 constituendum.
1221 1519 1276 1566 At
1319 1519 1537 1568 obiectum
1580 1521 1811 1585 spirituale

356 1593 576 1641 exclusive
607 1594 794 1658 pertinet
829 1595 885 1641 ad
920 1595 1233 1642 sacerdotalem
1267 1595 1493 1643 ordinem:
1531 1612 1636 1659 ergo
1669 1613 1811 1644 sacer-

358 1668 548 1717 dotalem
590 1669 789 1716 ordinem
837 1670 1050 1718 ecclesiae
1092 1671 1267 1718 nomine
1312 1671 1546 1718 concilium
1587 1670 1815 1734 designat·

458 1746 514 1791 ΙΙ.
554 1746 642 1793 Nec
675 1746 823 1793 minus
851 1746 1093 1794 luculenter
1115 1747 1310 1811 idipsum
1334 1746 1580 1794 ostenditur
1602 1764 1655 1794 ex
1678 1763 1814 1814 scopo

358 1837 488 1885 quem
525 1820 611 1868 sibi
646 1821 850 1885 praefixit
892 1822 1130 1869 tridentina
1164 1822 1362 1887 synodus
1396 1823 1442 1868 in
1475 1823 1533 1870 iis
1566 1823 1812 1872 canonibus

357 1896 613 1944 condendis.
658 1898 886 1961 Siquidem
921 1915 1081 1963 scopus
1122 1916 1251 1963 quem
1286 1899 1373 1946 sibi
1407 1900 1638 1963 proposuit
1670 1899 1814 1948 conci·

361 1970 468 2018 lium
493 1972 574 2018 fuit
590 1972 766 2019 Lutheri
790 1990 958 2021 errores
982 1974 1201 2038 configere
1223 1975 1337 2036 (74).
1359 1974 1492 2021 Error
1514 1983 1659 2021 autem
1678 1973 1814 2022 huius

360 2046 695 2094 haeresiarchae
716 2048 801 2096 hac
824 2050 870 2095 in
894 2067 941 2096 re
963 2049 1046 2097 fuit
1067 2050 1286 2114 denegare
1308 2049 1522 2097 ecclesiae
1553 2060 1811 2114 potestatem

360 2122 655 2170 constituendi
689 2124 777 2171 alia
810 2126 1122 2190 impedimenta
1163 2137 1337 2191 praeter
1369 2126 1467 2183 illa,
1506 2142 1621 2190 quae
1654 2125 1702 2172 in
1734 2127 1815 2174 Le—

358 2199 490 2246 vitico
513 2209 674 2247 statuta
695 2200 897 2264 leguntur
914 2241 924 2259 ,
951 2220 1038 2251 non
1067 2213 1238 2260 autem,
1265 2213 1316 2250 ut
1338 2201 1539 2250 nonnulli
1563 2211 1807 2260 autumant,

360 2273 576 2338 denegare
607 2275 881 2340 principibus
915 2289 1171 2342 potestatem
1207 2278 1539 2341 legislatricem,
1577 2294 1656 2324 seu
1689 2287 1817 2342 pote--¹

361 2360 517 2397 statem
551 2350 671 2414 leges
705 2351 821 2399 circa
855 2353 1105 2417 coniugium
1146 2354 1329 2402 ferendi.
1368 2354 1541 2401 Etenim
1573 2370 1700 2400 mens
1734 2354 1813 2400 Lu-

361 2424 442 2473 teri
459 2425 824 2490 deprehenditur:

457 2503 503 2548 1.
541 2502 605 2549 Ex
635 2503 783 2550 verbis
829 2504 974 2569 ipsius
1007 2506 1182 2554 Lutheri
1228 2508 1274 2554 in
1315 2507 1426 2554 libro
1464 2506 1522 2552 De
1567 2506 1814 2569 captivitate

365 2577 640 2642 babylonica:
663 2578 956 2628 «Coniunctio
984 2581 1066 2627 viri
1095 2593 1140 2629 et
1170 2582 1368 2630 mulieris
1400 2590 1468 2629 est
1500 2581 1604 2629 finis
1637 2581 1775 2628 divini
1798 2619 1808 2637 ‚

363 2670 477 2717 quae
498 2663 637 2711 tenet,
663 2672 942 2720 quocumque
975 2657 1104 2705 modo
1138 2669 1288 2707 contra
1313 2658 1432 2721 leges
1456 2657 1685 2705 hominum
1708 2674 1814 2705 con-

456 2778 521 2832 (74)
541 2779 691 2812 Fateatur
713 2780 797 2812 enim
818 2780 1044 2814 Tambnrinius
1060 2784 1090 2815 et
1106 2784 1232 2816 Nostius
1250 2792 1323 2816 cum
1338 2782 1481 2816 launoio
1496 2783 1710 2823 proscriptum
1723 2782 1756 2813 in
1774 2781 1813 2813 iis

364 2830 539 2862 canonibus
553 2831 649 2864 fuisse
663 2833 793 2865 Lutheri
808 2843 960 2866 errorem.
