1980 3260
258 263 348 295 mr.
365 263 473 295 mnf:
493 263 609 295 Ecca.
627 264 717 295 νοτ.
734 254 906 295 molius.
927 263 1113 295 nunno
1131 263 1173 295 1N
1194 262 1334 294 sroNs.
1351 263 1441 293 Aur.
1459 263 1503 294 11.
1583 250 1668 293 197

189 341 471 390 damnatione
493 360 678 407 operum
702 343 765 390 lo.
788 342 1089 407 Nepumuceni
1115 342 1258 406 Nuytz
1286 341 1554 405 professoris
1580 352 1672 389 tau-

190 418 383 467 rinensis
402 457 411 475 ,
435 419 513 484 qui
541 418 784 466 obsoletam
803 418 971 466 iamdiu
995 418 1300 482 iacentemque
1329 435 1557 466 erroneam
1591 418 1671 466 do-

190 495 378 542 ctrinam
404 513 429 543 e
458 496 554 544 suis
588 495 815 543 cineribus
850 495 1123 542 exsuscitare
1157 511 1245 542 non
1270 494 1503 541 dubitavit.

288 574 384 620 Non
413 590 588 620 omnem
616 583 761 619 tamen
786 571 989 636 potestati
1015 571 1222 636 politicae
1246 571 1549 619 auctoritatem
1575 571 1672 618 adi-

191 649 356 696 mimus
374 649 419 696 in
441 648 696 713 sponsalia,
731 649 811 696 sed
835 650 1036 696 eamdem
1068 649 1108 696 ei
1137 648 1373 696 tribuimus
1394 666 1529 714 quam
1555 649 1670 696 ultro

192 725 480 773 concedimus
499 724 546 769 in
571 724 780 786 coniugia
796 762 806 781 ,
831 726 1038 771 nimirum
1075 742 1209 789 posse
1233 724 1362 772 civile
1398 726 1594 788 regimen
1618 743 1671 773 ea

192 811 389 849 statuere
421 816 474 847 ac
503 798 706 855 sancire,
745 816 860 863 quae
894 799 951 846 ad
988 800 1154 848 sociale
1186 800 1352 846 bonum
1387 800 1664 857 conducunt,

192 892 399 942 quaeque
441 874 557 922 intra
601 874 712 922 fines
747 875 1058 939 temporalium
1092 875 1327 922 effectuum
1364 876 1660 923 continentur.

195 954 363 1017 Nempe
397 951 455 999 ad
487 968 588 998 eum
622 951 803 999 modum
839 969 928 1015 quo
958 961 1154 1016 potestas
1177 950 1323 998 civilis
1348 961 1493 1014 potest
1517 951 1668 998 decla-

193 1045 292 1077 rare
327 1029 374 1075 in
409 1028 503 1075 soro
535 1044 616 1075 suo
649 1027 856 1090 coniugia
889 1026 1122 1089 illegitima
1156 1044 1208 1073 ac
1241 1026 1394 1083 nulla,
1436 1043 1552 1091 quae
1588 1026 1672 1071 ini-

196 1115 293 1153 rent
327 1103 494 1152 subditi
526 1113 680 1151 contra
713 1103 859 1167 legum
886 1103 1140 1150 sanctiones
1158 1140 1167 1158 ,
1197 1103 1259 1149 ita
1277 1112 1326 1149 ut
1354 1119 1440 1150 non
1470 1102 1673 1149 fruantur

190 1180 399 1229 civilibus
433 1179 692 1236 effectibus,
726 1179 792 1227 sic
820 1189 967 1244 potest
995 1197 1045 1227 se
1073 1195 1225 1243 gerere
1248 1178 1384 1226 relate
1406 1179 1462 1225 ad
1488 1195 1671 1243 sponsa-

192 1256 276 1314 lia,
301 1257 362 1304 ita
390 1265 439 1304 ut
467 1255 638 1303 nullum
667 1255 841 1303 civilem
869 1255 1073 1303 effectum
1094 1255 1369 1321 producant,
1399 1255 1439 1302 si
1467 1272 1596 1303 secus
1618 1273 1669 1302 ac

194 1350 223 1381 a
256 1333 358 1397 lege
383 1343 596 1381 statutum
631 1343 725 1390 est,
765 1332 1056 1380 celebrentur.

291 1410 346 1457 Et
377 1409 527 1474 reipsa
557 1410 618 1457 ita
641 1409 947 1474 'comperimus
982 1409 1229 1474 antiquitus
1265 1410 1412 1473 egisse
1439 1410 1672 1457 ecclesiam

204 1487 251 1534 in
289 1485 502 1534 relatione
535 1485 591 1533 ad
626 1486 747 1550 leges
768 1486 935 1534 ‘civiles
971 1486 1119 1551 quoad
1155 1486 1432 1551 sponsalium
1471 1483 1670 1534 effectus.

195 1562 420 1610 Interdum
462 1562 582 1610 enim
623 1562 826 1627 probavit
868 1562 988 1626 leges
1037 1562 1191 1610 civiles
1215 1601 1226 1619 ,
1273 1578 1389 1627 quae
1433 1572 1677 1610 statuerant

195 1640 295 1687 sine
338 1648 569 1704 parentum
604 1655 827 1687 consensu
862 1638 1092 1703 sponsalia
1135 1638 1349 1686 celebrari
1390 1656 1478 1686 non
1522 1656 1669 1703 posse.

203 1736 226 1760 «
244 1716 295 1761 In
323 1714 628 1780 sponsalibus,
652 1715 799 1781 inquit
835 1715 1180 1763 iurisconsultus
1212 1715 1399 1773 Paulus,
1420 1715 1553 1762 etiam
1570 1732 1677 1762 con-

196 1809 359 1841 sensus
394 1809 546 1840 eorum
579 1793 825 1856 exigendus
859 1802 942 1850 est,
971 1810 1159 1857 quorum
1178 1792 1416 1857 innuptiis
1449 1792 1677 1839 desidera-

200 1880 272 1917 tur
294 1870 390 1932 (42)
411 1887 420 1925 ;
441 1889 463 1914 »
502 1879 545 1917 et
579 1869 625 1916 in
659 1869 829 1933 nuptiis
864 1879 1097 1933 parentum
1127 1885 1396 1916 consensum
1432 1866 1674 1915 desiderari

197 1945 315 1992 idem
342 1945 508 1992 Paulus
537 1955 725 1993 testatur
752 1945 931 1993 dicens:
959 1946 1178 2009 «nuptiae
1199 1945 1442 1992 consistere
1467 1960 1555 1991 non
1573 1960 1677 2008 pos-

196 2031 327 2079 sunt,
373 2020 462 2068 nisi
503 2021 783 2069 consentiant
822 2038 1004 2078 omnes,
1046 2021 1122 2085 qui
1167 2029 1356 2077 coeunt,
1400 2036 1678 2084 quorumque

194 2097 241 2143 in
269 2107 485 2162 potestate
521 2108 625 2145 sunt
657 2099 773 2159 (43).
795 2116 817 2142 »
853 2097 1000 2152 Quare
1038 2096 1278 2161 Ulpianus:
1316 2096 1398 2142 «in
1429 2105 1672 2160 potestate,

197 2172 368 2238 inquit,
406 2183 612 2220 manente
645 2173 917 2237 filia‚'pater
946 2173 1154 2220 nuncium
1187 2173 1408 2220 remittere
1440 2182 1610 2237 potest,
1635 2182 1677 2219 et

198 2248 430 2313 sponsalia
462 2247 710 2295 dissolvere
733 2249 850 2310 (44).
877 2268 899 2293 »
923 2248 1015 2295 Has
1049 2248 1169 2312 leges
1199 2247 1436 2296 ecclesiam
1466 2247 1572 2295 olim
1601 2248 1679 2295 ad-

196 2333 377 2388 optasse
407 2331 580 2371 constat
609 2341 661 2371 ex
686 2324 1073 2388 pseudo-Evaristi
1104 2323 1340 2381 decretali,
1378 2341 1512 2389 quam
1534 2324 1678 2370 afferi-

198 2418 299 2448 mus
335 2411 504 2448 tantum
539 2411 588 2448 ut
614 2400 927 2448 documentum
962 2401 1272 2466 antiquitatis:
1300 2420 1322 2446 «
1343 2400 1510 2457 Aliter,
1546 2400 1590 2445 in
1626 2417 1678 2446 ea

198 2477 359 2541 legitur
376 2516 386 2535 ,
421 2477 667 2542 legitimum
687 2516 696 2534 ,
720 2477 836 2525 sicut
853 2495 879 2524 a
897 2477 1099 2542 patribus
1124 2478 1380 2542 accepimus
1404 2488 1447 2525 et
1465 2495 1490 2524 a
1510 2476 1677 2524 sanctis

196 2555 415 2619 apostolis
442 2572 687 2620 eorumque
712 2554 1048 2603 successoribus
1068 2555 1277 2603 traditum
1304 2555 1572 2610 invenimus,
1591 2570 1678 2600 non

290 2728 356 2769 (41)
378 2729 499 2762 Paulus
522 2731 549 2762 1.
573 2733 623 2762 35.
647 2731 692 2762 In
717 2728 870 2761 edictum
895 2728 928 2760 in
952 2728 1013 2770 leg.
1038 2732 1068 2761 7.
1091 2731 1141 2762 De
1163 2726 1393 2770 sponsalibus.

287 2782 354 2823 (42)
373 2781 456 2814 Ead.
479 2782 549 2823 lege
570 2781 624 2814 Ad
642 2781 794 2814 edictum
813 2781 848 2814 ss.
870 2783 920 2814 De
933 2781 1059 2814 ritibus
1085 2791 1168 2824 nup.
1244 2824 1246 2828 Ι

290 2833 355 2874 (4³)
378 2833 537 2875 Ulpianus
559 2834 592 2866 in
609 2835 631 2867 l.
652 2837 701 2868 De
710 2835 884 2876 potestate
907 2839 955 2868 ιο.
976 2837 1027 2867 De
1049 2844 1162 2876 spons.
1184 2833 1320 2866 Constat
1337 2831 1444 2863 autem
1465 2838 1503 2862 cx
1519 2831 1556 2862 Α.
1576 2829 1680 2862 Gellio

201 2885 328 2919 lib.1v.
345 2887 445 2920 Noct.
468 2888 609 2921 altit-ar.
626 2896 655 2922 c.
678 2891 708 2921 4.
730 2888 842 2930 postea
862 2887 961 2921 fuisse
982 2888 1085 2929 legem
1107 2888 1191 2920 hanc
1213 2885 1372 2919 sublatam
1389 2883 1445 2916 aut
1458 2882 1681 2924 temperatam.
