1980 3260
273 251 363 282 mr.
383 251 439 281 iv.
458 249 508 280 ni:
526 249 642 281 acet..
660 248 801 280 roras.
820 247 968 279 SANAN.
987 247 1112 279 nnn.
1128 246 1171 277 ιΝ
1191 247 1287 278 ιω).
1305 247 1399 278 Aur.
1416 247 1445 278 1.
1531 231 1621 277 159

137 329 350 394 physicus
391 327 523 375 datus
565 326 696 374 suerit
735 343 762 374 a
802 323 1170 373 contrahentibus
1212 324 1256 370 in
1298 324 1398 389 ipsa
1430 323 1626 388 coniugii

143 404 470 460 celebratione,
507 403 714 468 quamvis
758 403 816 450 ob
851 402 993 450 latens
1035 401 1190 450 vitium
1239 417 1485 449 consensus
1527 401 1629 448 nul-

143 481 214 529 lus
249 498 302 528 ac
337 481 489 529 irritus
521 480 680 537 suerit,
721 490 850 545 prout
883 479 1064 526 moralis
1097 488 1180 526 est.
1221 477 1396 525 Etenim
1433 478 1473 525 si
1508 478 1630 526 eius-

143 558 264 606 modi
299 558 520 623 -physicus
563 574 838 613 consensus,
878 555 981 604 licet
1014 554 1241 602 moraliter
1282 554 1466 611 irritus,
1506 554 1631 602 nullo

143 635 274 682 modo
310 633 455 680 adfuit
478 670 487 688 ,
526 631 860 679 matrimonium
895 631 985 678 dici
1022 648 1111 678 non
1148 630 1281 678 debet
1315 630 1412 678 iure
1454 630 1629 677 irritum

143 711 310 766 fuisse,
349 708 427 756 sed
463 707 519 754 de
553 707 668 754 facto
703 724 756 754 ac
793 707 1080 755 materialiter
1113 725 1357 772 numquam
1392 707 1594 755 extitisse
1614 724 1628 753 .·

141 784 262 849 quod
284 799 390 831 vero
413 781 536 829 nullo
559 781 693 828 modo
726 799 927 846 unquam
961 782 1130 838 extitit,
1167 783 1318 829 sanari
1343 800 1431 830 non
1456 792 1625 847 potest;

141 869 261 908 esset
293 858 413 906 enim
438 857 757 914 contradictio,
797 868 846 904 ut
874 859 1022 914 aiunt,
1057 858 1103 904 in
1138 858 1357 905 terminis.
1396 858 1508 907 Aliis
1530 877 1630 908 ver-

141 935 212 982 bis
236 935 518 1000 dispensatio
550 934 595 980 in
621 934 772 981 radice
795 933 941 982 locum
966 933 1132 980 habere
1157 933 1316 999 nequit
1344 935 1432 980 nisi
1453 935 1500 980 in
1524 952 1630 983 con-

142 1011 279 1060 nubio
296 1011 347 1058 de
374 1012 489 1076 sacto
524 1011 661 1068 inito,
699 1010 908 1076 quodque
941 1009 1007 1056 uti
1036 1027 1191 1057 verum
1211 1027 1237 1057 a
1261 1009 1628 1059 contrahentibus

144 1098 393 1154 spectatum
423 1088 555 1136 fuerit
589 1087 635 1134 in
673 1098 773 1135 actu
807 1103 896 1152 quo
933 1086 1041 1133 illud
1088 1086 1262 1134 inibant
1295 1088 1389 1150 (3):
1430 1086 1631 1152 alioquin

144 1166 244 1230 ipsa
277 1165 405 1212 deest
441 1165 567 1212 radix
590 1181 706 1230 quae
739 1174 937 1212 sanetur.
977 1164 1094 1211 Hinc
1131 1163 1469 1212 coniunctiones
1494 1164 1633 1212 forni-

142 1241 317 1298 cariae,
339 1258 623 1306 quocumque
652 1251 847 1306 tempore
865 1239 1171 1305 perdurarint,
1201 1257 1446 1305 numquam
1471 1240 1534 1287 ita
1558 1257 1632 1288 sa-

145 1319 240 1365 nari
267 1328 473 1383 poterunt
497 1338 505 1365 :
528 1328 578 1365 ut
603 1317 723 1366 enim
748 1317 810 1365 ait
834 1317 1100 1365 Benedictus
1118 1318 1228 1364 XIV.
1258 1317 1342 1363 «in
1363 1317 1524 1383 copula
1545 1335 1635 1365 ma-

144 1394 306 1442 nifeste
336 1394 575 1442 fornicaria
595 1394 719 1442 nulla
742 1405 811 1442 est
835 1394 961 1441 radix
985 1394 1256 1441 matrimonii
1291 1396 1378 1457 (4).
1400 1414 1422 1439 »
1452 1394 1567 1442 Hinc
1590 1395 1631 1442 si

146 1470 277 1517 ambo
305 1471 618 1520 contrahentes
637 1471 1006 1536 impedimentum
1026 1480 1259 1528 noverant,
1285 1481 1417 1536 atque
1433 1471 1495 1518 ita
1512 1471 1631 1518 mala

142 1546 225 1611 fide
259 1547 516 1611 coniugium
551 1549 779 1606 inierunt,
818 1548 968 1595 sanari
1003 1547 1114 1594 illud
1152 1564 1239 1594 non
1275 1556 1454 1611 potest:
1485 1563 1631 1612 neque

145 1624 265 1671 enim
302 1624 562 1673 huiusmodi
588 1625 679 1673 ficti
704 1625 917 1690 coniuges
942 1625 987 1671 in
1012 1634 1114 1672 actu
1138 1625 1237 1690 ipso
1267 1624 1524 1689 nuptiarum
1557 1641 1634 1672 ve-

143 1717 240 1747 rum
258 1701 590 1749 matrimonium
608 1702 738 1759 inire,
757 1702 835 1750 sed
850 1701 1196 1750 concubinatum
1210 1712 1358 1765 tegere
1375 1700 1623 1750 voluerunt.

247 1777 376 1833 Quod
411 1778 449 1825 si
477 1796 593 1827 unus
619 1797 644 1826 e
670 1778 1038 1827 contrahentibus
1067 1778 1187 1826 bona
1224 1778 1312 1825 fide
1335 1816 1344 1834 ,
1384 1777 1496 1825 alter
1527 1794 1633 1826 vero

146 1852 263 1901 mala
304 1854 393 1901 fide
435 1872 484 1902 se
516 1855 732 1918 gesserit,
768 1855 1024 1919 coniugium
1062 1855 1211 1902 sanari
1257 1871 1390 1920 posse
1422 1853 1628 1911 videtur;

146 1947 421 1997 quamquam
456 1949 544 1980 non
582 1932 729 1980 desint
758 1932 836 1997 qui
873 1932 919 1979 id
955 1942 1118 1996 negent
1157 1933 1242 1994 (5).
1282 1931 1338 1978 At
1365 1930 1404 1978 si
1443 1941 1632 1996 uterque

232 2080 279 2122 (3)
301 2081 452 2113 Diximus
472 2083 509 2114 in
533 2083 639 2114 actu:
663 2081 725 2114 hoc
744 2082 830 2113 enim
857 2089 953 2122 saepe
974 2081 1118 2113 inculcat
1132 2081 1251 2114 Bened.
1271 2083 1356 2114 XIV.
1371 2081 1430 2122 qui
1446 2081 1480 2113 in
1495 2089 1549 2122 op.
1573 2080 1628 2113 cui

146 2130 196 2164 tit.
218 2134 441 2170 Quaestiones
461 2135 649 2166 canonicae
660 2136 695 2166 et
709 2133 859 2166 morales
874 2134 926 2167 ed.
943 2135 1057 2166 venet.
1081 2137 1172 2167 1767.
1189 2143 1265 2176 opp.
1290 2135 1370 2166 tom.
1390 2135 1479 2166 XIII.
1497 2135 1582 2175 part.
1600 2136 1627 2167 1.

148 2186 270 2223 quaest.
292 2187 360 2218 174.
379 2184 455 2216 coll.
478 2189 546 2217 183.
566 2186 599 2217 et
617 2185 695 2217 alibi
716 2186 838 2227 passim
856 2186 935 2218 haec
952 2186 1067 2219 habet:
1088 2199 1103 2214 α
1115 2185 1354 2219 Attendendum
1373 2187 1423 2218 est
1438 2185 1486 2219 ad
1500 2188 1636 2228 tempus

149 2236 228 2267 initi
249 2238 467 2269 matrimonii
485 2260 492 2268 .
513 2260 520 2266 .
540 2261 547 2268 .
562 2245 596 2268 se
619 2239 774 2270 tractasse
798 2241 965 2279 tamquam
992 2247 1070 2272 vero
1096 2240 1248 2281 coniuges
1271 2241 1303 2272 et
1333 2239 1382 2272 uti
1403 2239 1485 2272 tales
1505 2239 1636 2273 habitos

151 2287 251 2321 fuisse
265 2290 380 2322 saitem
396 2290 430 2320 in
451 2290 552 2320 initio
574 2289 787 2323 matrimonii.
807 2316 814 2323 .
834 2316 841 2323 .
862 2316 869 2323 .
887 2291 936 2323 Ad
952 2292 1104 2324 effectum
1119 2292 1160 2325 de
1180 2301 1246 2333 quo
1260 2292 1367 2333 agitur
1381 2293 1461 2326 satis
1473 2296 1523 2326 est
1541 2293 1632 2334 quod

153 2341 397 2374 matrimonium
418 2341 517 2373 suerit
542 2341 584 2374 de
596 2341 698 2382 sacto
717 2346 945 2385 contractum,
969 2346 1001 2377 et
1025 2345 1113 2386 quod
1138 2345 1358 2378 intercesserit
1379 2346 1518 2380 affectus
1537 2347 1633 2379 mari-

149 2394 225 2427 talis
239 2403 304 2427 una
321 2404 396 2427 cum
420 2403 580 2427 consensu
611 2396 791 2429 naturali.»

239 2448 284 2488 (4)
304 2449 437 2485 Quaest.
457 2448 515 2480 cit.
536 2451 605 2481 174.

238 2501 284 2541 (5)
306 2502 355 2533 Ita
375 2503 507 2534 censent
536 2502 670 2535 Pontius
691 2503 749 2536 lib.
776 2505 831 2536 lv.
857 2513 928 2547 cap.
954 2507 1070 2538 XXIV.
1089 2515 1122 2538 n.
1150 2511 1167 2539 3
1195 2515 1288 2549 seqq.
1312 2506 1578 2548 Schmalgrueber
1600 2506 1633 2539 in

146 2554 456 2588 lib.IV.Decretal.
472 2555 523 2588 tit.
538 2558 748 2590 XVI.n.268.
765 2559 813 2591 De
826 2559 956 2592 Bcckhu
969 2559 1026 2592 lib.
1041 2561 1159 2593 lv.tit.
1172 2561 1272 2603 III.§.
1287 2566 1316 2594 3.
1331 2565 1413 2594 n.43
1434 2570 1525 2602 seqq.
1545 2562 1632 2595 Dens

151 2606 264 2639 Theol.
282 2606 330 2640 ad
347 2616 452 2640 usum
466 2611 631 2642 seminar.
654 2612 705 2643 De
725 2613 828 2643 matr.
845 2621 877 2643 n.
899 2617 968 2645 119.
984 2615 1010 2645 t.
1028 2617 1058 2646 7.
1079 2623 1152 2655 pag.
1180 2617 1251 2647 340.
1276 2615 1410 2656 aliique.
1432 2614 1532 2646 Nobis
1554 2614 1635 2646 satis

146 2660 190 2692 sIt
203 2660 302 2694 verba
313 2660 497 2695 describere
516 2664 784 2704 schmalgrueber
797 2664 934 2698 dicentis
946 2679 955 2708 ι,
981 2679 996 2694 α
1008 2667 1071 2700 Sed
1093 2668 1152 2700 etsi
1179 2668 1340 2700 sententia
1361 2668 1439 2699 haec
1462 2666 1568 2708 (quod
1583 2675 1631 2698 sa-

149 2713 220 2745 nari
242 2714 363 2755 possit)
389 2715 566 2749 admodum
591 2716 772 2758 probabiIIs
798 2718 863 2759 sit,
888 2720 996 2752 sensui
1020 2721 1130 2753 tamen
1158 2721 1313 2753 ecclesiae
1338 2722 1371 2752 et
1392 2720 1509 2752 rationi
1533 2719 1635 2761 magis

147 2767 325 2800 conformis
340 2768 487 2811 videtur,
503 2779 587 2811 quae
608 2770 671 2802 hoc
685 2779 761 2803 casu
781 2771 919 2812 requirit
933 2781 1054 2806 novum
1071 2783 1265 2807 consensum
1275 2799 1285 2814 ‚
1308 2776 1340 2806 et
1354 2774 1522 2806 scientiam
1536 2773 1633 2805 nulli-

148 2818 226 2852 tatis
246 2821 343 2854 etiam
369 2830 410 2854 ex
434 2823 526 2863 parte
554 2823 643 2855 iIIIus
667 2824 725 2865 qui
747 2826 841 2857 antea
871 2825 981 2866 posuit
1000 2834 1121 2859 novum
1149 2835 1354 2859 consensum.
1372 2839 1388 2855 n
1410 2828 1502 2865 Quae
1523 2827 1633 2859 tamen

149 2871 230 2904 mihi
259 2881 326 2906 non
350 2873 504 2907 videntur
528 2875 676 2909 absolute
694 2885 795 2918 vera;
821 2877 940 2911 dantur
967 2879 1053 2911 enim
1080 2888 1176 2912 casus
1198 2878 1363 2912 contrarii.
