1980 3260
406 223 494 267 126
721 232 799 262 un.
829 231 874 262 11.
904 231 1016 262 sacr.
1046 231 1076 260 1.
1105 230 1156 260 ms
1181 229 1345 260 rorssr.
1376 231 1542 263 sectas.

402 309 678 360 versionibus
709 324 895 371 pronum
919 318 987 354 est
1011 306 1171 352 inferre
1205 323 1338 369 quam
1364 306 1496 355 inane
1519 309 1579 354 sit
1601 310 1868 374 principium

403 383 699 434 distinctionis
735 382 847 430 inter
889 381 1246 445 dispensationes
1283 380 1450 443 gratiae
1483 393 1526 428 et
1558 382 1753 431 iustitiae
1773 422 1784 442 ‚
1819 395 1871 433 ut

403 460 507 507 inde
541 475 820 506 romanorum
845 457 1102 542 pontificum
1135 456 1442 520 praerogativa
1465 456 1694 514 limitetur,
1716 469 1760 506 et
1780 460 1871 526 epi-

403 552 638 600 scoporum
672 533 918 581 communis
953 532 1191 580 auctoritas
1227 542 1455 594 augeatur.

499 611 713 666 Quartum
748 608 1014 674 principium
1057 608 1220 672 petitur
1254 626 1306 654 ex
1340 618 1496 655 natura
1529 625 1581 656 ac
1621 608 1870 659 indolem-

403 685 692 741 servationis,
740 701 873 749 quam
919 693 1092 730 vocant.
1143 683 1372 748 Siquidem
1415 683 1678 739 reservatio,
1726 684 1871 749 inquit

402 762 514 808 Litta
536 798 545 816 ‚
585 777 671 807 non
714 768 782 806 est
814 758 903 806 nisi
944 757 1310 822 impedimentum
1356 758 1551 805 exercitii
1590 759 1868 824 propriorum

403 836 567 884 iurium
590 874 601 892 ‚
647 846 695 882 ut
727 834 885 882 evadat
919 834 1028 881 iuris
1064 833 1198 880 alieni
1239 835 1357 895 (85).
1401 835 1533 882 Porro
1567 834 1679 882 haec
1711 834 1871 882 defini-

403 913 464 960 tio
488 911 793 976 complectitur
826 911 910 958 tria
933 909 1280 957 reservationum
1304 927 1466 973 genera
1488 947 1498 967 ‚
1527 910 1695 958 scilicet
1719 912 1764 957 1.
1793 911 1871 959 de-

403 988 593 1050 legantis
635 1005 771 1051 super
800 986 1029 1050 delegato;
1081 988 1124 1031 2.
1176 986 1416 1050 superioris
1462 1004 1596 1051 super
1637 986 1869 1043 inferiori;

406 1065 450 1110 3.
488 1063 804 1110 renunciatarii
843 1080 977 1127 super
1011 1061 1295 1109 renunciante
1334 1063 1450 1122 (86).
1489 1061 1688 1126 Reliquis
1723 1073 1871 1110 autem

404 1139 602 1194 omissis,
641 1138 879 1186 reservatio
903 1137 1142 1203 superioris
1167 1147 1367 1202 respectu
1392 1136 1638 1193 inferioris,
1659 1138 1872 1202 quoniam

404 1214 617 1278 supponit
660 1215 730 1261 ius
766 1213 1073 1277 extinguibile,
1110 1212 1174 1259 sic
1210 1212 1359 1260 referri
1407 1213 1561 1277 nequit
1593 1213 1651 1259 ad
1691 1212 1871 1279 aliquod

404 1289 475 1336 ius
503 1307 605 1336 vere
633 1289 884 1354 episcopale
901 1327 910 1344 ‚
939 1305 1038 1335 cum
1058 1288 1142 1335 hoc
1161 1288 1221 1335 sit
1245 1305 1428 1352 prorsus
1453 1287 1691 1336 indelebile
1706 1325 1717 1345 ,
1740 1284 1872 1353 prout

404 1376 472 1412 est
505 1365 641 1420 ordo,
681 1365 758 1429 qui
795 1365 903 1411 illud
939 1364 1154 1420 includit;
1182 1364 1380 1429 adeoque
1416 1364 1736 1413 reservationes
1761 1382 1872 1430 pon-

403 1440 566 1488 tificiae
599 1458 841 1505 numquam
876 1440 1033 1488 afferre
1075 1440 1320 1488 nullitatem
1356 1451 1559 1506 poterunt
1594 1441 1638 1487 in
1682 1459 1767 1490 usu
1801 1442 1873 1488 iu·-

405 1515 519 1562 rium
553 1533 655 1563 vere
678 1515 998 1580 episcopalium
1017 1554 1027 1572 ‚
1059 1515 1136 1562 sed
1163 1515 1303 1563 solum
1339 1518 1543 1580 poterunt
1566 1516 1675 1562 illud
1698 1515 1874 1564 efficere

404 1591 621 1638 illicitum.
658 1593 820 1646 prout,
858 1591 1077 1655 quidquid
1113 1602 1322 1639 censeant
1354 1591 1580 1655 theologi,
1622 1591 1770 1639 valida
1804 1602 1872 1639 est

404 1665 621 1714 absolutio
656 1685 682 1713 a
712 1667 938 1714 sacerdote
979 1667 1138 1714 collata
1180 1667 1358 1715 casibus
1395 1668 1631 1715 reservatis
1665 1667 1750 1715 etsi
1784 1667 1873 1714 illi-

403 1742 518 1799 cita,
565 1743 670 1807 quia
703 1753 896 1808 potestas
932 1743 1140 1790 radicalis
1175 1742 1434 1790 absolvendi
1470 1744 1669 1807 provenit
1707 1761 1759 1790 ex
1799 1760 1875 1796 or·-

403 1819 506 1865 dine
549 1836 734 1883 prorsus
778 1819 1018 1865 indelebili.
1071 1821 1209 1867 Immo
1252 1820 1396 1883 magis
1445 1819 1562 1866 valet
1604 1819 1715 1867 haee
1761 1820 1872 1868 ratio

404 1894 549 1959 quoad
579 1894 813 1959 episcopos
850 1895 984 1942 relate
1017 1895 1073 1942 ad
1098 1896 1374 1959 pontificem,
1405 1913 1536 1961 quam
1569 1895 1716 1960 quoad
1746 1913 1872 1960 pres-

405 1969 583 2033 byteros
607 1970 740 2017 relate
773 1970 828 2016 ad
863 1971 1117 2035 episcopos.
1155 1970 1329 2024 Etenim
1363 1988 1416 2018 ex
1451 1989 1488 2018 s.
1528 1971 1720 2017 Thoma:
1757 1972 1875 2018 «Po-

406 2055 540 2091 testas
576 2046 816 2093 sacerdotis
850 2047 1074 2094 exceditur
1106 2065 1132 2094 a
1167 2057 1382 2111 potestate
1415 2046 1640 2111 episcopi,
1679 2046 1808 2111 quasi
1842 2064 1871 2094 a

407 2131 621 2184 potestate
654 2122 834 2170 alterius
869 2124 1043 2187 generis
1094 2125 1209 2185 (87).
1236 2143 1258 2169 »
1296 2124 1530 2189 Nequeunt
1562 2123 1696 2186 igitur
1729 2135 1876 2170 mser-⁴

404 2197 601 2243 vationes
650 2200 900 2261 pontificiae
947 2200 1117 2248 iuribus
1165 2200 1358 2265 propriis
1404 2199 1715 2265 episcoporum
1758 2198 1873 2249 inter

406 2289 522 2336 quae
554 2285 807 2320 recensetur
840 2275 1048 2323 relaxatio
1084 2276 1498 2341 impedimentorum
1532 2274 1833 2338 coniugalium
1855 2313 1866 2330 ‚

407 2359 714 2395 nocumentum
750 2351 932 2406 afferre,
972 2353 1030 2399 ita
1072 2364 1121 2399 ut
1168 2352 1341 2416 possint
1380 2352 1466 2418 ipsi
1509 2351 1682 2398 veniam
1726 2350 1864 2406 dare,

405 2424 513 2488 quin
557 2424 689 2471 etiam
729 2436 772 2470 et
803 2426 992 2473 debeant
1026 2428 1068 2474 in
1106 2428 1476 2484 relaxationibus,
1515 2445 1629 2493 quae
1662 2428 1872 2475 dicuntur

406 2510 615 2546 iustitiae.

499 2575 654 2621 Verum
692 2577 895 2624 machina
930 2578 1037 2625 haec
1062 2590 1150 2626 tota
1176 2580 1305 2628 facile
1339 2579 1586 2628 concutitur
1609 2584 1742 2644 atque
1763 2577 1873 2625 ‘dis-

497 2723 562 2762 (85)
584 2725 644 2765 Op.
663 2724 808 2765 cit2pag.
833 2730 899 2758 190.

497 2775 562 2816 (86)
585 2775 666 2808 thid.

496 2827 560 2867 (87)
583 2828 691 2869 Suppl.
713 2837 745 2869 q.
765 2831 831 2862 XL.
849 2830 910 2861 art.
927 2835 957 2862 6.
975 2830 1014 2862 ad
1036 2837 1066 2864 3.
