1980 3260
347 220 403 263 6ss
659 227 737 257 un.
767 226 812 256 11.
842 224 953 255 scer.
982 224 1011 254 1.
1041 223 1092 253 ns
1116 221 1278 252 rorzsr.
1308 221 1472 253 nectus.

346 310 480 357 alium
515 309 559 353 in
593 305 725 351 finem
757 313 801 349 et
835 302 919 350 hoc
954 302 1212 347 invexerunt
1257 307 1580 355 commentum,
1624 301 1711 348 nisi
1756 311 1804 347 ut

347 403 476 433 suum
505 381 771 448 paradoxum
806 378 956 442 aliqua
990 377 1158 423 ratione
1192 374 1532 421 cohonestat-ent
1552 370 1671 436 (83).

441 460 519 506 111.
558 458 623 505 Ex
657 455 857 503 absurdis
896 463 1121 518 praeterea
1150 489 1159 507 ‚
1199 467 1315 515 quae
1351 453 1806 514 consequerenturss'in

348 544 586 601 systemate
603 532 838 580 launoiano
854 528 1099 577 excluditur
1115 526 1331 574 eiusmodi
1351 526 1672 590 interpretatio,
1689 528 1805 591 quod

349 611 544 657 ecclesiae
567 607 742 655 nomine
764 605 999 653 concilium
1031 602 1285 666 significare
1314 602 1553 649 intenderit
1584 602 1810 667 principes

348 686 484 733 laicos
519 686 565 731 in
600 682 809 747 praefatis
843 679 1104 728 canonibus.

446 761 490 805 1.
529 758 702 805 Etenim
734 757 775 804 si
809 773 913 803 vera
945 755 1056 803 foret
1086 754 1266 801 Launoii
1301 753 1626 817 interpretatio,
1656 768 1812 818 seque·

350 844 469 880 retur
500 832 736 881 concilium
768 830 962 878 voluisse
994 829 1231 876 collectioni
1258 830 1530 892 principum,
1562 829 1640 893 qui
1666 828 1810 876 domi-

349 919 508 957 nantur
539 908 635 956 orbi
669 906 885 954 catholico
921 905 1111 951 tribuere
1157 914 1416 968 potestatem
1459 905 1579 951 circa
1623 903 1812 968 impedi-

351 994 499 1031 menta
521 981 803 1030 matrimonii.
833 980 941 1027 Cum
966 980 1083 1026 enim
1107 980 1308 1026 ecclesiae
1329 996 1412 1027 vox
1434 979 1812 1027 universalitatem

352 1059 547 1106 fidelium
575 1057 912 1122 complectatur,
945 1072 1033 1102 non
1068 1065 1248 1119 possent
1274 1055 1495 1119 principes
1529 1055 1712 1102 alteram
1745 1070 1813 1101 ec-

352 1136 502 1181 clesiae
527 1150 755 1198 persona-m
787 1132 973 1188 referre,
999 1142 1049 1177 ut
1070 1131 1292 1178 Launoius
1327 1131 1541 1195 loquitur,
1580 1130 1667 1177 nisi
1701 1144 1814 1195 qua*

353 1220 481 1257 tenus
516 1209 748 1257 ecclesiam
775 1206 1071 1255 universalem
1095 1217 1448 1270 repraesentant;
1477 1205 1566 1253 iam
1588 1219 1694 1254 vero
1716 1219 1814 1254 eam

353 1301 480 1331 nemo
524 1284 775 1348 principum
819 1281 1076 1344 singillatim
1112 1291 1315 1345 sumptus
1350 1281 1512 1328 referre
1545 1291 1691 1346 potest
1712 1319 1723 1339 ,
1763 1290 1815 1329 ut

353 1360 439 1408 dici
475 1361 617 1424 possit
649 1360 866 1406 ecclesiam
894 1358 977 1405 hoc
1004 1357 1073 1404 vel
1098 1357 1208 1404 illud
1232 1358 1405 1405 efficere
1428 1370 1504 1406 aut
1525 1359 1809 1406 constituere.
1878 1367 1881 1372 '

454 1436 497 1480 2.
537 1435 800 1498 Sequeretur
832 1443 984 1480 contra
1018 1433 1198 1480 Launoii
1232 1444 1422 1481 mentem
1457 1434 1626 1481 nullum
1653 1434 1817 1499 princi-

355 1527 455 1574 pem
490 1510 535 1555 in
569 1509 664 1556 suis
700 1508 943 1573 respective
977 1508 1166 1556 statibus
1195 1509 1392 1574 potuisse
1420 1521 1496 1557 aut
1519 1528 1653 1575 posse
1674 1509 1815 1573 legem

355 1585 541 1632 condere
558 1584 614 1631 ad
632 1583 912 1630 matrimonia
934 1583 1197 1630 dirimenda.
1222 1585 1310 1632 Nec
1334 1585 1452 1632 enim
1476 1585 1700 1650 quispiam
1724 1586 1818 1633 sin·-

356 1659 523 1722 gularis
552 1660 758 1724 princeps
783 1668 935 1723 posset
957 1669 1200 1707 ceterorum
1235 1661 1433 1707 omnium
1469 1661 1647 1708 nomine
1675 1660 1817 1724 legem

357 1736 494 1792 ferre3
523 1735 644 1799 atqui
670 1745 812 1782 tamen
848 1735 933 1782 hac
966 1735 1109 1783 solum
1139 1735 1223 1783 sub
1256 1736 1510 1784 conditione
1533 1737 1609 1784 tali
1635 1736 1819 1802 polleret

359 1820 586 1876 potestate.
1282 1826 1285 1827 ⁷

455 1888 498 1932 3.
536 1886 799 1950 Sequeretur
833 1886 1058 1950 principes
1091 1886 1318 1944 infideles,
1347 1898 1423 1935 aut
1450 1887 1697 1936 haereticos
1721 1887 1820 1935 nul-

360 1962 448 2007 lam
472 1978 603 2026 posse
625 1962 766 2024 legem
790 1962 1009 2009 eiusmodi
1034 1973 1224 2011 statuere
1247 1964 1384 2011 relate
1405 1964 1462 2011 ad
1485 1963 1688 2011 subditos
1712 1980 1820 2011 suos

360 2035 652 2093 christianos3
690 2054 789 2084 cum
823 2047 1020 2101 potestas
1055 2037 1132 2085 illa
1164 2038 1229 2086 eis
1265 2057 1352 2087 non
1386 2049 1654 2103 competeret
1680 2077 1691 2095 ,
1731 2038 1819 2086 nisi

363 2121 581 2174 quatenus
617 2122 718 2158 sunt
752 2113 889 2160 altera
930 2115 1127 2161 ecclesiae
1162 2132 1346 2178 persona
1364 2153 1377 2171 ,
1427 2115 1585 2180 quales
1627 2114 1822 2180 profecto

363 2203 451 2233 non
486 2197 590 2234 sunt
622 2187 843 2252 principes
875 2189 967 2237 sive
1000 2190 1232 2247 infideles,
1264 2192 1360 2239 sive
1382 2191 1610 2239 haeretici.

461 2264 503 2308 4.
542 2263 804 2327 Sequeretur
831 2265 1052 2329 principes
1086 2284 1173 2314 non
1204 2268 1382 2333 propria
1405 2285 1457 2316 ac
1480 2266 1719 2331 originaria
1742 2284 1823 2331 po·-

365 2348 519 2385 testate
550 2338 636 2386 hac
668 2339 714 2385 in
750 2356 796 2386 re
829 2339 943 2397 frui,
982 2359 1062 2389 seu
1091 2343 1188 2391 iure
1220 2343 1488 2409 principatui
1530 2342 1666 2390 insito
1689 2380 1699 2399 ,
1740 2342 1821 2390 sed

365 2413 508 2461 solum'
539 2415 634 2462 iure
662 2415 854 2472 adscito,
884 2427 1100 2480 quatenus
1125 2420 1321 2468 membra
1343 2418 1557 2468 ecclesiae
1580 2418 1824 2467 catholicae

460 2605 526 2647 (88)
544 2606 619 2646 Ipsa
637 2605 736 2638 verba
751 2608 978 2647 propositionis
995 2613 1042 2641 15.
1054 2619 1121 2642 rem
1138 2613 1245 2652 aperte
1256 2611 1449 2651 <declararum
1470 2610 1621 2643 «Debent
1643 2610 1826 2643 sacerdotes

365 2664 404 2688 ea
417 2657 527 2689 omnia
540 2658 745 2719 matrimonia
757 2659 964 2719 confirmare,
981 2670 1063 2702 quae
1077 2666 1188 2696 contra
1202 2664 1451 2697 ecclesiasticas
1464 2664 1517 2696 vel
1526 2663 1727 2704 pontificias
1740 2663 1827 2719 leges

364 2708 482 2742 ruerint
495 2711 675 2751 contracta,
689 2720 723 2743 ιιι
737 2711 855 2752 qulbus
873 2721 956 2754 papa
971 2715 1074 2754 potest
1087 2717 1288 2758 dispensare,
1304 2717 1337 2749 et
1349 2725 1433 2758 quae
1444 2725 1510 2749 non
1523 2717 1598 2748 sunt
1612 2716 1646 2747 in
1660 2716 1825 2758 Scriptura

367 2769 458 2793 sacra
471 2770 652 2802 expressa.»
663 2763 756 2805 Apud
772 2764 964 2805 D’Argentre
979 2766 1142 2801 collectio
1152 2769 1363 2803 iudiciorum
1380 2768 1422 2802 de
1441 2770 1540 2801 novis
1560 2768 1747 2802 erroribus.
1762 2768 1825 2802 1..u⁶

370 2814 426 2845 tet.
445 2814 548 2846 Paris.
570 2818 658 2847 1728.
678 2816 756 2848 tom.
773 2818 797 2847 1.
815 2818 897 2857 part.
915 2819 956 2850 Π.
974 2827 1005 2858 p.
1023 2823 1091 2852 368.
