1980 3260
362 253 540 285 caavn.
560 254 611 285 ns
629 237 898 287 nmmum».
914 253 997 286 cunr
1011 253 1144 286 ruint.
1162 253 1242 285 vm,
1261 253 1344 285 mr.
1362 252 1425 286 ss.
1447 253 1540 286 aar.
1557 250 1603 286 11.
1666 235 1756 285 323

378 329 514 378 Multo
545 347 649 378 vero
683 331 831 378 minus
866 341 1012 396 potest
1051 329 1198 378 fidelis
1242 347 1482 380 conversus
1527 330 1759 379 discedere

280 421 308 452 a
330 407 519 471 coniuge
542 406 713 454 infideli
738 424 790 455 ac
815 424 952 455 novas
977 407 1091 454 inire
1116 407 1295 472 nuptias
1321 423 1421 454 cum
1446 406 1631 470 affulget
1654 423 1758 472 spes

279 484 584 531 conversionis
619 483 823 547 coniugis
866 483 1001 531 huius
1043 483 1240 530 infidelis
1271 522 1280 540 ‚
1324 493 1455 548 prout
1487 484 1534 530 in
1570 483 1759 531 concilio

278 559 443 608 limano
476 577 504 607 a
535 561 656 608 Sixto
689 561 738 606 V.
769 560 954 624 probato
977 561 1263 608 constitutum
1290 570 1358 607 est
1382 560 1454 607 his
1477 558 1627 608 verbis
1646 578 1655 606 :
1674 559 1757 606 «Si
1800 603 1803 607 ⁴

277 635 474 684 infidelis
520 653 645 700 spem
690 653 798 684 suae
839 637 1145 685 conversionis
1186 637 1429 693 ostendat,
1482 636 1758 685 christianus

277 710 399 758 nulio
426 711 558 758 modo
583 710 639 758 ad
664 711 776 758 alias
812 713 991 776 nuptias
1027 723 1250 769 transeat,
1285 712 1660 777 quemadmodum
1685 730 1759 760 sa—

274 787 364 853 cris
392 787 640 834 canonibus
665 797 733 835 est
756 788 1018 845 definitum3
1048 789 1127 836 sed
1152 789 1354 852 coniugis
1378 789 1552 836 lucrum
1570 789 1616 835 in
1635 789 1758 836 Chri-

274 851 343 930 sto·
373 871 597 928 expectet;
632 863 671 910 si
699 880 804 911 vero
836 862 1015 910 differat
1048 863 1383 911 conversionem
1412 881 1569 922 suam,
1610 882 1757 929 neque

272 947 421 987 tamen
454 938 706 1004 baptizatae
743 939 920 1002 coniugi
962 939 1242 1003 perniciosus
1289 940 1477 997 existat,
1517 941 1755 989 avertendo

273 1031 301 1063 a
333 1014 448 1072 fide,
487 1025 565 1063 aut
597 1015 654 1063 ad
689 1025 919 1081 peccatum
953 1015 1139 1062 mortale
1173 1015 1473 1080 pertrahendo
1501 1017 1753 1078 (caeterum

272 1110 373 1140 cum
407 1092 453 1139 id
488 1093 564 1149 fit,
604 1092 718 1140 sacri
754 1107 947 1139 canones
971 1108 1049 1139 eos
1074 1092 1329 1140 necessario
1355 1093 1630 1157 separandos
1655 1110 1756 1141 esse

271 1167 425 1217 volunt
442 1178 484 1216 et
501 1168 749 1216 christiano
767 1167 868 1215 novi
887 1166 1083 1231 coniugii
1104 1177 1368 1232 potestatem
1394 1168 1620 1231 tribuunt)
1640 1167 1756 1217 ⁸tunc

271 1255 316 1293 et
348 1245 669 1311 expectandum
705 1244 854 1292 adhuc
888 1262 969 1308 per
1002 1254 1216 1292 semestre
1256 1255 1456 1310 tempus,
1496 1256 1539 1293 et
1573 1246 1758 1294 assidue

272 1322 449 1370 interim
483 1322 540 1369 de
574 1339 658 1369 sua
691 1321 983 1370 conversione
1018 1321 1363 1369 admonendum.
1399 1322 1642 1370 Transacto
1678 1340 1756 1370 sex

270 1397 494 1446 mensium
514 1398 659 1464 spatio
677 1437 687 1455 ,
716 1415 786 1445 res
811 1398 869 1445 ad
893 1397 1153 1462 episcopum
1177 1397 1426 1454 deferatur,
1462 1399 1540 1462 qui
1576 1414 1755 1463 perspe-

269 1484 341 1522 cta
373 1474 487 1523 bene
510 1492 649 1523 causa
673 1474 869 1522 infidelis
886 1512 896 1531 ,
924 1472 1121 1522 declarat
1144 1473 1266 1521 fideli
1292 1474 1469 1539 copiam
1493 1491 1595 1522 esse
1627 1474 1751 1522 aliud

370 1654 399 1683 5.
423 1652 473 1682 An
495 1650 607 1691 aliquo
620 1651 653 1683 et
664 1650 786 1690 quanto
799 1651 943 1691 tempore
959 1650 1061 1690 possit
1078 1648 1185 1683 fidelis
1205 1651 1280 1691 post
1300 1651 1544 1683 conversionem
1565 1652 1754 1685 cohabitare

268 1711 343 1735 cum
364 1702 508 1743 infideli,
525 1703 605 1744 quin
622 1703 771 1744 privetur
792 1703 952 1743 potestate
972 1702 1163 1735 transeundi
1181 1703 1223 1734 ab
1244 1703 1326 1735 alias
1346 1703 1497 1744 nuptias?
1510 1721 1549 1727 -
1561 1706 1659 1745 Resp.

364 1756 413 1788 Ad
437 1761 468 1789 2.
485 1757 570 1788 Cum
589 1756 708 1788 militet
734 1764 772 1788 ex
796 1756 887 1797 parte
909 1755 1056 1796 coniugis
1077 1756 1226 1787 conversi
1255 1756 1349 1789 favor
1371 1756 1466 1797 fidei,
1489 1765 1527 1789 eo
1551 1758 1656 1797 potest
1676 1757 1750 1797 uti,

268 1817 476 1850 quacumque
497 1818 535 1841 ex
558 1818 674 1849 causa,
698 1808 878 1841 dummodo
899 1809 985 1840 iusta
1006 1809 1065 1849 sit,
1088 1809 1243 1841 nimirum
1265 1818 1330 1841 non
1357 1809 1483 1842 dederit
1504 1809 1626 1842 iustum
1646 1818 1684 1842 ac
1701 1818 1750 1842 ra·

268 1861 426 1894 tionabile
443 1862 609 1893 motivum
627 1862 721 1894 alteri
744 1861 875 1902 coniugi
900 1861 1098 1893 discedendi.

363 1914 413 1947 Ad
437 1919 467 1947 3.
487 1914 728 1948 Remittendam
750 1924 820 1947 esse
841 1914 1155 1956 interpellationem,
1180 1923 1247 1955 qua
1268 1914 1437 1947 intimetur
1457 1914 1587 1956 coniugi
1608 1914 1750 1956 infideli,

266 1974 308 1999 an
322 1967 402 2000 velit
417 1968 580 2008 converti,
594 1977 613 2000 a
625 1977 690 2009 qua
704 1968 961 2009 interpellatione
977 1967 1155 2008 apostolica
1167 1967 1274 2007 sedeS,
1288 1967 1383 2000 iustis
1396 1967 1437 2000 de
1452 1968 1559 2001 causis
1574 1967 1750 2008 dispensat.

365 2020 416 2053 Ad
437 2023 467 2053 4.
487 2021 520 2053 Si
546 2020 667 2062 fidelis,
690 2022 823 2062 praevia
844 2021 1103 2062 dispensatione,
1127 2021 1289 2053 contraxit
1315 2021 1559 2054 matrimonium
1583 2029 1659 2053 cum
1681 2020 1752 2052 inli-

264 2072 350 2114 deli,
374 2074 526 2106 censetur
547 2074 630 2106 illud
659 2074 860 2107 contraxisse
882 2083 957 2106 cum
984 2074 1137 2114 explicita
1159 2074 1370 2106 conditione:
1394 2073 1574 2107 dummodo
1594 2073 1752 2106 nimirum

266 2124 408 2158 infidelis
433 2134 544 2158 secum
565 2125 754 2159 cohabitare
772 2126 851 2158 velit
869 2126 992 2166 absque
1014 2126 1212 2157 contumelia
1233 2125 1414 2158 creatoris:
1438 2134 1539 2166 quare
1559 2126 1587 2158 si
1610 2125 1751 2158 infidelis

265 2187 330 2211 non
349 2179 455 2211 servet
472 2178 694 2219 supradictam
715 2179 955 2219 conditionem,
976 2179 1161 2211 adhibenda
1182 2180 1258 2211 sunt
1279 2179 1360 2212 iuris
1380 2179 1540 2220 remedia,
1557 2179 1693 2220 adhoc,
1714 2180 1751 2212 ut

266 2239 337 2263 eam
362 2232 484 2271 serven
511 2231 593 2262 alias
620 2231 763 2271 separari
784 2231 900 2263 debent
922 2231 1031 2272 quoad
1063 2233 1170 2263 torum
1192 2233 1223 2263 et
1241 2231 1530 2271 cohabitationem,
1554 2241 1619 2264 non
1642 2233 1751 2265 tamen

267 2285 377 2325 quoad
398 2284 587 2324 vinculum;
619 2284 774 2324 quocirca
799 2284 833 2316 in
855 2293 933 2316 casu
955 2283 995 2316 de
1016 2293 1082 2325 quo
1105 2284 1229 2326 agitur,
1251 2284 1388 2326 coniuge
1410 2284 1534 2317 infideli
1553 2285 1746 2327 superstite,

268 2344 334 2370 non
364 2337 482 2379 poterit
504 2336 546 2368 ad
564 2336 629 2368 alia
650 2337 727 2368 vota
747 2337 898 2369 transire.

361 2390 412 2422 Ad
431 2394 461 2423 5.
479 2391 664 2423 Conversus
682 2391 723 2422 ad
747 2390 864 2429 fidem,
888 2390 921 2422 in
941 2391 1012 2431 ipso
1032 2390 1253 2424 conversionis
1274 2392 1439 2424 momento
1461 2401 1526 2424 non
1558 2391 1748 2431 intelligitur

264 2442 392 2475 solutus
409 2452 428 2475 a
444 2442 578 2475 vinculo
605 2443 806 2475 matrimonii
827 2452 902 2475 cum
924 2443 1047 2476 infideli
1069 2444 1177 2476 adhuc
1197 2445 1370 2486 superstite
1390 2444 1561 2477 contracti.
1584 2444 1645 2476 Sed
1670 2445 1748 2476 tunc

265 2495 408 2537 acquirit
425 2496 656 2528 tantummodo
671 2497 721 2528 ius
738 2495 927 2528 transeundi
949 2496 990 2529 ad
1013 2497 1094 2529 alias
1115 2497 1245 2538 nuptias
1263 2507 1337 2530 cum
1356 2498 1493 2538 coniuge
1513 2498 1621 2529 tamen
1644 2495 1744 2535 fideli,

263 2548 363 2590 idque
387 2549 415 2581 si
445 2549 564 2582 coniux
592 2549 734 2581 infidelis
762 2551 877 2582 renuat
903 2551 976 2591 post
1002 2550 1295 2591 interpellationem
1323 2551 1480 2583 converti.
1497 2551 1647 2582 Ceterum
1668 2549 1747 2580 tune

264 2602 371 2635 solum
394 2603 537 2644 coniugii
558 2603 727 2634 vinculum
749 2603 957 2644 dissolvitur,
976 2604 1108 2645 quando
1129 2604 1247 2636 coniux
1270 2613 1445 2637 conversus
1466 2603 1582 2635 transit
1602 2611 1677 2634 cum
1699 2602 1744 2634 ef-

266 2655 351 2688 fectu
379 2655 422 2687 ad
450 2656 530 2687 alias
557 2656 697 2696 nuptias.
714 2656 747 2687 Si
766 2657 895 2696 gentilis
910 2665 1085 2690 conversus
1103 2659 1178 2690 ante
1194 2658 1428 2699 susceptionem
1446 2655 1596 2696 baptismi
1614 2654 1746 2686 habebit

265 2708 374 2749 plures
393 2718 528 2750 uxores,
546 2710 578 2741 et
594 2709 702 2751 prima
723 2712 850 2743 recuset
871 2710 1021 2751 amplecti
1043 2710 1159 2752 fidem,
1174 2712 1254 2743 tunc
1276 2711 1416 2752 legitime
1438 2710 1543 2750 potest
1564 2707 1744 2748 quamlibet

265 2769 305 2793 ex
325 2761 391 2794 illis
413 2762 568 2803 retinere,
592 2761 771 2795 dummodo
792 2763 897 2795 fidelis
919 2763 985 2797 fiat.
1006 2764 1069 2797 Sed
1091 2763 1126 2796 in
1149 2764 1212 2796 hoc
1233 2773 1309 2796 casu
1331 2762 1557 2795 contrahentes
1590 2761 1742 2793 mutuum

265 2820 456 2848 consensum
477 2824 588 2848 coram
611 2817 753 2857 parocho
774 2817 807 2848 ct
826 2817 964 2849 testibus
987 2826 1143 2850 renovare
1164 2817 1314 2849 debent.»

358 2868 447 2901 Haec
463 2868 553 2901 volui
576 2869 726 2903 adtexere
742 2869 784 2902 ob
798 2870 978 2911 argumenti
992 2879 1124 2911 nexum,
1138 2871 1169 2903 et
1181 2870 1222 2902 ad
1235 2869 1304 2901 eius
1318 2867 1495 2909 pleniorem
1510 2867 1738 2908 cognitionem.

1648 2920 1676 2947 si:
