1980 3260
273 203 364 234 cn.
381 204 426 234 11.
446 204 496 234 DE
515 202 630 235 ECCL.
650 202 814 234 POTEST.
832 202 973 233 CONST.
998 202 1084 233 mr.
1106 203 1226 233 nnn.
1250 203 1334 234 mn.
1351 203 1442 234 ΛΒΤ.
1470 204 1499 234 1.
1574 189 1629 234 33

178 280 223 325 in
252 280 591 327 christianorum
624 280 790 344 nuptiis
825 296 958 344 quam
989 278 1170 325 directio
1205 297 1354 326 earum
1388 280 1630 327 extrinseca

178 355 233 401 ad
268 355 429 403 bonum
473 356 694 403 societatis
717 393 726 411 ‚
767 371 951 418 pronum
993 365 1061 400 est
1096 353 1354 401 deducendo
1398 354 1627 418 colligere,

178 431 299 495 ipsos
326 432 446 479 nullo
463 431 592 478 modo
616 431 830 492 attingere
850 446 981 494 posse
1000 429 1133 475 huius
1158 441 1406 477 contractus
1426 430 1632 478 substan—

178 507 283 555 tiam
305 546 315 564 ,
353 519 485 571 atque
516 507 627 554 adeo
659 505 970 571 impedimenta
1002 505 1252 552 dirimentia
1282 505 1563 552 constituere.

276 584 474 629 Attamen
508 599 595 629 non
626 581 859 628 defuerunt
898 580 1064 645 aliquot
1096 580 1152 627 ab
1181 580 1286 626 hinc
1320 581 1481 627 seculis
1500 619 1509 635 ‚
1553 599 1633 627 nec

176 657 411 704 hodiedum
447 656 593 702 adhuc
625 656 809 710 desunt,
841 655 916 718 qui
942 655 1114 701 connisi
1150 655 1312 701 fuerint
1338 666 1379 701 et
1402 655 1632 708 connitan-

174 743 245 778 tur
267 740 524 795 potestatem
544 730 659 776 hanc
683 728 943 775 instituendi
968 728 1280 792 impedimenta
1304 730 1631 778 matrimonium

172 807 423 853 dirimentia
454 805 668 853 ecclesiae
702 805 894 869 eripere,
928 822 1114 869 eamque
1149 806 1192 850 in
1231 806 1455 869 principes
1489 817 1633 854 trans-

174 881 308 936 ferre,
349 891 424 928 aut
458 880 612 927 saltem
638 896 914 926 communem
939 879 1115 942 utrique
1151 879 1452 927 ecclesiastico
1486 892 1528 927 et
1556 899 1633 945 po-

172 958 292 1004 litico
327 957 528 1020 regimini
565 957 751 1004 efficere.
907 1019 915 1025 Ι

269 1034 414 1081 Primo
449 1033 628 1098 quidem
665 1043 895 1080 novatores
932 1050 1021 1080 sec.
1062 1033 1170 1078 XVI.
1210 1033 1426 1080 Lutherus
1461 1044 1504 1079 et
1535 1033 1633 1079 Cal-

169 1111 300 1158 vinus
319 1128 416 1158 cum
439 1110 532 1158 suis
551 1109 761 1166 asseclis,
796 1120 953 1173 negata
978 1109 1111 1156 huius
1143 1111 1403 1157 sacramenti
1430 1111 1628 1165 veritate,

172 1188 241 1234 ius
267 1187 485 1234 statuendi
511 1186 825 1250 impedimenta
848 1186 1067 1233 irritantia
1091 1187 1346 1249 coniugium
1371 1188 1634 1252 cuicumque

173 1263 393 1310 humanae
426 1249 653 1327 potestati,
694 1279 851 1326 nempe
885 1263 1195 1309 ecclesiasticae
1237 1280 1315 1309 seu
1349 1256 1626 1327 pontificiae,

169 1349 218 1385 ut
252 1339 383 1403 paulo
407 1350 507 1403 post
539 1338 823 1385 ostendemus
843 1376 852 1394 ‚
890 1338 1197 1401 denegarunt,
1225 1339 1632 1403 contenderuntque

172 1431 258 1461 non
294 1414 381 1460 alia
423 1431 522 1460 esse
557 1413 837 1476 agnoscenda
880 1425 1052 1477 praeter
1092 1413 1167 1459 illa
1206 1431 1320 1478 quae
1357 1417 1401 1460 in
1445 1414 1634 1462 Levitico

169 1507 268 1554 cap.
286 1490 438 1537 XVIII.
458 1490 695 1537 constituta
720 1500 844 1546 sunt,
871 1490 948 1536 ubi
978 1489 1269 1554 prohihentur
1287 1490 1509 1537 connubia
1533 1508 1632 1537 cum

169 1565 512 1629 consanguineis
548 1575 591 1612 et
631 1564 839 1612 affinibus
874 1565 917 1610 in
959 1565 1114 1629 primis
1156 1566 1500 1630 propinquitatis
1535 1583 1634 1629 gra-

170 1641 303 1688 dibus
342 1643 426 1703 (1).

265 1717 318 1764 At
351 1717 564 1781 deinceps
602 1735 687 1765 non
718 1718 846 1782 pauci
873 1718 945 1764 hic
979 1717 1160 1782 illicque
1192 1729 1517 1774 surrexerunt,
1555 1735 1635 1765 seu

170 1792 315 1856 potius
345 1792 641 1856 pullularunt,
678 1794 756 1857 qui
789 1793 844 1839 ad
879 1793 1108 1857 politicum
1139 1794 1335 1856 regimen
1374 1804 1633 1858 potestatem

168 1867 282 1914 hanc
315 1867 609 1914 constituendi
644 1868 960 1932 impedimenta
994 1868 1257 1915 detulerunt.
1298 1870 1470 1916 Marcus
1501 1870 1635 1916 Anto-

169 1942 272 1989 nius
306 1942 363 1988 de
398 1943 601 1990 Dominis
627 1943 740 1990 inter
772 1954 940 1990 ceteros
975 1943 1170 1999 eminet,
1209 1961 1290 1990 nec
1323 1961 1410 1990 non
1446 1945 1633 1992 loannes

167 2019 393 2066 Launoius
427 2019 503 2084 qui
539 2019 663 2066 illius
699 2030 929 2084 apostatae
953 2037 1038 2066 non
1076 2018 1206 2066 modo
1233 2020 1494 2066 sententiam
1529 2021 1634 2067 ado-

167 2095 310 2158 ptavit
333 2133 342 2150 ‚
383 2095 460 2142 sed
497 2105 544 2141 ut
569 2095 807 2159 plurimum
844 2105 1101 2157 argumenta
1134 2094 1266 2141 etiam
1285 2095 1522 2159 exscripsit
1544 2097 1628 2158 (2)

169 2170 356 2217 Censuit
388 2171 505 2217 enim
530 2170 605 2217 hic
629 2171 888 2217 lutheranus
914 2171 1108 2217 larvatus
1134 2170 1204 2218 ius
1238 2172 1459 2218 statuendi
1495 2171 1634 2236 impe-

165 2247 364 2294 dimenta
379 2285 388 2302 ,
411 2263 526 2310 quae
555 2246 767 2292 dirimant
786 2246 1115 2294 matrimonium
1135 2247 1195 2293 ita
1215 2247 1396 2312 propria
1417 2265 1468 2295 ac
1488 2249 1631 2295 nativa

253 2381 298 2420 (1)
320 2383 367 2412 lta
390 2381 549 2412 Lntherus
566 2380 597 2411 in
619 2380 676 2412 lib.
698 2382 744 2412 De
761 2382 919 2421 captivit.
940 2381 1161 2421 Babylonica.
1181 2383 1231 2413 De
1246 2383 1481 2421 matrimonio,
1500 2383 1552 2414 ubi
1572 2392 1633 2414 non

162 2434 257 2465 aliam
272 2435 460 2474 potestatem
474 2433 690 2465 constituendi
708 2433 938 2474 impedimenta
956 2436 1080 2474 praeter
1094 2433 1253 2466 divinam
1266 2434 1421 2475 admittit,
1435 2435 1526 2466 cuius
1542 2436 1638 2467 verba

161 2488 270 2527 postea
290 2486 481 2526 asserentum
501 2486 576 2518 item
599 2487 631 2518 in
644 2489 751 2518 serm.
768 2486 810 2518 de
828 2488 979 2519 macrim.
1001 2487 1090 2519 edito
1109 2496 1162 2518 an.
1177 2492 1265 2519 1525.
1284 2487 1459 2527 Calvinus,
1484 2488 1519 2519 ut
1539 2489 1638 2527 solet,

163 2538 241 2570 nihil
264 2538 339 2569 novi
362 2538 490 2577 attulit,
514 2538 569 2570 sed
592 2538 696 2569 solum
719 2538 907 2578 exornavit,
931 2548 1014 2580 quae
1042 2539 1202 2570 Lutherus
1228 2539 1412 2579 scripserat.
1438 2541 1518 2571 Item
1538 2541 1635 2572 Bucc-

164 2600 218 2623 rus
235 2594 265 2623 et
287 2586 531 2631 Melanchthon‚
558 2591 615 2631 qui
639 2590 770 2623 Lutheri
800 2592 917 2632 placita
944 2594 1134 2632 sequuntur.
1160 2592 1210 2623 Cf.
1236 2591 1383 2624 Bellarm.
1412 2594 1460 2623 De
1482 2594 1634 2624 matrim.

169 2654 240 2686 cap.
266 2647 365 2676 XXV.

253 2696 298 2735 (2)
318 2697 355 2727 ln
377 2705 430 2737 op.
452 2698 503 2727 De
525 2698 629 2736 Reqta
650 2698 685 2728 in
707 2698 968 2729 matrimonium
990 2699 1160 2738 potestate
1183 2706 1236 2729 an.
1260 2700 1347 2730 1674.
1367 2697 1507 2737 vulgato.
1531 2698 1635 2735 Quam

161 2747 387 2788 expilatIOnem
401 2755 420 2779 a
435 2748 580 2779 Launoio
602 2748 719 2780 factam
734 2757 771 2779 ex
788 2757 841 2789 op.
853 2750 897 2781 M.
915 2752 952 2781 A.
974 2751 1017 2781 De
1036 2749 1183 2781 Dominis
1198 2749 1389 2781 Leunierius
1412 2750 1465 2780 Dr.
1486 2749 1641 2781 soi-boni«

172 2808 245 2838 cus,
274 2799 391 2832 collato
414 2800 583 2840 utriusque
604 2802 692 2831 textu
707 2825 715 2839 ‚
740 2800 770 2831 in
799 2802 967 2841 propatulo
989 2802 1106 2841 posuit.

263 2851 292 2884 ΙΙ
1523 2849 1543 2880 3
