1980 3260
349 244 436 288 420
600 254 681 285 un.
710 253 757 284 11.
787 251 899 283 sscr.
929 250 1099 282 ALTERA.
1130 250 1181 281 nn
1218 248 1383 282 pornsr.
1412 249 1553 282 clvm.

442 334 582 397 Igitur
604 332 681 396 qui
706 330 840 395 priori
866 329 1110 376 adhaerent
1144 328 1306 393 placito
1330 366 1339 385 ,
1375 337 1557 375 censent
1582 336 1683 392 post
1708 333 1827 377 inor-

346 422 433 458 tem
449 410 603 455 Bertae
625 406 848 469 legitimae
871 404 1021 452 uxoris
1040 442 1049 461 ,
1072 421 1188 468 quae
1204 403 1387 467 contigit
1411 421 1484 450 an.
1503 404 1645 449 1094.
1672 404 1821 466 (134),

347 485 603 550 Philippum
627 483 674 529 in
699 499 824 547 spem
846 481 1026 529 venisse
1056 480 1444 543 redintegrationis
1464 480 1533 527 sui
1557 476 1828 533 matrimonii

347 579 448 610 cum
486 559 696 608 Bertrada
742 569 876 623 atque
911 557 995 605 sub
1030 557 1116 604 hac
1149 556 1403 604 conditione
1441 574 1489 604 se
1529 556 1830 622 poenitentiae

348 637 596 686 subiecisse
622 635 679 683 ad
709 634 997 682 obtinendam
1026 642 1119 680 tum
1154 633 1478 681 absolutionem
1496 670 1506 688 ‚
1534 643 1627 679 tum
1652 631 1832 696 dispen-

349 715 565 763 sationem
599 730 689 778 qua
723 711 917 774 legitime
952 711 1133 776 nuptias
1168 727 1270 757 cum
1302 709 1512 757 Bertrada
1534 709 1679 756 iniret.
1708 704 1832 755 inni-

347 800 501 838 tuntur
534 806 663 855 porro
697 790 742 834 1.
773 787 975 851 allegatis
1001 787 1151 835 verbis
1176 787 1325 835 lvonis
1353 787 1400 833 in
1434 804 1505 852 ep.
1530 787 1640 832 144.
1666 785 1733 833 ad·
1755 786 1834 832 Pa-

350 867 549 916 schalem
575 867 630 912 ll.
647 866 788 930 Usque
806 865 864 912 ad
879 875 1066 913 vestram
1083 864 1464 928 dispensationem;
1480 865 1524 910 2.
1536 863 1668 910 Facto
1685 861 1832 927 ipsius

351 942 573 1008 Philippi,
618 941 723 1006 quia
759 941 848 988 nisi
885 940 1264 1005 dispensationem
1305 940 1599 996 obtinuisset,
1637 938 1833 1003 profecto

352 1038 491 1068 ausus
523 1018 643 1066 haud
681 1018 839 1065 fuisset
868 1035 917 1064 se
946 1018 1103 1064 iterum
1148 1034 1248 1064 cum
1288 1015 1498 1063 Bertrada
1527 1015 1799 1078 coniungere
1818 1051 1828 1070 ,

353 1105 484 1161 prout
517 1094 643 1150 fecit3
668 1095 712 1139 3.
736 1093 893 1140 rationi
919 1110 1008 1158 qua
1032 1093 1166 1140 Fulco
1190 1092 1362 1157 excepit
1387 1091 1642 1156 Philippum
1665 1100 1710 1138 ct
1730 1091 1835 1137 Ber-

354 1171 526 1219 tradam
550 1187 651 1218 cum
671 1169 959 1233 Andegavum
979 1186 1028 1216 se
1045 1168 1343 1225 contulerunt,
1370 1177 1503 1232 prout
1525 1166 1733 1214 omnibus
1754 1165 1835 1213 ho-

354 1246 477 1295 noris
502 1264 554 1294 ac
578 1246 848 1294 reverentiae
872 1246 1012 1308 signis
1042 1255 1086 1292 et
1110 1243 1498 1292 testificationibus
1521 1239 1836 1308 exceptuslpa-

355 1325 462 1371 riter
488 1333 557 1370 est
579 1340 606 1369 a
629 1322 804 1369 clericis
831 1331 874 1369 et
898 1321 1181 1386 proceribus;
1213 1322 1257 1367 4.
1274 1321 1465 1385 Reqinae
1487 1316 1836 1378 denominationi

358 1417 449 1465 qua
487 1398 730 1445 identidem
755 1415 782 1444 a
803 1397 1026 1445 veteribus
1063 1397 1275 1445 Bertrada
1307 1397 1475 1445 donata
1508 1395 1608 1444 fuit.

454 1474 536 1522 Ast
570 1474 656 1521 hae
691 1491 840 1520 merae
869 1483 974 1521 sunt
1008 1474 1287 1521 coniecturae
1311 1472 1455 1521 solido
1479 1472 1715 1520 destitutae
1735 1470 1840 1529 fim—

357 1550 580 1598 damento.
610 1549 785 1596 Etenim
820 1552 965 1613 prima
1002 1549 1210 1596 deiicitur
1243 1559 1334 1596 tum
1378 1567 1432 1596 ex
1463 1566 1516 1596 eo
1548 1546 1669 1614 quod
1699 1546 1838 1596 verba

356 1626 455 1674 illa:
484 1626 624 1690 Usque
648 1626 707 1673 ad
727 1636 916 1673 vestram
940 1625 1299 1690 dispensationem
1324 1625 1537 1673 adiecerit
1553 1626 1630 1672 Ivo
1654 1624 1711 1672 de
1734 1640 1832 1679 suo,

358 1703 502 1750 fidens
534 1703 728 1750 futurum
756 1713 805 1749 ut
830 1704 951 1767 Papa
976 1703 1285 1768 dispensaret,
1315 1702 1575 1768 praesertim
1605 1698 1707 1748 cum
1735 1698 1840 1766 ipse

360 1796 462 1826 cum
481 1778 640 1843 paucis
657 1778 882 1843 episcopis
901 1796 982 1842 pro
1000 1778 1141 1841 gratia
1161 1778 1244 1825 hac
1262 1777 1590 1826 intercessisset
1613 1774 1834 1825 scribens:

365 1873 388 1899 α
410 1854 768 1919 Dispensationis
810 1864 957 1901 autem
1001 1854 1160 1901 modus
1197 1854 1307 1900 nulli
1345 1871 1543 1918 unquam
1587 1853 1840 1918 sapientum

360 1930 590 1994 displicuit
620 1941 703 1978 etc.
733 1932 861 1993 (135)
880 1950 922 1987 ;»
945 1941 1037 1978 tum
1065 1948 1118 1978 eo
1142 1931 1262 1995 quod
1288 1930 1522 1977 Paschalis
1546 1930 1604 1976 Π.
1633 1930 1681 1976 in
1703 1922 1836 1994 epist.

362 2006 419 2053 ad
453 2006 814 2072 archiepiscopos
850 2017 894 2075 et
928 2008 1162 2072 episcopos
1199 2024 1472 2064 remensem,
1512 2022 1836 2062 senonensem,

361 2092 406 2130 et
433 2092 716 2130 turonensem
744 2094 845 2149 post
873 2084 1062 2132 litteram
1100 2083 1362 2149 synodalem
1401 2083 1750 2147 baugenciacam
1782 2075 1842 2129 >nev

360 2157 544 2205 verbum
573 2158 752 2222 quidem
783 2159 934 2206 fecerit
958 2159 1015 2206 de
1043 2159 1381 2224 dispensatione
1398 2197 1408 2216 ,
1449 2159 1529 2206 sed
1557 2159 1689 2206 unice
1710 2158 1842 2206 insti-

362 2232 464 2281 terit
500 2234 768 2297 separationi
806 2235 1036 2284 faciendae
1058 2253 1085 2282 a
1110 2235 1318 2304 Philippo
1354 2234 1526 2300 absque
1561 2233 1654 2285 ulla
1685 2233 1842 2283 condi-

365 2308 484 2356 tione
506 2310 657 2371 (136);
675 2319 767 2356 tum
791 2311 985 2376 denique
1007 2329 1061 2359 ex
1084 2329 1136 2359 eo
1160 2311 1281 2376 quod
1306 2310 1543 2376 Philippus
1565 2320 1608 2358 et
1629 2310 1842 2378 Bertrada

364 2384 412 2431 in
435 2384 720 2431 iureiurando
744 2386 956 2449 praestito
974 2386 1031 2433 ad
1050 2386 1339 2434 obtinendam
1360 2383 1713 2444 absolutionem,
1741 2386 1842 2449 nul-

364 2460 454 2508 lam
487 2460 777 2526 adposuerint
805 2479 992 2525 prorsus
1021 2463 1335 2510 conditionem.

461 2639 552 2678 (134)
569 2639 614 2670 Ut
638 2638 755 2679 legitur
785 2638 820 2670 in
849 2637 1020 2671 Chronica
1040 2641 1138 2671 Petri
1165 2642 1242 2673 Vivi
1262 2639 1350 2681 apud
1370 2639 1568 2672 Dachcrium
1588 2638 1624 2670 in
1639 2638 1839 2696 SpiciQw,

369 2690 448 2722 tom.
470 2691 512 2722 11.
531 2699 564 2731 p.
578 2693 650 2723 748.

461 2742 537 2783 (135
538 2742 550 2783 )
572 2742 674 2783 Epist.
689 2742 746 2775 cit.

463 2795 551 2835 (136)
572 2797 667 2827 Haec
688 2795 824 2836 epistola
848 2795 1014 2828 paschalis
1043 2798 1085 2828 11.
1106 2797 1222 2837 legitur
1252 2797 1338 2838 apud
1361 2794 1555 2829 Dacherium
1581 2797 1615 2829 in
1638 2763 1841 2839 δρᾱσιίᾦὶῠ

367 2849 446 2880 tom
461 2850 660 2891 111.p.128.
1557 2870 1560 2873 Δ
