1980 3260
351 250 408 293 94
675 259 753 289 Lm.
778 257 822 287 11.
847 256 957 287 SECT.
983 256 1011 285 1.
1035 255 1085 285 DE
1111 254 1275 285 POTEST.
1300 255 1464 286 ECCLES.

349 352 397 387 ut
418 338 549 402 aliqui
577 335 744 388 volunt,
768 333 990 380 Paschalis
1012 333 1066 376 11.
1090 347 1140 377 ac
1166 330 1402 376 Alexandri
1422 331 1520 386 lll.,
1549 333 1792 395 reperimus

351 416 464 461 hunc
504 415 712 459 canonem
755 410 968 457 sancitum
1014 408 1058 452 in
1099 406 1285 453 concilio
1319 406 1636 464 vermeriensi,
1673 411 1789 473 quod

352 508 421 537 an.
462 489 569 534 742.
609 487 689 533 suit
722 485 1015 533 celebratum:
1061 503 1083 526 «
1104 483 1153 528 In
1187 483 1312 530 tertio
1345 500 1459 545 genu
1497 486 1609 545 (seu
1643 494 1692 531 ut
1722 485 1796 532 alii

350 563 744 630 legunt—qenz'culo,
785 577 941 624 nempe
964 558 1242 622 generatione
1275 569 1349 605 aut
1372 555 1544 622 gradu)
1573 560 1795 608 coniuncti

351 648 627 703 separentur,
666 647 708 683 et
743 646 843 700 post
865 635 1176 699 poenitentiam
1201 645 1366 691 actam,
1396 636 1434 682 si
1468 635 1529 682 ita
1550 635 1795 693 voluerint,

349 714 566 761 licentiam
598 711 789 758 habeant
833 711 932 757 aliis
967 727 1015 757 se
1057 710 1334 773 coniungere.
1375 711 1424 755 In
1459 721 1615 774 quarta
1653 722 1799 758 autem

351 788 684 844 coniunctione,
722 787 759 834 si
792 786 956 832 inventi
982 785 1163 842 fuerint⁷
1193 802 1269 832 eos
1293 802 1380 832 non
1405 803 1688 850 separamus,
1718 787 1797 834 sed

351 862 658 927 poenitentiam
692 862 755 909 eis
791 861 1043 909 indicimus.
1082 860 1280 907 Attamen
1316 861 1354 908 si
1384 861 1546 908 factum
1582 879 1670 910 non
1705 862 1799 909 fue-

352 939 406 985 rit
427 976 437 995 ,
474 938 639 985 nullam
671 937 917 984 facultatem
950 936 1245 999 coniungendi
1269 935 1313 982 in
1337 947 1494 1001 quarta
1516 937 1797 1000 generatione

350 1014 507 1061 damus
546 1015 660 1075 (22).
686 1033 707 1057 »
738 1013 801 1059 Ex
836 1030 923 1076 quo
940 1011 1119 1076 quidem
1139 1029 1305 1059 canone
1329 1012 1700 1076 deprehendimus
1726 1012 1797 1075 agi

299 1137 303 1141 ‚
352 1089 406 1136 de
438 1089 766 1154 dispensatione
801 1088 845 1134 in
878 1088 1081 1150 coniugio
1113 1089 1198 1133 iam
1235 1097 1453 1134 contracto
1482 1104 1582 1134 cum
1616 1088 1801 1151 impedi-

351 1175 495 1211 mento
518 1164 562 1210 in
586 1174 740 1227 quarto
763 1163 1034 1226 cognationis
1059 1163 1222 1225 gradu,
1249 1162 1375 1208 firma
1398 1171 1680 1226 permanente
1703 1161 1798 1225 lege

353 1239 498 1304 quoad
530 1239 733 1302 coniugia
765 1238 1076 1286 contrahenda.

442 1314 676 1370 Quadam,
714 1324 761 1360 ut
792 1314 851 1360 ita
889 1313 1071 1377 loquar,
1109 1313 1457 1361 dissimulatione
1490 1330 1595 1360 usos
1630 1313 1713 1360 hac
1755 1313 1800 1359 in

356 1407 402 1436 re
435 1407 534 1436 esse
565 1388 934 1454 deprehendimus
958 1389 1188 1454 episcopos
1212 1428 1221 1446 ,
1253 1390 1358 1436 dum
1382 1389 1582 1437 Conrado
1611 1389 1801 1454 impera-

353 1464 433 1511 tori
459 1463 758 1520 indulserunt,
782 1474 830 1510 ut
852 1463 1079 1526 coniugem
1113 1465 1316 1512 retineret
1350 1483 1464 1530 quae
1486 1465 1526 1512 ei
1545 1464 1690 1512 affinis
1710 1475 1805 1512 erat

354 1540 399 1585 in
433 1539 627 1586 secundo
661 1538 797 1602 gradu
821 1577 830 1595 ,
871 1539 952 1586 etsi
986 1539 1109 1603 prius
1143 1540 1277 1587 huius
1311 1541 1503 1603 coniugii
1546 1540 1802 1587 dissolutio-

354 1633 451 1662 nem
486 1615 813 1679 praecepissent
839 1616 953 1677 (23).
993 1616 1114 1662 Idem
1148 1616 1330 1679 contigit
1360 1617 1505 1681 quoad
1549 1616 1800 1679 coniugium

353 1690 523 1738 comitis
554 1690 727 1738 Antonii
760 1692 950 1738 Rainerii
973 1729 983 1748 ,
1013 1692 1089 1756 qui
1125 1709 1173 1739 se
1206 1693 1487 1757 copulaverat
1517 1709 1617 1739 cum
1641 1702 1803 1756 agnata

355 1783 436 1814 sua
471 1767 642 1814 comitis
676 1767 904 1814 cuiusdam
947 1767 1173 1814 Erimanni
1213 1768 1334 1824 filia3
1381 1767 1499 1833 quod
1533 1767 1636 1815 licet
1674 1784 1807 1831 aegre

356 1842 484 1889 ferret
524 1843 740 1890 Get-ardus
773 1843 1009 1907 episcopus
1039 1843 1358 1891 cameracensis
1381 1882 1391 1901 ,
1427 1854 1572 1890 tamen
1606 1843 1805 1908 episcopi

360 1917 405 1963 in
434 1918 617 1965 concilio
649 1919 897 1982 congregati
930 1919 970 1966 ei
995 1936 1074 1982 pro
1097 1919 1211 1967 bono
1244 1919 1367 1984 pacis
1391 1928 1626 1966 suaserunt
1658 1937 1714 1966 ne
1734 1918 1805 1965 ul·-

357 1992 445 2039 lam
488 1993 572 2039 hac
603 1993 658 2040 de
696 2011 831 2041 causa
865 1994 1069 2041 Rainerio
1108 1994 1352 2042 molestiam
1394 1994 1569 2041 afferret
1590 2032 1600 2051 ‚
1638 1993 1803 2058 quibus

358 2068 574 2115 Gerardus
608 2070 824 2134 acquievit
861 2072 976 2133 (24).

453 2144 609 2190 Verum
636 2145 825 2192 maxima
854 2146 977 2194 hisce
1005 2147 1050 2192 in
1074 2147 1222 2194 causis
1247 2163 1524 2194 romanorum
1550 2145 1807 2210 pontificum

361 2220 597 2267 auctoritas
630 2220 799 2277 elucet,
825 2223 1004 2287 -quippe
1041 2224 1116 2288 qui
1159 2241 1246 2271 non
1286 2223 1421 2270 semel
1463 2222 1801 2286 episcoporum,

362 2294 576 2342 interdum
610 2313 712 2343 vero
746 2307 787 2343 et
821 2299 1104 2346 conciliorum
1129 2299 1462 2364 provincialium
1485 2297 1666 2345 nimiam
1699 2297 1808 2344 faci-

359 2369 525 2417 litatem
546 2371 836 2419 cohibuerunt
859 2412 867 2429 ,
906 2392 955 2421 ac
984 2376 1114 2422 nimis
1150 2376 1267 2423 leves
1294 2374 1531 2422 sententias
1563 2373 1802 2430 irritarunt,

359 2463 414 2492 ne
436 2447 676 2511 disciplina
710 2459 1000 2495 enervaretur.
1040 2451 1153 2498 Sane
1175 2451 1262 2500 duo
1286 2450 1472 2499 concilia
1495 2449 1807 2514 aquisgranen-

447 2586 513 2628 (22)
531 2589 610 2620 Can.
634 2590 659 2620 l.
684 2589 769 2630 apud
790 2590 944 2622 Harduin.
968 2592 1053 2623 Acta
1070 2593 1189 2624 concil.
1208 2594 1286 2625 tom.
1302 2595 1359 2625 111.
1379 2592 1440 2625 ool.
1461 2596 1549 2624 1190.

448 2640 515 2680 (33)
535 2641 585 2673 cf.
605 2641 811 2683 Rodulphum
832 2643 1004 2676 Glaberum
1026 2644 1059 2676 in
1081 2646 1180 2685 praes.
1193 2646 1234 2677 ad
1254 2646 1310 2678 lib.
1328 2647 1383 2678 IV.
1405 2646 1643 2677 Historiarum
1656 2645 1712 2677 .ςαὶ
1728 2645 1807 2676 tem·
1865 2650 1878 2670 ι·

354 2693 565 2775 {omilium
581 2694 712 2725 Hister.
719 2692 880 2732 francor.
901 2697 1081 2736 scriptores
1104 2697 1262 2730 Francisci
1282 2697 1448 2730 Duchesne
1466 2697 1572 2729 Lutet.
1595 2695 1695 2728 Paris.
1717 2698 1806 2728 1641.

375 2751 438 2775 om.
508 2769 514 2775 .
533 2753 603 2786 pag.
622 2749 660 2778 39
673 2746 707 2778 et
720 2746 771 2778 40.

448 2795 512 2835 (24)
534 2798 634 2829 Prout
661 2797 756 2829 refert
781 2797 963 2831 Baldericus
989 2800 1020 2831 in
1056 2800 1224 2833 Chronica
1252 2802 1481 2834 cameracensi
1504 2800 1561 2832 lib.
1585 2801 1642 2832 ΠΙ.
1670 2807 1730 2840 cap
1767 2800 1807 2831 X.

360 2848 460 2879 Duaci
486 2853 572 2881 1615.
