1980 3260
284 230 374 262 οη.
387 230 446 262 v1.
459 229 511 262 nr
529 229 655 263 nnn.
673 227 849 262 mnam.
868 227 953 262 mr.
971 228 1018 261 sn
1037 227 1116 261 vm.
1134 228 1217 262 mm
1236 228 1359 263 cun.
1375 231 1468 263 Aur.
1487 230 1516 264 1.
1590 216 1678 263 201

218 307 350 354 etiam
384 308 630 356 haereticos
663 307 831 355 eisdem
860 306 1268 355 devinciriOmnem
1304 309 1388 356 hac
1417 309 1462 356 in
1487 326 1536 357 re
1561 309 1693 357 dubi-

220 384 428 431 tationem
459 384 641 432 sustulit
662 384 927 432 Benedictus
954 383 1064 430 XIV.
1099 383 1146 430 in
1170 383 1292 432 brevi
1326 385 1383 431 ad
1419 384 1541 433 card.
1575 385 1692 434 Ebo-

217 478 445 509 racensem
474 462 548 509 die
572 463 617 508 9.
642 461 768 508 Febr.
799 462 940 508 1749.
963 478 1016 508 ex
1038 460 1272 508 occasione
1300 462 1569 509 matrimonii
1594 462 1691 510 initi

215 536 330 584 inter
362 538 506 585 virum
541 537 750 584 iudaeum
793 547 836 584 et
874 536 1103 584 mulierem
1144 535 1440 584 haereticam:
1476 537 1537 584 ibi
1572 537 1691 585 enim

214 612 278 659 uti
315 613 491 660 firmum
523 613 794 677 principium
818 612 1007 660 assumit
1031 612 1279 661 haereticos
1314 613 1495 678 quidem
1530 613 1586 661 ab
1619 630 1692 661 ec-

213 687 377 736 clesiae
407 689 574 736 unitate
596 688 781 753 repelli,
814 688 961 752 iisque
990 688 1120 736 bonis
1149 688 1294 736 orbari
1327 689 1535 738 omnibus
1553 728 1564 747 ,
1595 690 1691 756 qui-

211 764 297 812 bus
332 765 539 812 fruuntur
562 765 608 811 in
641 764 831 812 ecclesia
857 775 1088 812 versantes
1106 803 1116 822 ,
1143 783 1228 812 non
1253 776 1392 813 tamen
1415 767 1470 814 ab
1494 769 1586 814 eius
1610 771 1690 814 αα-

213 843 408 889 ctoritate
426 852 466 889 et
485 841 649 906 leqibus
670 841 870 889 liberari:
890 851 981 888 tum
1002 841 1176 888 subdit:
1199 841 1455 889 «Haeretici
1474 843 1690 891 ecclesiae

211 917 379 965 subditi
408 929 536 976 sunt,
565 929 608 966 et
635 916 810 982 legibus
840 917 1158 965 ecclesiasticis
1190 928 1410 966 tenentur.
1447 919 1557 966 Cum
1585 936 1690 967 vero

212 993 328 1041 intra
355 994 476 1058 leges
503 994 718 1043 ecclesiae
741 993 819 1041 illa
847 1011 1026 1059 quoque
1054 1006 1338 1042 recenseatur
1353 1033 1363 1051 ,
1401 996 1518 1060 quae
1545 996 1691 1042 matri-

210 1071 361 1118 monia
377 1071 553 1119 illorum
570 1088 757 1137 quorum
775 1071 884 1118 alter
902 1071 983 1119 rite
999 1071 1272 1136 baptismum
1291 1072 1531 1137 acceperit,
1555 1088 1685 1119 secus

211 1145 345 1204 alter,
374 1158 469 1195 rata
498 1165 586 1196 non
610 1147 767 1203 habet;
797 1147 842 1193 in
864 1157 1015 1195 nostra
1040 1147 1174 1194 etiam
1202 1148 1466 1213 quaestione
1489 1158 1687 1196 statuen-

209 1222 316 1269 dum
349 1224 453 1281 erit,
486 1241 588 1272 cum
617 1223 840 1271 haeretica
862 1223 1022 1271 mulier
1047 1223 1271 1288 baptismo
1296 1224 1469 1272 initiata
1493 1223 1685 1272 hebraeo

210 1300 386 1363 nupsit,
404 1298 733 1348 matrimonium
759 1299 869 1346 illud
897 1317 977 1364 pro
1000 1300 1123 1348 irrito
1148 1300 1406 1348 habendum
1437 1317 1538 1348 esse
1565 1302 1684 1364 (3).»

306 1375 429 1423 Idem
472 1377 744 1442 principium
786 1375 1078 1442 eamdemque
1116 1377 1363 1424 doctrinam
1403 1376 1597 1425 inculcat
1634 1393 1688 1424 ac

208 1450 297 1498 late
320 1453 605 1518 prosequitur
628 1453 732 1500 Pius
758 1452 849 1498 Vll.
874 1452 919 1498 in
944 1452 1066 1499 brevi
1092 1452 1149 1499 ad
1173 1452 1561 1517 archiepiscopum
1594 1469 1689 1500 mo-

208 1527 442 1592 guntinum
476 1529 550 1577 die
581 1531 626 1576 8.
655 1528 834 1577 Octobr.
862 1530 1000 1575 1803.
1030 1528 1076 1575 in
1104 1546 1193 1593 quo
1220 1546 1320 1576 cum
1345 1529 1681 1593 praemisisset:

211 1624 235 1651 ι(
249 1606 565 1654 Praetermissa
587 1607 848 1672 quaestione
871 1605 975 1663 illa,
1001 1605 1056 1652 de
1082 1623 1172 1670 qua
1195 1605 1310 1652 nihil
1339 1605 1472 1654 modo
1495 1615 1687 1654 statuere

206 1681 413 1729 volumus
437 1700 494 1730 an
523 1682 846 1731 haereticorum
870 1682 1077 1745 coniugia
1102 1698 1251 1728 coram
1280 1681 1485 1730 ministro
1512 1681 1688 1730 acatho-

207 1757 292 1806 lico
322 1768 566 1817 contracta,
607 1769 886 1807 sacramenta
919 1759 1009 1806 sint
1041 1774 1122 1805 nec
1146 1756 1275 1804 'ne?»
1309 1756 1468 1804 Subdit
1498 1757 1556 1804 ad
1590 1774 1683 1805 rem

206 1845 431 1883 nostram:
475 1835 600 1882 «Sed
629 1836 739 1900 quid
769 1835 1008 1883 dicendum
1038 1835 1121 1882 erit
1147 1834 1203 1881 de
1228 1833 1407 1882 illorum
1436 1835 1679 1892 sententia,

204 1911 283 1976 qui
311 1911 502 1968 iactant,
538 1911 784 1959 haereticos
812 1911 1028 1960 ecclesiae
1057 1910 1231 1974 legibus
1265 1915 1548 1975 nequaquam
1582 1910 1685 1958 sub-

204 1986 280 2034 iici
296 2025 306 2045 ,
329 1996 462 2052 atque
485 1987 590 2034 inde
612 2004 746 2052 posse
770 1987 870 2034 illos
894 2005 1008 2035 novo
1035 1987 1232 2051 coniugii
1259 1986 1435 2034 foedere
1453 1985 1678 2051 copulari,

202 2062 243 2111 si
283 2063 477 2128 primum
523 2063 730 2128 publicae
772 2063 1047 2110 auctoritatis
1092 2063 1258 2110 iudicio
1290 2061 1483 2110 solutum
1524 2061 1678 2120 fuerit,

202 2148 486 2203 praepostere
510 2138 739 2186 inferunt?
772 2138 996 2186 Adversus
1031 2138 1152 2185 illam
1178 2137 1373 2186 clamant
1396 2137 1675 2202 scripturae,

199 2215 416 2271 concilia,
461 2214 639 2262 traditio
685 2214 881 2279 denique
917 2215 1141 2263 universa.
1190 2213 1401 2262 Omnium
1442 2213 1584 2261 instar
1622 2214 1683 2262 sit

200 2291 439 2339 tridentina
464 2290 666 2355 synodus
683 2328 693 2348 ,
717 2307 833 2355 quae
857 2308 973 2338 sess.
1001 2291 1086 2338 24·
1107 2292 1206 2355 cap.
1236 2289 1294 2336 ΙΙ.
1316 2295 1409 2337 non'
1432 2289 1678 2355 baptizatos

203 2385 230 2414 a
274 2367 515 2433 baptizatis
557 2367 869 2431 distinguens,
915 2367 1016 2415 illos
1056 2377 1224 2415 tantum
1261 2366 1476 2415 ecclesiae
1514 2366 1679 2415 iudicio

200 2444 477 2509 proindeque
501 2441 685 2507 ⁴legibus
720 2462 808 2492 non
843 2443 1003 2492 subiici
1036 2444 1257 2501 affirmat,
1286 2461 1387 2491 cum
1420 2442 1608 2491 ecclesia
1632 2443 1677 2489 in

200 2521 422 2568 neminem
457 2520 673 2568 iudicium
708 2521 1049 2586 exerceam-qui
1075 2538 1163 2568 non
1188 2520 1313 2585 prius
1350 2520 1395 2566 in
1432 2520 1575 2583 ipsam
1601 2536 1678 2584 per

199 2596 409 2663 baptismi
445 2597 625 2644 ianuam
666 2597 797 2644 fuerit
837 2598 1084 2661 ingressus.
1126 2597 1182 2643 Hi
1217 2596 1430 2661 baptizati
1469 2612 1573 2658 ergo
1606 2612 1679 2643 ec-

198 2673 363 2722 clesiae
403 2674 510 2731 filii,
548 2692 817 2739 quamquam
859 2674 1044 2723 rebelles
1084 2686 1126 2722 et
1158 2674 1437 2736 transfugae,
1477 2671 1677 2719 eiusdem

198 2750 412 2798 ecclesiae
446 2750 620 2814 legibus
666 2751 987 2809 subiiciuntur;
1027 2769 1164 2817 quare
1207 2751 1294 2798 iam
1332 2749 1377 2795 in
1419 2748 1518 2798 illos
1553 2759 1677 2816 pote-

287 2862 332 2905 (3)
355 2865 391 2897 ln
413 2864 557 2897 Bullario
580 2863 698 2898 Bened.
720 2865 804 2898 XIV.
829 2865 907 2898 lom.
925 2866 982 2898 ΙΙΙ.
1001 2873 1073 2905 pag.
1090 2852 1122 2896 Υ4.
1141 2862 1172 2904 §.
1194 2864 1242 2896 14.
1262 2862 1294 2895 et
1315 2865 1361 2894 16.
