1980 3260
245 263 334 295 cn.
354 263 399 295 n.
423 264 474 295 ns
493 262 631 295 roras.
650 263 784 296 rmuc.
805 263 887 296 rm.
903 263 984 295 cm.
1002 263 1127 296 uun.
1145 262 1306 295 cumsr.
1326 262 1419 295 Αιιτ.
1437 261 1499 295 in.
1547 246 1637 293 427

264 340 436 388 Exlnde
460 352 503 388 et
526 340 636 388 illud
662 341 892 388 inferimus
907 379 917 398 ,
940 340 1059 405 quod
1078 357 1179 388 cum
1198 350 1394 404 potestas
1412 338 1639 387 relaxandi

167 414 225 462 ab
259 415 591 481 impedimentis
625 416 807 463 relativa
842 416 900 464 sit
923 415 979 462 ad
1005 426 1265 480 potestatem
1290 415 1443 463 eadem
1474 415 1642 463 consti-

167 491 348 548 tuendi,
378 509 539 539 novum
574 492 708 540 robur
739 493 919 557 vimque
953 492 1165 539 maiorem
1200 492 1421 557 accipiant
1444 507 1561 557 quae
1584 491 1640 539 de

166 567 422 614 auctoritate
457 567 596 615 solius
631 568 845 616 ecclesiae
869 569 926 615 ad
950 568 1249 616 exclusionem
1274 568 1487 616 laicorum
1517 567 1642 633 prin-

165 642 317 706 cipum
352 642 398 688 in
438 643 745 708 superioribus
786 644 986 692 articulis
1026 644 1353 709 disputavimus
1387 644 1433 691 in
1467 643 1641 709 legibus

165 717 494 765 matrimonium
528 720 839 768 dirimentibus
874 721 1212 768 constituendis.
1547 714 1549 716 i

263 793 410 860 Atque
445 793 556 841 haec
588 794 646 842 de
680 795 947 859 gravissimo
980 796 1066 844 hoc
1099 805 1356 859 argumento
1394 795 1635 844 sufficiant.

725 930 1000 967 ARTICULUS
1026 931 1088 966 lv.

174 1011 321 1051 Causae
348 1013 652 1051 matrimoniales
679 1024 778 1063 quae
806 1013 1004 1052 vinculum
1038 1014 1248 1062 respiciunt
1269 1012 1508 1052 Matrimonii
1532 1010 1633 1052 chri·

272 1078 390 1115 suani
418 1087 616 1126 perperam
647 1077 752 1116 civili
783 1076 1079 1115 christianorum
1110 1078 1328 1126 principum
1366 1076 1450 1115 foro
1484 1075 1633 1116 adiudi-

267 1145 420 1180 eantur.

261 1239 492 1305 Quidquid
527 1240 612 1288 hac
645 1240 702 1288 de
737 1257 784 1288 re
816 1240 882 1288 De
913 1240 1141 1297 Dominis,
1180 1240 1430 1298 Launoius‚
1465 1257 1639 1289 eorum-

164 1333 253 1382 que
275 1317 570 1382 exscriptores
595 1317 796 1374 Nestius,
823 1316 1121 1364 Tamburinus
1137 1355 1147 1373 ,
1177 1317 1289 1364 Litta
1312 1317 1550 1382 protulere,
1571 1316 1634 1366 Io.

164 1394 504 1459 Nepomucenus
547 1395 688 1459 Nuytz
723 1394 769 1440 in
810 1393 1121 1458 compendium
1163 1394 1348 1458 redegit.
1377 1394 1459 1442 Hic
1490 1404 1643 1442 auctor

163 1470 241 1535 qui
266 1487 316 1518 se
339 1470 610 1518 catholicum
636 1470 888 1535 profitetur,
916 1480 1150 1535 postquam
1175 1470 1281 1518 Pius
1306 1471 1380 1517 IX.
1409 1471 1505 1518 eius
1530 1470 1642 1519 scri-

163 1555 238 1610 pta
255 1546 507 1603 damnavit,
532 1563 645 1594 novo
665 1564 798 1611 opere
816 1546 961 1603 edito,
984 1563 1036 1593 ac
1053 1545 1189 1593 veluti
1208 1546 1504 1611 appellatione
1522 1547 1638 1594 sacta

162 1621 220 1669 ad
256 1622 462 1669 concives
487 1639 593 1670 suos
619 1622 852 1670 damnatas
877 1622 1104 1669 doctrinas
1129 1622 1384 1680 adstruere,
1412 1639 1464 1670 ac
1489 1622 1638 1687 ipsum

166 1713 275 1745 rom.
306 1697 559 1762 pontificem
584 1697 743 1745 docere
765 1697 1030 1746 catholicam
1056 1698 1281 1746 veritatem
1307 1715 1445 1746 ausus
1469 1708 1551 1746 est.
1575 1697 1641 1746 Ea

163 1773 315 1822 omnia
348 1790 464 1839 quae
498 1773 555 1821 ad
590 1774 897 1840 quaestionem
941 1785 1220 1839 praesentem
1255 1774 1422 1823 faciunt
1452 1774 1636 1823 verbum

162 1850 297 1899 verbo
331 1851 567 1899 reddentes
600 1862 839 1899 vertemus.

257 1926 421 1975 Assero
465 1927 816 1974 matrimoniales
861 1944 1022 1974 causas
1057 1943 1110 1974 ac
1143 1926 1421 1991 sponsalium
1462 1938 1637 1992 paetum

165 2012 322 2050 natura
356 2020 438 2051 sua
473 2003 530 2050 ad
567 2003 708 2050 forum
744 2002 874 2050 civile
908 2004 1141 2068 pertinere.

258 2078 603 2127 Matrimoniales
628 2097 706 2127 eae
730 2096 894 2127 causae
916 2080 1140 2137 dicuntur,
1164 2080 1209 2126 in
1234 2079 1399 2146 quibus
1415 2080 1461 2127 in
1481 2079 1640 2146 dispu-

167 2155 378 2203 tationem
423 2155 547 2203 venit
577 2155 647 2202 vel
688 2156 956 2204 matrimonii
1003 2156 1211 2204 validitas
1240 2194 1250 2214 ‚
1293 2155 1362 2205 vel
1400 2157 1638 2220 coniugum

164 2231 387 2297 separatio
421 2242 513 2278 tum
549 2231 685 2279 relate
719 2232 775 2278 ad
810 2232 1066 2280 distinctam
1091 2233 1367 2281 solummodo
1402 2232 1638 2281 habitatio-

165 2325 265 2354 nem
281 2346 291 2364 ,
332 2318 423 2354 tum
449 2306 586 2355 relate
609 2308 666 2355 ad
690 2308 954 2357 solutionem
977 2310 1143 2358 vinculi
1168 2327 1268 2358 cum
1292 2310 1499 2359 facultate
1533 2309 1635 2359 novi

165 2383 347 2431 ineundi
382 2384 594 2448 coniugii.

262 2459 318 2506 Ut
350 2459 553 2524 quaestio
587 2459 823 2508 dirimatur
855 2461 912 2509 ad
946 2462 1172 2527 quodnam
1207 2462 1348 2511 forum
1379 2461 1637 2508 huiusmodi

164 2553 326 2584 causae
373 2537 654 2601 pertineant,
706 2539 816 2586 satis
863 2549 930 2587 est
968 2539 1085 2587 hanc
1119 2539 1294 2587 illarum
1334 2538 1637 2585 definitionem

165 2612 400 2678 inspicere.
430 2613 495 2660 Ex
529 2613 633 2661 data
668 2615 926 2664 definitione
960 2627 1080 2681 patet
1115 2634 1200 2664 non
1225 2616 1296 2680 agi
1322 2616 1367 2662 in
1391 2615 1463 2662 his
1486 2614 1637 2662 causis

164 2688 252 2736 nisi
286 2690 342 2738 de
376 2701 600 2739 contractu
635 2692 821 2758 eiusque
856 2693 1106 2742 effectibus.

261 2765 307 2811 Si
331 2778 614 2831 oppugnatur
637 2769 891 2833 coniugium
909 2780 959 2817 ut
976 2769 1163 2825 nullum,
1186 2769 1226 2816 ei
1246 2768 1483 2833 opponitur
1501 2766 1636 2832 impe-

169 2841 410 2890 dimentum
436 2844 670 2903 dirimens,
695 2846 813 2911 quod
841 2847 1037 2895 exhiberi
1064 2846 1217 2910 nequit
1240 2845 1326 2892 nisi
1351 2844 1637 2892 constitutum
