1980 3260
308 244 398 289 212
623 253 703 285 1111.
732 253 777 285 11.
807 253 919 285 sacr.
949 253 979 284 1.
1008 251 1060 283 1)ss
1085 250 1249 283 rorzsr.
1279 251 1445 284 1111111115.

305 335 511 382 universa
544 331 634 378 fere
661 330 890 394 provincia
917 328 1078 385 rediit,
1117 345 1200 376 nec
1232 328 1322 392 ipsi
1354 329 1565 392 coniuges
1598 329 1766 381 subditi

306 408 601 463 Palatinatus,
624 423 705 454 nec
727 406 925 471 episcopi
952 404 1129 453 solliciti
1153 404 1276 451 fuere
1299 403 1395 451 sive
1416 403 1473 451 de
1501 408 1766 458 renovandis

303 483 620 540 matrimoniis,
657 493 787 530 antea
815 482 913 530 sine
942 481 1082 529 forma
1115 479 1341 527 tridentini
1376 480 1640 537 contractis,
1671 479 1768 531 'sive

303 560 359 606 de
393 558 670 643 procuranda
698 575 833 623 super
853 557 909 604 iis
933 556 1292 622 dispensatione;
1326 572 1413 603 non
1450 554 1540 603 alia
1567 554 1769 621 111οῙ6σῶ

303 635 360 682 de
388 651 551 691 causa,
583 634 672 682 nisi
702 634 822 699 quod
853 634 918 681 uti
952 632 1101 681 valida
1123 632 1394 680 haberentur
1421 630 1638 680 eiusmodi
1662 650 1770 681 con·

301 710 437 774 iugia.
477 709 656 758 Accedit
684 709 803 775 quod
838 710 878 757 si
912 709 1118 756 alteruter
1149 707 1494 756 acatholicorum
1528 706 1767 773 coniugum

300 797 579 835 convertatur
622 804 863 852 numquam
896 786 1188 851 permittitur,
1226 795 1275 833 ut
1313 785 1502 833 dimissa
1542 785 1767 835 haeretica

298 872 440 927 parte,
461 880 623 911 novum
640 880 740 910 cum
763 862 980 910 catholica
1002 861 1255 925 coniugium
1279 861 1466 908 ineatur.
1489 861 1632 927 Atque
1644 860 1766 910 ‘haec

299 938 481 1004 quidem
506 939 665 1003 agendi
691 939 803 987 ratio
820 977 830 996 ‚
861 955 976 1004 quae
999 938 1176 986 tacitam
1199 937 1414 986 ecclesiae
1435 938 1763 986 conniventiam

297 1014 477 1079 prodit,
516 1015 765 1063 communis
797 1031 897 1063 esse
929 1014 1118 1062 videtur.

397 1091 441 1136 4.
480 1090 590 1148 Est,
629 1090 747 1156 quod
782 1107 870 1138 non
902 1090 1034 1138 modo
1067 1099 1239 1137 constat
1272 1089 1328 1136 de
1356 1083 1489 1136 tacita
1511 1086 1632 1137 sedis
1655 1106 1764 1155 apo—

300 1165 483 1214 stolicae
518 1166 799 1214 conniventia
824 1203 834 1223 ‚
882 1183 1032 1214 verum
1075 1165 1205 1212 etiam
1238 1165 1294 1212 de
1327 1160 1554 1229 expresSa.
1587 1165 1762 1213 Etenim

300 1241 536 1305 Gregorius
556 1242 666 1289 XVI.
689 1242 735 1308 in
762 1242 889 1291 Brevi
923 1241 979 1289 ad
1010 1241 1246 1306 episcopos
1278 1241 1490 1289 Bavariae
1517 1239 1636 1289 circa
1654 1257 1763 1289 rma-

297 1317 503 1365 trimonia
530 1317 667 1364 mixta
695 1317 798 1365 dato
824 1317 897 1364 die
922 1319 997 1364 28.
1021 1317 1125 1364 Maii
1149 1319 1291 1364 1832.
1314 1317 1429 1365 inter
1450 1314 1620 1375 cetera,
1642 1315 1762 1366 ‘haec

295 1409 411 1456 quae
444 1393 501 1440 ad
535 1403 813 1458 praesentem
858 1394 1201 1442 controversiam
1247 1393 1497 1442 referuntur
1523 1431 1533 1451 ‚
1581 1393 1722 1441 edixit·
1746 1412 1757 1441 z

297 1487 321 1512 «
338 1469 442 1516 Post
464 1468 575 1517 haec
597 1469 672 1517 vix
695 1479 764 1517 est
779 1508 789 1527 ,
817 1480 865 1517 ut
887 1469 1037 1535 aliqua
1059 1462 1276 1518 addamus
1305 1470 1362 1517 de
1386 1469 1487 1518 aliis
1510 1466 1610 1518 illis
1618 1469 1760 1534 'longe

292 1544 571 1607 gravissimis
607 1545 788 1594 casibus
817 1546 1084 1594 matrimonii
1114 1538 1237 1594 inter
1254 1546 1495 1595 catholicos
1527 1555 1571 1594 et
1602 1542 1760 1594 haere-

292 1619 403 1668 ticos
434 1621 749 1679 contrahendi,
777 1622 823 1669 in
853 1622 1018 1688 quibus
1052 1632 1157 1688 pars
1191 1616 1439 1671 acatholica
1465 1622 1660 1670 haberet
1683 1618 1760 1670 ivi-

290 1705 455 1742 ventem
487 1696 627 1743 adhuc
655 1699 846 1762 priorem
884 1699 1128 1763 coniuqem,
1167 1715 1195 1745 a
1229 1715 1317 1763 qua
1349 1693 1533 1745 divortio
1565 1693 1759 1745 sciimcta

292 1772 440 1835 fuerit.
479 1772 655 1830 Nostis,
687 1790 789 1821 ven.
812 1772 970 1821 fratres
986 1812 996 1831 ,
1030 1784 1197 1839 quanta
1222 1791 1276 1821 ex
1306 1772 1457 1821 divino
1478 1769 1580 1820 *iure
1598 1770 1761 1821 81111ὶὲ·-

289 1847 421 1895 mitas
445 1848 782 1898 matrimonialis
797 1849 964 1898 vinculi
981 1888 991 1907 ,
1021 1850 1142 1915 quod
1167 1849 1364 1915 separari
1388 1846 1585 1897 humana
1604 1845 1761 1898 311010-

290 1921 418 1970 ritate
441 1940 529 1970 non
553 1934 712 1988 potest.
737 1923 885 1981 Quare
907 1925 1238 1973 matrimonium
1260 1920 1516 1972 mixtum'in
1539 1924 1758 1973 eiusmodi

291 1997 469 2045 casibus
488 2016 574 2046 non
598 2000 730 2048 modo
753 2000 906 2048 illicite
934 2001 1059 2049 fieret
1075 2039 1085 2058 ,
1114 2001 1194 2050 sed
1210 1995 1387 2048 'nullum
1411 1996 1613 2065 prorsus
1624 1998 1758 2066 atque

290 2072 583 2121 adulterinum
616 2076 752 2133 foret,
784 2087 957 2143 praeter
989 2095 1124 2143 quam
1149 2077 1188 2125 si
1215 2077 1383 2142 priores
1417 2070 1522 2124 illae
1555 2077 1752 2143 nuptiae,

289 2165 403 2214 quas
441 2149 662 2199 haeretica
690 2170 794 2217 pars
821 2153 1012 2202 divortio
1039 2153 1279 2201 dissolutas
1309 2170 1411 2201 esse
1438 2162 1661 2210 autumat,
1699 2153 1761 2201 ir-

289 2223 403 2271 ritae
419 2224 598 2272 omnino
616 2226 804 2275 fuissent
821 2239 1000 2294 propter
1022 2228 1203 2294 aliquod
1219 2267 1229 2286 ,
1253 2228 1373 2294 quod
1391 2228 1480 2276 illis
1497 2245 1599 2277 vere
1617 2227 1757 2276 obsti-

286 2300 419 2358 terit,
459 2302 722 2349 canonicum
755 2304 967 2353 dirimens
1002 2305 1384 2371 impedimentum.
1420 2306 1554 2353 Porro
1587 2305 1635 2352 in
1673 2322 1755 2371 po-

286 2386 450 2425 stremo
484 2377 567 2426 hoc
600 2395 708 2425 casu
747 2396 835 2427 non
880 2381 1022 2428 solum
1067 2381 1287 2430 servanda
1320 2391 1447 2429 erunt
1479 2398 1534 2429 ea
1559 2375 1717 2430 'omnia
1732 2419 1748 2439 ,

285 2469 401 2517 quae
418 2470 570 2518 >supra
601 2453 721 2501 dicta
753 2466 881 2512 sunt,
911 2457 989 2504 sed
1014 2458 1260 2506 cavendum
1277 2457 1488 2546 insuper,
1517 2467 1568 2505 ut
1589 2468 1752 2505 novum

284 2528 434 2614 ipsum
458 2529 786 2594 matrimonium
810 2548 899 2579 non
923 2535 1219 2596 permittatur,
1240 2533 1332 2581 nisi
1355 2542 1591 2618 postquam
1613 2548 1752 2580 eausa
1774 2558 1779 2564 -

283 2603 416 2668 primi
441 2590 651 2652 connubii
673 2606 731 2653 ab
754 2607 977 2656 haeretica
1000 2621 1122 2674 parte
1155 2611 1244 2658 iam
1279 2618 1408 2679 antea
1441 2608 1540 2655 initi
1562 2607 1749 2671 cogn-ita

282 2678 415 2727 fuerit
446 2667 747 2731 ecclesiastico
780 2683 944 2733 iudicio
976 2685 1033 2732 ad
1067 2703 1286 2734 canonum
1323 2701 1523 2732 normam
1557 2694 1743 2741 exacto,

283 2772 372 2822 quo
400 2757 670 2806 connubium
701 2758 820 2807 idem
854 2759 986 2809 fuerit
1019 2761 1191 2809 irritum
1208 2760 1481 2809 declaratum
1501 2760 1621 2823 (22).
1631 2779 1655 2807 »

377 2856 442 2899 (22)
462 2858 557 2900 Apud
577 2858 768 2902 Roskovany
784 2861 836 2895 De
849 2862 1003 2896 matrim.
1020 2863 1143 2897 mixtis
1160 2864 1251 2897 1842.
1262 2861 1342 2896 tom.
1361 2862 1401 2895 [Ι.
1415 2869 1489 2904 pag.
1505 2863 1578 2895 217.
