1980 3260
272 209 363 242 (ω’.
382 209 439 242 νι.
458 210 510 241 nr.
528 209 655 242 nuru.
675 208 851 241 msam.
870 208 953 241 mr.
968 208 1015 240 si:
1035 208 1112 240 vm.
1126 208 1209 240 cun
1229 208 1351 240 cmi.
1369 209 1463 241 Aur.
1478 209 1523 241 ιι.
1586 194 1677 241 223

205 287 264 336 ab
298 305 387 335 una
422 298 547 352 parte
582 297 855 352 protestante
887 297 931 335 et
963 285 1101 334 altera
1129 285 1373 345 catholica,
1401 305 1484 335 non
1505 298 1678 345 servata

203 365 345 428 forma
367 365 553 421 concilii,
570 381 626 411 an
644 363 794 413 valida
811 363 1019 412 habenda
1038 363 1150 420 sint,
1166 374 1296 428 prout
1311 363 1460 412 valida
1479 363 1677 413 declara-

203 439 268 488 vit
279 440 541 488 Benedictus
557 441 666 487 XIV.
680 439 959 488 matrimonia
973 438 1109 487 simili
1123 439 1254 487 modo
1269 439 1314 485 in
1327 439 1563 487 Hollandia
1580 456 1679 488 con-

204 526 358 564 tracta:
373 516 544 564 scilicet
557 516 914 582 respondendum
934 532 1057 572 esse3
1072 515 1304 563 Decretum
1324 516 1546 564 Benedicti
1565 517 1673 563 XIV.

203 610 276 640 an.
320 594 462 639 1741.
500 592 667 640 editum
702 609 839 656 super
865 591 1158 640 matrimoniis
1191 591 1454 640 Hollandiae
1487 594 1679 640 laxativo

206 667 429 732 respicere
476 676 642 713 tantum
683 666 964 714 matrimonia
997 668 1043 714 in
1081 668 1138 714 iis
1171 668 1411 731 provinciis
1454 677 1677 715 contracta

200 744 270 792 vel
297 742 624 799 contrahenda,
656 760 742 788 ‘non
774 753 916 790 autem
949 743 1042 790 alia
1075 744 1352 791 matrimonia
1375 745 1421 790 in
1444 744 1548 791 aliis
1575 744 1677 792 locis

201 828 243 865 et
267 818 508 882 provinciis
540 816 650 864 inita
682 816 753 864 vel
784 817 1007 875 ineunda,
1045 818 1209 883 quibus
1250 818 1417 866 idcirco
1456 818 1675 884 applicari

203 893 358 958 nequit
385 892 544 957 absque
576 910 687 940 ηουα
715 902 757 940 et
786 894 969 957 speciali
988 911 1026 941 s.
1049 894 1174 942 Sedis
1197 893 1506 950 declaratione;
1533 894 1672 942 multo

199 968 344 1032 magis
366 968 418 1014 'in
448 968 688 1016 Galliarum
722 986 881 1033 regno,
920 969 998 1017 ubi
1031 969 1257 1017 decretum
1292 969 1468 1018 concilii
1505 969 1673 1017 triden-

202 1043 284 1091 tini
299 1045 365 1092 De
389 1044 520 1092 refor.
544 1054 673 1092 matr.
698 1060 812 1094 sess.
837 1046 914 1092 24.
935 1062 1035 1110 cap.
1059 1046 1105 1091 1.
1122 1044 1293 1110 absque
1317 1044 1409 1093 ullo
1432 1044 1568 1092 dubio
1592 1044 1675 1091 im-

205 1121 396 1169 mediate
430 1132 532 1186 post
564 1121 800 1170 concilium
833 1121 1107 1187 publicatum
1133 1121 1217 1169 fuit
1249 1122 1294 1168 in
1328 1121 1551 1170 universis
1576 1138 1678 1186 pro-

204 1197 364 1246 vinciis
382 1235 393 1255 ‚
431 1208 475 1246 et
507 1198 868 1247 constantissime
901 1197 1182 1247 observatum
1204 1198 1356 1261 (·44).»

302 1275 424 1323 Haec
451 1275 586 1323 verba
608 1286 761 1340 aperta
785 1285 910 1333 sunt,
941 1275 1151 1341 nulloque
1178 1274 1382 1339 indigent
1413 1285 1678 1323 commenta-

205 1351 297 1407 rio;
325 1368 379 1398 ex
402 1351 476 1399 his
499 1352 618 1399 enim
638 1362 759 1417 patet
776 1353 822 1398 1.
838 1351 979 1415 legem
998 1351 1284 1399 tridentinam
1301 1352 1376 1400 vix*
1392 1351 1615 1399 sancitam⁴
1632 1352 1678 1398 in

200 1426 424 1475 universis
455 1427 623 1475 Galliae
650 1427 889 1492 provinciis
915 1428 1238 1494 promulgatam
1255 1428 1396 1475 fuisse
1411 1428 1679 1476 constantis-

202 1503 406 1569 simeque
423 1513 642 1552 servatam
659 1523 668 1561 ;
699 1506 743 1551 2.
761 1504 1121 1552 constitutionem
1138 1503 1463 1551 benedictinam
1482 1521 1561 1569 per
1577 1520 1681 1550 ana-

199 1579 366 1644 logiam
400 1580 521 1628 haud
556 1598 691 1645 posse
719 1580 895 1629 extendi
920 1581 978 1628 ad
1002 1580 1115 1629 alias
1146 1580 1406 1646 provincias
1427 1590 1550 1628 extra
1573 1579 1680 1627 Hol-

202 1655 401 1703 landiam
425 1674 505 1704 seu
530 1667 672 1704 status
689 1656 828 1720 Belgii
853 1657 1100 1705 foederatos
1116 1695 1126 1714 ‚
1147 1656 1224 1705 sed
1244 1673 1359 1721 opus
1377 1673 1478 1704 esse
1494 1656 1678 1720 speciali

201 1749 239 1779 s.
266 1731 381 1780 sedis
405 1731 716 1788 declaratione;
741 1735 785 1780 3.
808 1733 1091 1781 matrimonia
1116 1732 1173 1780 ab
1197 1732 1431 1780 haereticis
1456 1732 1502 1786 in
1523 1731 1676 1779 Galliis

203 1808 298 1856 sive
332 1808 578 1857 coaluerint
610 1809 656 1856 in
688 1820 863 1857 coetum
898 1827 979 1857 seu
1013 1809 1266 1857 societatem
1301 1808 1557 1856 distinctam
1582 1808 1677 1856 sive

202 1902 290 1934 non
312 1923 322 1943 ,
361 1885 472 1934 inita
505 1896 582 1934 aut
615 1885 843 1944 ineunda,
891 1886 1203 1952 praetermissa
1235 1886 1375 1933 forma
1404 1885 1642 1933 tridentina
1664 1922 1674 1940 ‚

202 1979 304 2011 esse
338 1980 522 2027 prorsus
552 1962 749 2011 invalida
776 1980 828 2011 ac
857 1963 994 2011 nulla.

296 2039 362 2088 De
383 2039 502 2087 datis
527 2039 632 2088 olim
658 2038 881 2088 *eiusmodi
916 2039 1284 2104 responsionibus
1303 2077 1314 2096 ,
1342 2056 1528 2105 quarum
1552 2055 1676 2086 men-

204 2116 264 2164 tio
303 2116 354 2164 fit
386 2116 432 2163 in
468 2115 554 2164 hoc
594 2117 810 2181 rescripto
838 2155 849 2173 ,
900 2115 1025 2164 nulla
1058 2133 1160 2164 esse
1194 2116 1352 2182 poterit
1385 2115 1603 2164 dubitatio
1638 2115 1679 2163 ei

204 2190 289 2255 qui‘
307 2191 669 2240 animadverterit
694 2191 866 2239 iamdiu
891 2209 919 2239 a
943 2192 1020 2240 Pio
1042 2192 1113 2238 VI.
1138 2192 1392 2240 constituta.
1417 2192 1460 2239 Is
1487 2191 1607 2238 enim
1634 2190 1679 2237 in

205 2267 331 2315 Brevi
364 2266 647 2314 Laudabilem
679 2268 755 2314 26.
795 2268 917 2332 Sept.
953 2269 1093 2315 1791.
1122 2267 1179 2316 ad
1207 2267 1441 2334 episcopos
1478 2267 1674 2316 Galliae:

208 2361 231 2388 «
259 2343 310 2389 ln
345 2342 523 2400 Galliis,
560 2342 739 2407 inquit,
777 2343 941 2391 debent
972 2343 1253 2392 matrimonia
1286 2343 1497 2407 coniungi
1533 2361 1560 2391 a
1594 2360 1677 2392 suo

205 2419 400 2483 parocho
428 2419 624 2483 legitimo
641 2458 651 2477 ,
679 2420 749 2468 vel
774 2419 861 2468 alio
884 2420 1111 2469 sacerdote
1144 2420 1200 2468 de
1234 2420 1329 2468 eius
1362 2420 1432 2468 vel
1462 2419 1676 2468 ordinarii

204 2493 410 2553 licentia;
443 2513 546 2543 nam
575 2497 906 2545 matrimonium
941 2497 1068 2546 aliter
1099 2497 1369 2545 celebratum
1399 2496 1565 2544 nullam
1587 2495 1678 2543 vim

203 2569 390 2619 haberet
411 2571 469 2620 ob
492 2571 827 2621 celeberrimam
852 2572 1080 2622 tridentini
1111 2572 1289 2622 concilii
1313 2573 1454 2636 legem
1479 2571 1535 2618 de
1558 2570 1681 2618 clan-

301 2717 368 2759 (44)
389 2718 495 2751 Huius
509 2718 629 2752 decreti
641 2743 652 2760 ,
675 2728 731 2752 seu
746 2719 854 2761 potius
868 2721 1085 2754 renovationis
1104 2721 1349 2764 responsionum
1362 2727 1447 2760 quae
1461 2717 1541 2750 olim
1552 2717 1617 2749 iam
1630 2715 1683 2748 da·

207 2770 259 2802 tae
281 2769 409 2804 fuerant
432 2772 525 2804 tenor
545 2772 662 2814 legitur
688 2773 774 2815 apud
796 2775 896 2814 Pages
917 2774 1061 2807 Dissert.
1078 2783 1142 2808 sur
1165 2774 1196 2807 le
1209 2773 1300 2816 pret.
1321 2777 1348 2806 1.
1364 2771 1447 2814 part.
1464 2774 1532 2804 165.
1547 2769 1681 2811 eiusque

209 2822 354 2857 meminit
368 2825 408 2857 D.
419 2824 566 2860 carriere
584 2825 646 2860 loc.
663 2826 718 2859 cit.
736 2835 769 2859 n.
787 2830 878 2861 1226.
891 2827 925 2860 et
941 2831 1031 2861 1231.
