1980 3260
326 209 415 259 190
643 224 722 254 mn.
753 222 800 257 11.
830 221 943 253 sacr.
973 222 1003 252 1.
1033 221 1084 251 m:
1110 220 1275 252 rornsr.
1306 219 1473 252 nectas.

324 313 516 358 ctarent,
547 301 673 347 toties
701 299 759 346 ad
790 299 1080 364 apostolicam
1107 298 1260 345 sedem
1290 315 1339 345 se
1372 299 1644 361 receperint,
1677 301 1798 348 eius-⁴

322 391 407 445 que
441 377 741 425 auctoritatem
778 385 1082 439 agnoscerent.

419 455 695 518 Quapropter
722 452 790 500 vel
810 453 896 517 ipsi
928 452 1167 515 scriptores
1202 449 1410 513 gallicani
1437 449 1547 496 fassi
1586 459 1691 498 sunt
1712 451 1796 503 has

322 548 480 579 causas
517 539 618 576 ante
646 529 816 576 iudices
851 527 1179 575 ecclesiasticos
1213 544 1315 574 esse
1351 526 1658 574 discutiendas
1682 565 1692 584 ‚
1732 538 1797 575 at-

322 625 407 673 que
441 606 496 654 ab
529 605 642 670 ipsis
677 604 980 652 decernendas
1005 605 1121 666 (19).

416 684 572 730 Verum
605 681 725 747 quod
759 699 851 728 rem
886 690 1080 728 nostram
1117 680 1259 743 magis
1297 679 1529 726 confirmat
1570 688 1639 729 est
1672 679 1794 744 ipso-

323 769 511 806 rummet
543 758 879 824 protestantium
908 757 1128 804 sentiendi
1167 766 1209 803 et
1242 756 1402 819 agendi
1435 755 1548 804 ratio
1571 793 1581 812 ,
1620 755 1697 820 qui
1733 764 1805 804 ec*

322 835 619 883 clesiasticum
643 833 836 882 tribunal
859 833 905 880 in
932 833 1079 881 causis
1104 831 1505 880 matrimonialibus
1524 842 1789 895 agnoscunt.

323 911 486 960 Iuverit
507 911 564 958 ad
584 910 826 976 pleniorem
844 908 1151 972 regalistarum
1168 947 1177 965 ,
1201 909 1278 973 qui
1303 925 1353 955 se
1378 907 1623 958 catholicos
1636 907 1798 972 'appel-

322 988 444 1046 lunt,
484 986 789 1036 confusionem
812 1025 822 1044 ,
861 1003 1012 1033 eorum
1049 984 1289 1032 sententias
1330 1001 1382 1031 ac
1412 984 1548 1032 verba
1581 983 1790 1049 proferre.

321 1064 591 1111 Boehmerus
618 1063 878 1110 lutheranus
913 1059 1256 1109 iurisconsultus
1281 1059 1467 1125 scribit:
1511 1079 1537 1106 ((]
1550 1060 1662 1109 Sunt
1693 1067 1803 1109 cali-³

322 1157 401 1187 sae
434 1139 761 1187 ecclesiasticae
792 1138 862 1186 vel
892 1138 948 1185 ad
983 1137 1159 1200 negotia
1191 1136 1314 1183 licita
1335 1135 1405 1183 vel
1429 1134 1585 1182 illicita
1607 1135 1797 1182 referen-

322 1214 422 1263 dae.
467 1216 539 1262 ‘Ad
580 1215 657 1262 illa
691 1215 912 1280 pertinent
953 1212 1306 1260 matrimoniales.
1347 1211 1548 1258 Refertur
1581 1211 1700 1261 enim
1742 1210 1799 1258 ad

322 1291 512 1341 classem
552 1295 925 1339 sacramentorum
948 1328 958 1346 ,
997 1288 1108 1335 adeo
1145 1298 1194 1335 ut
1223 1288 1313 1335 fere
1347 1287 1459 1334 haec
1491 1287 1625 1335 unica
1659 1295 1799 1337 ca'u'sa

322 1367 585 1414 sacramenti
609 1367 656 1412 in
680 1366 773 1413 foro
797 1365 1069 1412 contentioso
1093 1374 1331 1428 peragatur
1351 1383 1361 1420 ;
1391 1380 1492 1410 cum
1516 1362 1717 1428 reliquae
1750 1362 1797 1409 in

323 1444 465 1490 forum
489 1443 699 1507 litemque
722 1443 866 1489 rarius
899 1441 1190 1488 deducantur.
1221 1441 1518 1488 Protestantes
1542 1445 1799 1505 'sequuntur

323 1520 392 1567 ius
417 1519 724 1584 pontificium;
764 1518 969 1583 quamvis
993 1517 1112 1565 enim
1145 1527 1308 1581 negent
1341 1516 1671 1564 matrimonium
1694 1522 1801 1564 esse*

324 1605 646 1642 sacramentum
669 1634 678 1652 ,
717 1594 1028 1641 existimarunt
1061 1603 1208 1640 tamen
1243 1593 1435 1641 maiores
1469 1587 1609 1640 nostri
1644 1588 1798 1642 matri<-

325 1672 540 1719 moni'ales
577 1688 736 1719 causas
780 1670 838 1718 ad
878 1687 1009 1718 casus
1043 1670 1347 1718 conscientiae
1374 1687 1475 1718 esse
1508 1669 1803 1726 referendas}

324 1761 520 1812 quorum.
546 1766 645 1795 cum
679 1751 783 1796 non'
803 1747 1018 1796 habeatur
1045 1748 1157 1795 riatio
1186 1747 1231 1794 in
1261 1747 1355 1794 foro
1389 1746 1603 1804 seculari,
1639 1745 1798 1795 merito

326 1825 504 1871 easdem
528 1824 693 1871 iudicio
716 1824 1021 1872 ecclesiastico
1045 1841 1145 1871 esse
1169 1823 1439 1887 delegandas
1467 1819 1586 1887 (20).
1608 1842 1631 1868 »
1658 1840 1662 1845 ¹
1697 1847 1711 1852 v
1769 1847 1772 1850 ·

424 1900 479 1947 Et
511 1900 693 1948 iterum:
728 1899 878 1948 «Adeo
910 1905 1013 1949 vero
1047 1917 1207 1948 causae
1226 1895 1578 1947 matrimoniales
1609 1898 1667 1945 ad
1691 1915 1801 1946 con-³

329 1976 506 2023 sistoria
539 1987 688 2024 nostra
722 1987 950 2042 spectant,
989 1983 1038 2025 u't
1072 1977 1274 2025 doctrina
1300 1976 1410 2023 iuris
1443 1974 1662 2040 pontificii
1697 1974 1801 2021 uni-

324 2070 453 2101 versa
485 2053 540 2100 de
572 2053 656 2101 hac
688 2055 872 2102 materia
895 2054 987 2102 fere
1010 2064 1185 2120 recepta
1208 2052 1536 2102 sit.'Pertinent
1560 2051 1709 2116 itaque
1740 2050 1798 2099 ad

416 2201 481 2243 (19)
503 2202 555 2234 Sic
576 2203 665 2235 enim·
680 2205 793 2237 scribit
805 2207 845 2237 D.
865 2205 1093 2238 D’Hericourt:
1122 2203 1187 2238 ἀεὶ·
1204 2204 1285 2238 dans
1304 2205 1351 2238 les
1375 2203 1578 2246 oppositiones
1600 2199 1662 2247 qui.
1676 2204 1734 2236 ont
1748 2201 1800 2235 ete

324 2253 459 2285 sormecs
480 2262 521 2285 au
542 2254 703 2295 mariage;
723 2255 784 2287 S’il
806 2256 907 2297 s’ayic
923 2257 973 2290 du
995 2258 1063 2290 lien
1091 2260 1126 2290 et
1147 2258 1198 2290 du
1212 2259 1424 2298 sacrament,
1441 2265 1568 2289 comme
1588 2256 1616 2288 si
1636 2256 1702 2288 l’on
1723 2255 1793 2297 pre-

320 2305 398 2338 tend
423 2305 501 2346 qu'il
523 2315 543 2346 y
570 2315 590 2337 a
612 2316 650 2338 eu
677 2307 734 2339 des
758 2309 932 2348 fiancailles
953 2319 1031 2342 avec
1057 2319 1120 2342 une
1141 2311 1233 2342 autre
1254 2318 1412 2352 personne
1434 2310 1528 2342 faites
1555 2318 1614 2350 par
1633 2309 1721 2341 l'une
1741 2308 1799 2340 des

325 2358 409 2390 deux
429 2358 563 2399 parties,
577 2368 620 2390 ou
635 2359 719 2391 d’un
741 2360 881 2401 mariage
902 2362 958 2402 qui
978 2362 1115 2395 subsiste
1130 2371 1245 2395 encore
1257 2387 1268 2403 ,
1291 2363 1315 2394 il
1328 2362 1398 2394 Paut
1418 2370 1453 2394 se
1471 2361 1626 2402 pourvoir
1650 2370 1709 2403 par
1727 2361 1796 2393 l’of-

324 2410 406 2443 ficiei
431 2411 674 2452 ecclesiastique
701 2421 756 2444 sur
778 2413 824 2445 les
841 2415 1056 2455 oppositions3
1081 2416 1163 2447 mais
1183 2416 1211 2447 si
1225 2415 1245 2447 l’
1258 2415 1440 2456 opposition
1465 2415 1515 2446 est
1529 2414 1644 2447 fondee
1664 2423 1721 2446 sur.
1741 2413 1800 2447 des

327 2463 459 2496 interets
478 2464 651 2505 temporels
665 2489 674 2505 ‚
696 2473 822 2497 comme
843 2466 938 2498 celles
957 2466 1015 2498 des
1034 2467 1126 2507 peres
1145 2469 1178 2500 et
1199 2468 1324 2509 meres,
1345 2467 1404 2500 des
1422 2467 1549 2499 tuteurs
1576 2468 1609 2505 et
1629 2466 1797 2499 des-cura-

324 2517 434 2556 tem-s,
458 2517 536 2549 c'est
563 2516 683 2549 devant
702 2517 732 2549 le
754 2518 828 2558 iuge
852 2518 1008 2558 seculier,
1025 2528 1088 2560 que
1102 2520 1148 2552 les
1162 2520 1362 2562 oppositions
1385 2519 1518 2551 doivent
1538 2520 1608 2551 etre
1621 2518 1760 2560 pondes.
1777 2530 1794 2545 n

323 2570 385 2601 Les
405 2568 479 2600 loix
491 2569 763 2611 ecclesiastiques
776 2570 819 2602 de
832 2571 985 2611 france.
1006 2573 1191 2606 Newchatel
1211 2576 1300 2607 1774.
1324 2570 1501 2607 Troisitme
1514 2572 1597 2612 part-
1611 2571 1663 2604 ch·
1685 2572 1725 2604 V·
1745 2569 1796 2604 du

324 2623 480 2662 mariaqe
491 2622 522 2663 §.
538 2627 588 2655 25.
604 2625 637 2655 et
657 2623 738 2655 ibid.
758 2624 819 2655 art.
837 2627 867 2656 4.
884 2624 915 2665 §.
933 2627 981 2658 17.
1008 2638 1024 2654 «
1039 2627 1086 2658 La
1106 2627 1179 2660 voie
1191 2624 1363 2660 ‘ordinaire
1382 2634 1466 2667 pour
1485 2633 1521 2658 se
1540 2624 1696 2666 pourvoir
1719 2632 1795 2656 con·

322 2675 372 2707 tre
390 2683 434 2707 un
455 2675 618 2717 mariage,
640 2676 718 2708 c’oet
737 2676 779 2709 de
799 2676 1000 2710 s’adresserh
1016 2679 1154 2712 l’ofticiel
1168 2704 1178 2721 ,
1194 2680 1252 2721 qui
1267 2681 1336 2719 est,
1355 2678 1486 2713 suivant
1502 2677 1549 2711 les
1573 2676 1796 2710 ordonnanoes

324 2727 353 2759 le
373 2727 448 2768 iuge
465 2727 511 2760 du
538 2728 718 2762 sacrement
745 2729 779 2762 et
798 2729 844 2762 du
869 2730 935 2763 lien
957 2731 1015 2772 qui
1040 2731 1071 2764 le
1089 2732 1234 2765 forme.»

412 2780 478 2821 (20)
500 2781 666 2814 Boehmer.
678 2783 742 2815 Ias
752 2781 971 2816 ecclesiastic.
979 2786 1125 2825 protest.
1139 2786 1217 2819 tom.
1227 2786 1254 2818 I.
1266 2785 1323 2818 lib.
1336 2789 1366 2817 2.
1378 2783 1409 2824 §.
1423 2782 1532 2817 Ἀθά.
1547 2783 1687 2817 attalae
1701 2785 1797 2816 1730.-

321 2839 392 2873 pag.
411 2835 470 2865 996
481 2840 548 2873 seq.
