1980 3260
196 213 288 246 cu.
307 213 354 246 11.
372 214 424 246 ΒΕ
444 214 585 247 roms.
602 214 738 249 niune.
758 215 840 249 mn.
856 216 938 250 cm.
956 217 1080 250 uun.
1101 216 1261 265 cnmsr.
1279 217 1372 251 uir.
1390 217 1423 250 1.-
1493 188 1599 253 367¹

218 290 437 347 Quoniam
471 310 576 343 vero
608 293 884 359 spalatensis
918 295 964 343 in
998 295 1203 344 adductis
1235 295 1391 349 verbis,
1410 297 1585 347 concilii

117 365 252 414 etiam
270 367 593 417 aurelianensis
611 369 879 419 mentionem
896 370 1067 428 iniecit,
1089 388 1176 420 non
1194 371 1276 420 abs
1294 389 1341 419 re
1355 372 1438 420 erit
1451 371 1588 422 adnot-

116 453 212 491 tare
228 481 238 500 ‚
266 444 386 509 quod
410 455 559 509 patres
583 455 845 495 turonenses
869 447 926 495 de
949 446 1036 496 isto
1053 457 1291 496 testentur:
1312 448 1394 495 «ln
1413 436 1585 513 synodo

116 519 449 578 aurelianensi,
498 539 633 587 quam
678 522 1001 572 invictissimus
1034 540 1110 571 rex
1143 523 1449 572 Chlodovaeus
1492 525 1589 589 fieri

113 596 411 660 supplicavit»
434 597 819 663 concludantque:
847 600 970 648 «Nos
1004 599 1090 648 hoc
1121 599 1234 664 quod
1271 609 1420 664 patres
1452 602 1589 648 nostri

110 681 357 720 statuerunt
380 673 427 719 in
451 674 658 722 omnibus
683 674 997 724 roboramus.»
1021 677 1155 724 Porro
1179 676 1217 724 si
1241 676 1298 724 ad
1316 675 1585 726 Chlodovaei

114 764 269 813 preces
303 747 414 796 inita
446 759 515 797 est
547 750 748 815 synodus
772 750 1120 808 aurelianensis,
1148 751 1187 799 si
1213 761 1362 816 patres
1398 753 1585 802 turonici

113 823 374 889 profitentur
395 825 587 874 concilia
610 827 865 892 antiquiora
887 827 1159 893 proferentes
1172 864 1183 883 ,
1213 838 1264 874 se
1278 827 1477 875 roborare
1493 839 1587 882 sta-

115 909 207 948 tuta
234 910 437 965 patrum,
465 919 745 967 consequens
769 914 838 951 est
862 903 964 952 illos
989 921 1076 952 non
1100 903 1378 968 imperatoris
1406 914 1484 952 aut
1516 921 1587 952 re-

112 975 183 1041 gis
195 1014 206 1034 ,
223 976 302 1025 sed
319 977 581 1026 auctoritate
598 979 778 1044 propria
799 989 843 1027 et
863 979 1124 1027 auctoritate
1140 977 1444 1032 ecclesiastica
1459 989 1586 1028 ante·-

111 1053 217 1101 riori
254 1054 570 1119 impedimenta
603 1055 933 1104 matrimonium
974 1055 1229 1104 dirimentia
1270 1056 1581 1115 constituisse,

114 1129 250 1178 immo
283 1141 328 1179 et
360 1141 512 1179 contra
545 1148 698 1195 regum
730 1131 1004 1180 voluntatem
1032 1133 1149 1195 (28).

211 1207 400 1255 Demum
436 1208 660 1256 concludit
692 1208 993 1273 spalatensis:
1024 1208 1387 1257 «Matisconense
1406 1208 1585 1258 tandem

110 1283 384 1341 secundum,
412 1284 469 1332 ad
495 1284 614 1349 leges
638 1285 762 1350 ipsas
793 1285 1018 1334 seculares
1042 1285 1088 1332 in
1113 1284 1185 1332 his
1210 1283 1585 1350 prohibitionibus

110 1376 161 1408 se
195 1360 645 1419 resertz-Incestam,
683 1361 850 1427 inquit,
899 1361 1251 1427 copulationem,
1289 1360 1336 1407 in
1374 1378 1466 1426 qua
1504 1379 1585 1411 nec

105 1435 270 1485 coniux
293 1454 376 1485 nec
399 1438 582 1503 nuptiae
607 1449 723 1486 recte
754 1437 969 1504 appellari
997 1437 1117 1501 leges
1141 1447 1402 1493 sanxerunt,
1431 1437 1585 1486 catho-

109 1512 198 1560 lica
229 1513 411 1562 omnino
444 1514 689 1563 detestatur
717 1525 851 1581 atque
885 1513 1165 1563 abominatur
1198 1513 1583 1577 ecclesia-Leges

107 1606 213 1638 vero
249 1589 385 1638 hasce
423 1590 735 1655 intelligendas
770 1608 872 1639 esse
906 1589 1128 1638 seculares
1152 1588 1334 1655 planum
1356 1599 1449 1646 est,
1476 1590 1583 1655 quia

108 1666 281 1730 passim
306 1667 486 1714 nomine
508 1667 622 1731 legis
649 1677 817 1716 statuta
840 1666 1145 1730 intelliguntur
1166 1666 1397 1731 potestatis
1421 1665 1578 1714 laicae.

108 1742 220 1789 Nam
252 1742 558 1792 ecclesiastica
581 1761 670 1792 non
692 1753 907 1792 vocantur
932 1743 1065 1807 leqes,
1088 1742 1168 1790 sed
1193 1759 1393 1798 canones,
1415 1752 1458 1791 et
1481 1743 1583 1793 ideo

108 1818 227 1866 idem
262 1819 502 1873 concilium
537 1837 702 1868 nonum
738 1836 955 1868 canonem
990 1819 1057 1866 sic
1090 1818 1259 1884 incipit.
1280 1818 1438 1868 -Licet
1461 1836 1583 1869 reve-

107 1895 366 1944 rendissimi
412 1910 606 1945 canones
639 1935 648 1954 ‚
693 1908 827 1962 atque
873 1895 1183 1944 severissimae
1225 1895 1346 1959 leges
1385 1906 1468 1944 etc.
1494 1907 1584 1945 --et

104 1989 206 2020 can.
227 1973 338 2024 XIV.
368 1973 654 2038 reprehendit
687 1990 765 2021 eos
784 2011 795 2030 ,
822 1972 901 2038 qui
926 1972 1108 2020 calcatis
1143 1971 1390 2020 canonibus
1414 1982 1458 2020 et
1478 1971 1583 2036 legi-

106 2048 192 2098 bus
228 2050 449 2115 quaedam
484 2050 654 2099 iniusta
689 2050 967 2098 committunt
999 2050 1149 2112 (29).»
1167 2048 1275 2097 Esto
1297 2048 1417 2114 quod
1442 2049 1582 2113 lequm

107 2126 287 2175 nomine
311 2144 338 2174 a
364 2127 553 2175 concilio
577 2137 741 2175 statuta
767 2126 1017 2191 principum
1048 2124 1316 2174 secularium
1348 2124 1580 2188 designen-

106 2212 204 2258 tur;
244 2201 354 2267 quid
390 2201 535 2249 inde?
570 2202 798 2267 Numquid
833 2200 1051 2249 eiusmodi
1098 2199 1218 2264 leges
1258 2199 1582 2249 constituerunt

107 2277 447 2326 fundamentum
482 2295 725 2336 canonum,
753 2277 830 2344 qui
855 2294 882 2325 a
905 2276 1093 2326 concilio
1126 2274 1249 2325 editi
1267 2275 1404 2327 sunt?
1432 2275 1574 2324 Absit.

112 2465 287 2499 credimus
306 2465 467 2498 subnexa
487 2465 627 2498 decreta
647 2465 846 2506 conficere.»
858 2467 941 2506 Ergo
957 2464 1048 2496 iuxta
1068 2464 1152 2496 hanc
1172 2463 1403 2506 praefationem
1421 2463 1581 2494 annuente

104 2517 297 2550 chariberto
319 2518 496 2550 concilium
517 2517 715 2550 celebratum
735 2518 799 2557 est,
822 2516 876 2550 sed
901 2516 1031 2558 propria
1052 2517 1247 2550 auctoritate
1271 2516 1400 2548 decreta
1428 2513 1577 2547 confecit.

103 2571 158 2604 cf.
173 2571 262 2613 apud
283 2571 492 2605 Sirmondum
516 2571 577 2604 loc.
594 2571 649 2604 cit.
666 2580 700 2613 p.
716 2575 788 2604 330.

200 2624 268 2664 (28)
287 2624 412 2656 Etenim
434 2624 608 2656 severinus
630 2624 744 2656 Binius
763 2623 796 2655 in
815 2623 891 2656 nota
909 2623 950 2655 ad
969 2632 1062 2656 conc.
1079 2624 1246 2655 turonens.
1262 2620 1396 2653 scribit:
1414 2632 1430 2647 κ
1442 2618 1581 2651 Sanctis·

105 2675 182 2708 simi
199 2677 307 2718 patres
322 2676 420 2710 huius
433 2676 564 2709 concilii
583 2676 670 2708 hunc
684 2684 841 2709 canonem
857 2675 1008 2709 statuisse
1021 2675 1173 2708 videntur
1183 2674 1224 2706 ad
1235 2671 1461 2713 corrigendum
1473 2670 1580 2712 ipsum

105 2736 212 2768 regem
234 2728 461 2761 charibertum
484 2729 625 2761 incestus
645 2729 781 2761 crimine
802 2728 1113 2761 labefactamm.»1n
1134 2727 1220 2759 uotis
1240 2725 1282 2758 ad
1303 2732 1376 2758 can.
1406 2724 1463 2756 xl.
1481 2730 1575 2758 conc.

106 2782 271 2814 turonens.
289 2783 330 2813 11.
348 2781 381 2814 in
399 2782 454 2816 cit.
470 2782 608 2815 collect.
630 2782 784 2826 ampliss.
800 2781 922 2816 concil.
939 2782 1018 2814 tom.
1036 2783 1091 2814 lx.
1110 2780 1172 2812 col.
1193 2780 1265 2812 807.

203 2834 269 2875 (29)
291 2834 374 2868 lbid.
