1980 3260
234 217 327 248 mr.
353 218 397 250 ιι.
422 214 989 252 nn³rorss.rkmc.r1'1›.cm.
1009 216 1132 251 mar-nt
1152 213 1427 251 cumsrsmr.
1447 218 1475 250 1.
1547 203 1640 248 369

254 294 378 342 ‘Cum
419 311 524 345 vero
564 296 674 344 haec
714 308 883 345 tantum
923 297 1012 344 sint
1051 296 1265 353 concilia,
1293 313 1409 361 quae
1432 295 1490 343 ad
1515 312 1642 343 suam

165 369 331 418 thesim
363 372 640 437 probandam
667 373 913 421 afferuntur
936 390 963 421 a
986 374 1044 419 M.
1067 372 1119 419 A.
1143 372 1208 420 De
1231 371 1433 421 Dominis
1455 410 1465 429 ,
1505 385 1645 437 eaque

167 445 332 494 nedum
366 447 761 505 adstruant,'eam
784 449 938 513 -potius
977 447 1203 496 evidenter
1243 447 1535 503 labefactent,
1572 464 1644 494 ne-

162 537 307 569 cesse.
329 521 452 570 haud
486 532 555 570 est
590 522 679 571 alia
708 522 917 571 adiicere.
1411 522 1414 526 ’

190 629 198 641 .-
264 597 478 661 Superest
513 599 570 645 ad
605 598 926 647 absolvendum
963 599 1083 664 quod
1119 599 1248 647 nobis
1284 599 1602 664 proposuimus
1631 636 1639 653 ,

166 683 216 731 ut
237 673 457 720 nonnul-la.
475 674 679 722 dicamus
697 675 758 723 dev
776 674 950 739 legibus
968 675 1024 722 ab
1044 675 1384 740 imperatoribus
1403 689 1446 722 et
1464 675 1644 737 regibus

163 746 425 795 christianis
459 748 588 805 latis,
617 767 733 814 quae
757 768 836 816 pro
860 750 1032 798 obiecto
1056 750 1307 798 habuerunt
1330 750 1645 814 impedimenta

164 824 496 872 matrimonium
534 825 804 873 dirimentia.
843 826 1205 890 Pseudo-politici
1230 843 1282 873 ac
1307 826 1544 888 regalistae
1578 826 1642 873 eis

158 899 416 947 innituntur
449 910 500 947 ut
531 900 764 948 adstruant
787 901 857 948 ius
883 902 1169 965 originarium
1205 901 1457 966 principum
1482 902 1527 946 in
1553 901 1641 948 illis

158 976 502 1024 constituendis.
539 976 821 1042 Quapropter
844 977 882 1024 si
906 994 987 1024 nos
1012 977 1340 1039 ostenderimus
1369 976 1469 1024 illos
1505 977 1644 1042 impe-

163 1061 332 1099 ratores
366 1069 419 1100 ac
455 1069 580 1116 reges
610 1052 653 1099 in
683 1052 901 1113 eiusmodi
937 1053 1182 1101 condendis
1217 1052 1389 1116 legibus
1417 1070 1516 1100 sese
1544 1070 1644 1116 ges—

158 1126 281 1176 sisse
302 1127 367 1175 uti
391 1145 612 1176 canonum
647 1139 904 1177 executores
923 1167 933 1186 ,
972 1128 1180 1176 custodes
1214 1139 1348 1193 atque
1382 1139 1573 1185 tutores;
1603 1140 1646 1176 et

162 1203 204 1250 si
242 1204 504 1252 auctoritate
538 1205 719 1270 propria
759 1205 999 1253 nonnullas
1036 1204 1160 1268 leges
1195 1204 1491 1253 condiderunt
1524 1205 1642 1252 circa

157 1279 399 1343 coniugia,
437 1280 765 1328 ostenderimus
799 1280 898 1328 illas
931 1280 1022 1328 vim
1056 1281 1103 1327 in
1130 1281 1211 1337 iis,
1251 1298 1368 1345 quae
1401 1281 1459 1328 ad
1493 1280 1645 1327 vincu—

159 1353 253 1403 lum
277 1366 480 1420 spectant
490 1356 541 1402 in
562 1356 656 1405 foro
670 1356 971 1405 conscientiae
987 1374 1075 1405 non
1093 1356 1308 1404 habuisse
1326 1356 1414 1404 nisi
1433 1374 1486 1404 ex
1504 1356 1644 1404 eccle.-

159 1431 256 1480 siae
291 1433 608 1497 acceptatione
635 1471 646 1491 ‚
695 1433 891 1498 profecto
931 1451 1000 1481 ex·
1029 1433 1384 1481 adversariorum
1424 1432 1640 1479 >manibus

157 1525 283 1556 arma
304 1509 416 1557 haec
450 1527 540 1557 non
575 1509 720 1558 solum
754 1510 1020 1576 eripiemus,
1060 1510 1140 1558 sed
1174 1520 1327 1558 contra
1363 1508 1473 1557 illos
1492 1520 1641 1557 averte-

158 1601 277 1633 mus.
300 1586 546 1651 Utrumque
578 1596 726 1634 autem
761 1586 938 1643 efficere
971 1586 1065 1633 iam·
1095 1584 1393 1650 aggredimur;

255 1661 429 1709 Etenim
464 1661 520 1709 ad
555 1662 747 1728 primum
784 1662 903 1727 quod
934 1662 1115 1719 attinet,
1148 1662 1277 1710 nobis
1309 1671 1550 1727 suppetunt
1573 1661 1637 1709 lo·

159 1736 494 1803 cupletissimae
533 1739 875 1803 protestationes
918 1757 970 1787 ac
1012 1738 1335 1786 declarationes
1381 1737 1636 1785 eorumdem

158 1813 474 1880 imperatorum
503 1832 562 1875 >ac
596 1832 750 1879 regum
771 1853 781 1873 ,
821 1815 904 1880 qui.
927 1832 1012 1862 eas
1048 1815 1168 1879 leges
1202 1814 1532 1863 condiderunt.-
1576 1849 1596 1855 ..
1623 1831 1627 1851 2

255 1891 374 1938 Sane
408 1891 684 1939 Iustinianus
718 1892 791 1939 cui
834 1891 1117 1957 potissimum
1159 1890 1411 1938 innituntur
1450 1888 1642 1954 pseudo—

155 1966 358 2032 politici,
397 1967 444 2014 in
479 1967 662 2016 Novella
693 1968 764 2014 vl,
795 1968 949 2033 aperit
971 1968 1016 2013 in
1043 1967 1268 2032 prooemio
1291 1976 1482 2035 mentem
1513 1982 1640 2012 suam

157 2041 204 2090 in
238 2043 496 2091 sanciendis
538 2043 910 2109 disciplinaribus
951 2043 1127 2107 legibus
1168 2043 1345 2091 dicens:
1371 2041 1638 2088 «Sancimus

156 2118 292 2184 igitur
322 2137 472 2168 sacras
489 2138 572 2183 per
593 2121 737 2168 omnia
758 2130 977 2184 sequentes
999 2120 1172 2183 requlas
1200 2121 1295 2181 (33)
1311 2137 1333 2163 »
1355 2116 1522 2182 quibus
1546 2129 1638 2164 ver:-

156 2194 229 2242 bis
247 2212 297 2244 se
315 2195 495 2243 exhibet
517 2196 581 2243 uti
601 2206 971 2261 propugnatorem
998 2195 1308 2259 vindicemque
1326 2210 1553 2242 sacrarum
1582 2193 1640 2240 le-

157 2287 263 2334 gum
282 2288 364 2319 seu
381 2288 601 2319 canonum
615 2271 1038 2320 ecclesiasticorum.
1055 2271 1111 2319 Et
1129 2272 1176 2318 in
1191 2270 1374 2319 Novella
1391 2270 1632 2317 CXXXVII..

159 2347 245 2407 «Si
262 2346 418 2395 civiles
441 2346 563 2410 leges
579 2385 589 2404 ,
613 2347 759 2412 inquit
777 2348 823 2394 in
842 2347 1136 2412 praefation-e,
1159 2364 1350 2412 quarum
1372 2350 1636 2410 'potestatem

156 2421 286 2471 nobis
309 2423 431 2470 Deus
456 2440 538 2488 pro
562 2439 646 2470 sua
669 2423 716 2469 in
735 2422 939 2471 homines
958 2423 1229 2487 benignitate
1248 2422 1458 2477 credidit,
1484 2420 1634 2466 firmas

156 2497 212 2546 ab
229 2498 438 2547 omnibus
456 2498 673 2547 custodiri
688 2498 745 2546 ad
763 2498 1065 2547 obedientium
1079 2499 1360 2547 securitatem
1380 2495 1630 2551 studemus,

154 2584 324 2639 quanto
357 2574 460 2639 plus
494 2574 631 2622 studii
667 2574 882 2622 adhibere
916 2574 1130 2622 debemus
1167 2575 1282 2622 circa
1316 2588 1535 2618 sacrorum
1571 2587 1638 2616 ca-

156 2668 316 2698 nonum
347 2661 387 2699 et
420 2651 671 2699 divinarum
707 2652 848 2717 lequm
880 2651 1145 2706 custodiam,
1186 2667 1302 2716 quac
1333 2665 1468 2712 super
1487 2645 1636 2694 'salute

159 2800 178 2814 -,
251 2772 319 2814 (³³)
337 2774 377 2806 ln
397 2774 495 2807 Iuris
524 2774 641 2809 civilis
661 2784 815 2817 corpore.
842 2775 1006 2810 Vol-umen
1038 2775 1151 2816 lequm
1170 2779 1335 2814 parvum.
1364 2769 1514 2811 Lugduni
1544 2773 1633 2802 1612.

154 2824 292 2857 Novella
317 2827 371 2859 vl.
387 2835 458 2869 cap.
477 2829 502 2860 1.
520 2836 592 2870 pag.
608 2833 660 2862 60.
1556 2842 1560 2846 .
1598 2841 1603 2844 ,

266 2897 298 2932 ll
1504 2897 1547 2928 24
