1980 3260
199 277 289 320 mr.
305 278 365 307 ιιι.
382 277 431 307 ui:
451 277 564 307 nect.
584 275 745 307 rornsr.
760 275 864 306 msr.
880 274 921 305 ιΝ
935 274 1022 305 mr.
1038 273 1161 304 nun.
1179 272 1368 304 umam.
1387 272 1448 302 ιιι.
1490 257 1575 301 121

120 353 284 400 tionem
318 353 566 400 decernere.
607 351 813 415 Alioquin
850 359 1032 414 possent
1059 348 1229 395 iudices
1259 347 1488 395 inferiores
1522 347 1584 394 le-

119 427 341 490 gislatoris
373 428 567 492 supremi
593 445 672 475 seu
707 426 921 491 principis
953 424 1092 487 legem
1121 423 1313 478 violare;
1342 424 1459 488 quod
1485 441 1586 487 pro-

122 503 234 551 fecto
253 522 381 552 nemo
405 504 536 552 dicet.
561 503 707 559 Quare
730 502 1043 550 inconcussum
1057 517 1186 564 penes
1203 518 1342 546 omnes
1360 509 1588 564 permanet

119 581 238 643 quod
270 598 308 627 s.
338 581 529 627 Thomas
555 579 730 626 statuit:
775 598 797 622 «
815 577 900 633 Qui
935 575 1067 623 habet
1096 593 1238 639 reqere
1270 575 1588 622 multitudinem

122 654 255 703 habet
284 664 542 719 potestatem
573 652 864 718 dispensandi
898 652 944 698 in
969 651 1065 714 lege
1093 651 1287 697 humana
1305 688 1314 706 ‚
1342 667 1457 715 quae
1480 666 1588 696 suae

122 730 368 778 auctoritati
403 729 624 775 innititur,
647 748 670 773 »
707 728 791 775 Sed
820 738 1013 791 praestat
1036 727 1252 789 integrum
1277 727 1477 773 eiusdem
1501 726 1589 772 An-

121 805 250 868 gelici
274 805 466 852 doctoris
492 814 656 850 textum
685 802 964 850 describere:
1008 802 1268 864 «Contingit
1290 802 1557 866 quandoque
1574 839 1583 857 ,

121 881 183 927 ait
217 881 340 944 ipse,
379 880 498 943 quod
528 878 708 943 aliquod
745 888 1025 942 praeceptum
1043 914 1053 933 ,
1082 877 1200 940 quod
1226 888 1293 923 est
1322 877 1377 923 ad
1402 894 1589 924 commo-

120 955 224 1001 dum
261 954 557 1001 multitudinis
582 965 630 1000 ut
653 954 696 999 in
724 952 923 1016 pluribus
943 989 952 1007 ‚
991 969 1078 999 non
1102 954 1168 998 est
1192 951 1460 998 conveniens
1485 952 1588 998 huic

123 1048 336 1093 personae
355 1068 364 1086 ‚
391 1030 459 1077 vel
495 1030 540 1075 in
575 1029 658 1076 hoc
682 1046 818 1076 casu:
847 1027 953 1092 quia
981 1027 1048 1074 vel
1086 1045 1164 1091 per
1188 1027 1271 1074 hoc
1304 1026 1591 1092 impediretur

119 1105 289 1170 aliquid
319 1106 476 1152 melius
497 1143 506 1160 ,
538 1104 607 1152 vel
631 1104 762 1151 etiam
787 1103 1067 1150 induceretur
1095 1103 1275 1166 aliquod
1309 1102 1490 1149 malum.
1513 1141 1520 1148 .
1546 1141 1553 1148 .
1575 1142 1583 1148 .

122 1181 423 1229 Periculosum
459 1192 603 1227 autem
633 1190 774 1235 esset,
809 1190 855 1226 ut
886 1179 969 1227 hoc
1001 1179 1164 1226 iudicio
1200 1178 1437 1226 cuiuslibet
1472 1196 1591 1226 com-

124 1256 390 1303 mitteretur:
432 1257 519 1303 nisi
552 1256 661 1303 forte
696 1266 873 1320 propter
905 1255 1086 1302 evidens
1120 1266 1163 1301 et
1193 1255 1386 1302 subitum
1421 1255 1585 1319 pericu-

122 1330 238 1387 lum;
267 1342 310 1378 et
338 1331 438 1378 ideo
472 1330 573 1387 ille,
613 1330 689 1394 qui
725 1329 857 1377 habet
887 1347 1037 1392 regere
1070 1330 1396 1377 multitudinem
1416 1368 1425 1385 ,
1457 1330 1591 1377 habet

123 1416 381 1469 potestatem
406 1405 696 1469 dispensandi
717 1405 763 1457 in
787 1405 882 1468 lege
901 1405 1095 1452 huma-na
1110 1443 1119 1461 ‚
1142 1423 1255 1469 quae
1274 1423 1380 1452 suae
1405 1406 1591 1452 auctori-

124 1481 201 1527 tati
238 1481 463 1538 innititur,
492 1492 541 1528 ut
563 1482 732 1529 scilicet
750 1482 794 1527 in
816 1481 1016 1545 personis
1039 1481 1108 1528 vel
1134 1482 1178 1527 in
1196 1481 1376 1528 casibus
1392 1519 1402 1537 ,
1424 1482 1469 1527 in
1495 1482 1591 1546 qui-

122 1556 207 1603 bus
226 1557 296 1604 lex
323 1557 496 1613 deficit,
528 1558 749 1605 licentiam
781 1557 966 1613 tribuat,
989 1567 1037 1604 ut
1062 1568 1344 1621 praeceptum
1362 1557 1474 1619 legis
1502 1575 1588 1605 non

123 1641 321 1679 servetur
363 1634 512 1694 (73).»
545 1633 715 1680 Exinde
745 1632 969 1680 concludit
1001 1650 1039 1679 s.
1062 1633 1227 1680 doctor.
1271 1653 1292 1677 «
1310 1634 1357 1678 In
1383 1633 1478 1696 lege
1508 1633 1592 1680 hu-

121 1725 251 1754 mana
276 1707 453 1771 publica
476 1726 564 1756 non
589 1720 731 1773 potest
761 1709 1022 1774 dispensare
1046 1709 1132 1756 nisi
1158 1709 1232 1756 ille
1255 1728 1282 1756 a
1305 1727 1394 1774 quo
1418 1709 1486 1756 lex
1511 1727 1591 1756 au—

121 1782 365 1830 ctoritatem
401 1783 560 1840 habet,
587 1784 655 1830 vel
691 1784 759 1840 is,
798 1785 869 1832 cui
905 1785 1003 1848 ipse
1026 1784 1296 1832 commiserit
1334 1786 1490 1846 (74).»
1537 1830 1542 1835 ,

218 1860 424 1924 Insuper,
453 1861 710 1908 adversario
734 1861 833 1925 ipso
857 1862 1041 1918 fatente,
1075 1862 1288 1909 iudicium
1314 1861 1589 1925 singulorum

121 1935 428 2000 episcoporum
473 1937 663 1984 admittit
706 1937 1074 2000 appellationem;
1114 1938 1333 2002 siquidem
1378 1955 1507 1986 nemo
1546 1938 1591 1983 in

125 2028 168 2056 re
203 2011 309 2057 tanti
345 2012 582 2068 momenti,
620 2030 673 2059 ex
708 2030 797 2076 qua
827 2031 984 2078 nempe
1020 2013 1181 2077 pendet
1215 2013 1476 2061 sacramenti
1511 2030 1590 2060 va-

121 2085 211 2142 lor,
239 2097 384 2150 potest
418 2099 510 2134 tuto
542 2088 825 2151 acquiescere
856 2089 1100 2136 sententiae
1140 2089 1303 2136 iudicis
1328 2088 1549 2136 inferioris
1574 2126 1584 2144 ,

122 2161 198 2224 qui
231 2162 269 2208 si
306 2162 415 2208 forte
448 2174 591 2220 erret,
628 2181 714 2210 non
753 2174 903 2227 posset
935 2163 1191 2212 auctoritate
1231 2181 1312 2211 sua
1354 2164 1460 2211 vitio
1502 2181 1592 2228 quo

123 2237 230 2284 sorte
264 2237 488 2284 laboraret
525 2237 803 2302 dispensatio
837 2239 1028 2295 mederi,
1058 2239 1258 2304 adeoque
1292 2239 1476 2287 involvit
1516 2257 1593 2286 ne-

121 2313 313 2359 cessario
347 2330 480 2375 grave
509 2313 664 2360 saltem
696 2314 912 2362 nullitatis
942 2315 1126 2363 dubium
1156 2333 1264 2362 usus
1293 2316 1422 2364 istius
1454 2316 1592 2362 facul-

124 2387 224 2434 tatis
258 2405 310 2434 ex
342 2399 464 2451 parte
498 2388 829 2453 episcoporum,
863 2390 940 2454 qui
968 2407 1175 2454 suprema
1214 2391 1473 2438 auctoritate
1503 2409 1591 2438 non

124 2463 326 2509 fruuntur
359 2465 474 2525 (75).

219 2539 302 2585 Sed
340 2540 459 2603 quod
493 2552 628 2604 caput
660 2551 749 2596 est,
788 2552 940 2605 aperta
965 2542 1104 2589 fronte
1129 2542 1262 2590 huius
1296 2543 1488 2591 auctoris
1515 2561 1591 2607 sy-

121 2625 263 2661 stema
286 2615 473 2663 concilio
498 2616 734 2663 tridentino
761 2616 1021 2664 adversatur
1037 2656 1047 2673 ,
1076 2618 1160 2665 etsi
1191 2619 1287 2666 eius
1324 2620 1495 2667 invocet
1517 2636 1592 2665 au-

213 2762 277 2801 (73)
305 2767 329 2794 Ι.
349 2768 376 2794 2.
399 2772 432 2803 q.
450 2765 500 2795 97.
519 2772 565 2795 ar.
585 2766 614 2795 4.
637 2763 668 2795 in
687 2773 775 2805 corp.

212 2816 278 2852 (72.)
302 2814 380 2846 ibid.
399 2815 431 2846 in
452 2824 534 2856 resp.
554 2816 592 2847 ad
611 2821 640 2848 3.

211 2868 277 2907 (7.3)
299 2867 347 2900 cs.
365 2868 486 2901 cei-dil.
508 2871 666 2902 Trattato
684 2869 741 2902 del
763 2872 914 2902 matrim.
937 2873 1018 2912 part.
1036 2873 1076 2904 n.
1095 2871 1124 2913 ς.
1144 2874 1172 2904 7.
