1980 3260
262 220 350 252 mr.
368 221 429 252 111.
446 221 496 252 m:
514 220 628 252 sect.
648 219 1087 253 rornsr.n1sr.mfflr.
1104 220 1227 251 nnn.
1246 219 1329 251 nm.
1344 219 1435 251 Am.
1453 218 1483 251 1.
1556 205 1614 249 89

167 313 263 343 nem
305 298 551 355 conversis,
589 308 638 345 ut
675 307 980 363 permanerent
1007 296 1053 342 in
1087 296 1333 358 coniugiis,
1370 312 1485 361 quae
1516 305 1617 342 ante

166 383 414 437 susceptam
449 374 580 421 fidem
619 383 924 421 contraxerant
955 372 1001 418 in
1035 371 1160 419 tertio
1194 371 1615 435 consanguineitatis

165 449 319 510 gradu.
358 450 428 496 Sic
468 450 584 496 enim
619 450 674 496 ad
714 467 752 496 s.
793 449 1083 512 Augustinum
1128 447 1354 511 rescripsit
1386 447 1611 512 pontifex:

169 524 338 572 «Unde
371 542 554 575 necesse
587 535 678 581 est,
727 535 776 571 ut
814 525 902 572 iam
935 524 1061 571 tertia
1092 522 1161 570 vel
1200 532 1355 587 quarta
1393 523 1617 585 generatio

170 600 398 663 (gradus)
438 600 635 647 fidelium
668 599 848 647 licenter
890 600 1003 647 inter
1043 615 1091 646 se
1129 598 1251 661 iungi
1291 598 1460 645 debeat.
1504 599 1614 660 Nam

165 674 360 721 secunda
380 710 390 730 ‚
439 691 572 738 quam
611 674 803 721 diximus
825 711 835 730 ,
879 691 906 719 a
937 692 986 721 se
1024 673 1273 721 omnimodo
1314 673 1443 721 dehet
1479 673 1616 721 absti-

164 766 267 796 nere
293 750 408 811 (12).
426 767 448 792 »
487 749 684 813 Cumque
705 749 924 809 eiusmodi
948 749 1264 812 indulgentiam
1291 766 1418 813 aegre
1442 749 1616 797 tulisset

163 822 281 870 Felix
297 824 596 871 messanensis
610 824 869 888 episcopus,
890 823 1324 888 vehementioresque
1339 842 1392 872 ea
1409 825 1466 871 de
1481 842 1616 873 causa

162 897 219 948 ad
240 898 441 946 eumdem
470 917 508 946 s.
538 899 791 962 Gregorium
814 898 979 945 litteras
1012 898 1230 955 dedisset,
1259 900 1484 964 respondit
1507 917 1617 964 pon-

163 972 266 1021 tifex
298 990 348 1021 se
380 991 467 1021 non
501 974 706 1022 omnibus
740 974 1007 1030 universim,
1046 974 1125 1021 sed
1167 974 1274 1021 solis
1313 973 1458 1037 anglis
1481 1012 1491 1031 ,
1535 992 1617 1022 nec

162 1048 249 1096 nisi
283 1049 338 1096 ad
373 1059 545 1114 tempus
577 1050 749 1098 veniam
772 1049 887 1097 hanc
916 1050 1045 1097 iustis
1070 1050 1126 1097 de
1147 1051 1296 1098 causis
1320 1050 1609 1098 concessisse.

163 1125 281 1173 Haec
313 1127 431 1174 enim
465 1127 565 1191 ipsa
595 1127 728 1175 verba
760 1137 862 1174 sunt
894 1126 1035 1173 sancti
1069 1127 1318 1190 pontificis:
1350 1126 1514 1182 «Quod
1539 1143 1616 1173 au-

163 1211 250 1248 tem
274 1203 434 1267 scripsi
457 1202 725 1266 Augustino,
754 1202 991 1266 Anglorum
1018 1203 1161 1265 gentis
1185 1203 1394 1267 episcopo
1418 1240 1426 1248 .
1455 1240 1462 1248 .
1493 1240 1502 1248 .
1529 1239 1538 1248 .
1559 1201 1615 1248 de

161 1279 552 1340 consanguinitatis
591 1278 928 1326 coniunctione:
973 1278 1062 1342 ipsi
1105 1289 1147 1325 et
1184 1278 1423 1342 Anglorum
1458 1277 1613 1341 genti,

160 1371 273 1418 quae
296 1373 436 1419 nuper
461 1356 518 1403 ad
542 1356 672 1402 fidem
693 1366 897 1411 venerat,
936 1373 991 1402 ne
1024 1372 1050 1402 a
1082 1355 1197 1403 bono
1230 1356 1348 1420 quod
1382 1364 1607 1420 coeperat,

160 1431 392 1479 metuendo
426 1434 667 1481 austeriora
700 1434 918 1481 recederet
941 1471 949 1490 ,
977 1434 1240 1497 specialiter,
1269 1444 1313 1481 et
1333 1451 1417 1480 non
1444 1449 1616 1496 qenera-

162 1506 260 1553 liter
292 1509 438 1555 ceteris
471 1527 541 1556 me
568 1510 800 1574 scripsisse
828 1526 1068 1572 cognoscas
1086 1547 1095 1556 .
1124 1547 1131 1555 .
1162 1547 1170 1555 .
1198 1547 1207 1555 .
1235 1510 1325 1556 lsta
1348 1509 1437 1557 illis
1459 1510 1580 1557 modo
1596 1547 1608 1565 ,

159 1600 242 1629 non
267 1587 451 1648 posteris
489 1587 742 1650 temporibus
777 1586 964 1633 tenenda
997 1585 1288 1642 indulsimus,
1326 1603 1383 1632 ne
1414 1585 1577 1633 bonum
1599 1624 1611 1645 ,

159 1659 278 1722 quod
312 1659 486 1708 infirma
508 1661 653 1709 adhuc
675 1661 821 1709 radice
848 1660 1088 1726 plantatum
1115 1670 1208 1708 erat
1222 1698 1232 1716 ,
1260 1670 1505 1719 erueretur,
1534 1662 1614 1709 sed

159 1745 360 1799 coeptum
400 1737 645 1785 firmaretur
666 1775 676 1794 ,
723 1748 766 1785 et
797 1755 940 1802 usque
974 1737 1030 1784 ad
1066 1736 1375 1801 perfectiOnem
1418 1737 1615 1785 custodi-

160 1820 278 1858 retur
306 1812 421 1873 (13).
449 1832 471 1856 »

253 1885 318 1932 Ex
351 1887 515 1951 quibus
550 1888 595 1934 hi
629 1888 716 1952 ipsi
750 1888 942 1935 inferunt
965 1887 1038 1935 hic
1066 1887 1137 1950 agi
1167 1887 1222 1933 de
1249 1904 1353 1934 vera
1386 1887 1615 1952 dispens&

160 1959 275 2007 tione
307 1962 530 2024 personali
560 1980 612 2010 ac
643 1972 925 2027 temporanea
957 1980 1043 2010 non
1079 1972 1224 2009 autem
1259 1962 1315 2009 de
1343 1961 1474 2026 plena
1506 1962 1615 2026 legis

158 2035 462 2098 abrogatione,
491 2038 689 2102 adeoque
715 2038 867 2085 haberi
891 2038 1160 2085 luculentum
1186 2037 1528 2102 dispensationis
1552 2038 1617 2085 sa-

158 2121 253 2158 ctae
275 2130 302 2159 a
325 2130 434 2160 rom.
463 2114 670 2178 pontifice
702 2114 948 2179 exemplum
982 2114 1100 2161 circa
1129 2113 1442 2178 impedimenta
1470 2114 1616 2161 matri-

157 2188 351 2234 monium
377 2188 630 2237 dirimentia
659 2200 864 2254 spectans
893 2189 948 2236 ad
982 2189 1318 2236 remotissimam
1350 2188 1471 2236 illam
1503 2190 1614 2236 sexti

159 2263 296 2310 seculi
328 2263 540 2311 ecclesiae
573 2275 773 2312 aetatem.
803 2266 890 2312 Nos
926 2281 1013 2312 non
1048 2264 1291 2312 abnuimus.
1312 2264 1358 2310 in
1388 2263 1474 2312 hoc
1502 2264 1616 2312 facto

157 2338 389 2400 vestigium
422 2339 602 2403 reperiri
632 2339 1035 2404 dispensationum,
1066 2341 1256 2387 attamen
1286 2356 1366 2387 nec
1395 2339 1504 2387 illud
1528 2340 1617 2387 dis-

158 2412 366 2460 simulare
387 2414 599 2461 debemus
619 2415 664 2460 in
682 2432 733 2462 eo
759 2415 830 2478 agi
855 2432 941 2463 non
965 2415 1020 2462 de
1042 2414 1377 2479 dispensatione
1399 2415 1454 2461 ad
1472 2414 1618 2461 matri·

157 2488 352 2535 monium
377 2490 725 2537 contrahendum
743 2528 753 2546 ,
781 2490 861 2538 sed
891 2490 948 2538 de
979 2490 1066 2538 iam
1091 2500 1335 2547 contracto,
1370 2501 1413 2537 et
1435 2490 1615 2554 quidem

244 2605 310 2646 (12)
332 2605 432 2647 Epist.
453 2608 564 2639 Lxlv.
581 2607 638 2639 lib.
655 2609 709 2640 XI.
731 2606 782 2640 ed.
800 2609 902 2640 Maur.
921 2610 1000 2641 tom.
1017 2609 1058 2640 11.
1076 2607 1139 2640 col.
1163 2610 1252 2640 1154.

245 2657 311 2699 (13)
330 2658 403 2690 Lib.
426 2661 511 2691 xlv.
528 2669 578 2701 ep.
597 2662 697 2692 xvn.
720 2660 877 2701 Equidem
898 2661 985 2694 haud
1005 2662 1117 2702 ignoro
1135 2669 1155 2692 a
1167 2660 1330 2693 nonnullis
1345 2659 1470 2700 negari,
1482 2659 1541 2690 aut
1556 2658 1617 2692 sal·

154 2710 218 2741 tem
234 2710 267 2741 in
283 2710 418 2743 dubium
439 2713 583 2744 revocari
597 2713 655 2745 has
675 2713 799 2746 litteras
815 2722 842 2746 s.
858 2714 1002 2755 Gregorii
1022 2722 1102 2746 esse.
1119 2715 1241 2746 Verum
1256 2712 1394 2745 Maurini
1409 2709 1618 2743 ostenderunt

154 2761 293 2795 editores
313 2764 438 2804 egregie
461 2773 500 2796 ex
527 2765 676 2798 omnibus
701 2775 798 2799 sanae
811 2767 937 2800 critices
958 2766 1120 2807 fontibus,
1139 2775 1192 2799 eas
1213 2765 1368 2806 genuinas
1382 2763 1514 2796 omnino
1529 2771 1616 2804 esse,

155 2813 188 2845 in
210 2815 296 2847 notis
317 2816 445 2856 utrique
466 2817 619 2858 epistolae
641 2818 791 2858 praeviis.
