1980 3260
322 241 410 287 426
574 251 656 285 Lm.
685 251 733 284 ιι.
762 251 875 284 sacr.
904 252 1076 284 Atriam.
1106 250 1158 283 nr.
1192 251 1356 284 rorssr.
1385 251 1527 285 civim.

415 329 544 386 Quod
589 329 628 376 si
664 327 895 376 Paschalis
931 329 986 375 ΙΙ.
1016 329 1395 394 dispensationem
1434 329 1684 394 expetitam
1703 348 1789 381 non

320 405 567 461 concessit,
595 420 684 451 non
719 420 773 450 ex
807 403 982 451 defectu
1016 404 1063 450 id
1096 405 1279 468 contigit
1311 405 1610 463 auctoritatis,
1638 405 1718 454 sed
1740 420 1794 455 ex

319 499 371 530 eo
403 480 522 546 quod
558 479 822 528 iudicaverit
844 479 934 528 illis
959 480 1006 526 in
1030 481 1254 529 adiunctis
1279 499 1366 529 non
1389 499 1491 530 esse
1514 482 1791 540 faciendam;

321 568 364 606 et
396 558 442 604 in
476 557 560 605 hoc
594 559 790 606 ostendit
821 558 1125 606 auctoritatem
1161 575 1307 605 suam.

416 634 560 699 Atque
593 634 704 683 haec
737 634 990 683 necessario
1033 644 1158 681 erant
1199 634 1459 698 diligentius
1503 632 1797 700 expendenda

320 720 370 757 ut
402 710 511 758 satis
547 712 792 758 faceremus
817 711 962 775 Nuytz
978 748 988 766 ‚
1027 709 1106 774 qui
1131 725 1184 756 eo
1208 709 1318 757 adeo
1353 709 1521 759 abusus
1545 720 1614 758 est
1636 709 1694 758 ad
1716 709 1797 757 tri-

318 785 546 833 buendum
580 787 965 852 dispensationum
994 786 1066 833 ius
1101 784 1221 833 civili
1256 786 1480 850 potestati.

417 862 646 910 Caeterum
675 881 728 910 ex
757 863 842 910 hoc
877 873 1072 927 tempore
1096 861 1157 909 ita
1179 861 1368 909 invaluit
1395 861 1506 909 haec
1531 861 1790 927 disciplina,

320 948 370 986 ut
398 955 487 985 non
522 938 636 986 aliae
669 939 760 986 sere
793 938 1082 985 relaxationes
1100 975 1110 994 ,
1149 954 1283 1003 quam
1309 938 1517 1001 coniugio
1541 938 1748 1003 praeviae
1771 952 1799 984 a

321 1031 432 1062 rom.
461 1014 746 1079 pontificibus
780 1014 1016 1070 darentur,
1054 1023 1104 1061 ut
1134 1024 1308 1061 constat
1339 1030 1394 1060 ex
1426 1030 1480 1061 ea
1513 1030 1649 1079 quam
1682 1013 1800 1062 inse·

322 1090 474 1155 quenti
498 1090 648 1138 seculo
671 1090 953 1138 Innocentius
982 1089 1062 1136 111.
1083 1088 1249 1137 Othoni
1276 1089 1344 1135 lv.
1367 1088 1625 1153 imperatori
1649 1087 1795 1146 dedit,

322 1165 515 1231 aliisque
546 1183 661 1231 quas
702 1176 833 1213 antea
865 1165 1186 1213 recensuimus.

420 1242 528 1291 Heic
555 1243 740 1308 proinde
763 1242 878 1299 redit
900 1251 1207 1305 argumentum
1222 1279 1232 1298 ‚
1254 1240 1374 1306 quod
1391 1242 1453 1288 ita
1470 1241 1771 1289 instauramus
1785 1259 1812 1288 :-

325 1319 364 1366 si
396 1319 453 1366 ad
483 1320 648 1382 regiam
684 1315 1016 1383 imperialemve
1048 1327 1310 1383 potestatem
1334 1318 1406 1365 ius
1429 1317 1657 1365 relaxandi
1678 1317 1802 1382 leges

325 1394 657 1442 matrimonium
675 1395 933 1441 dirimentes
952 1404 1186 1459 spectaret,
1203 1394 1315 1442 citra
1332 1412 1461 1442 omne
1478 1393 1663 1441 dubium
1681 1387 1803 1459 prin-

327 1469 450 1536 cipes
486 1488 728 1535 numquam
762 1470 887 1534 passi
922 1469 1113 1518 fuissent
1146 1470 1377 1535 pontifices
1411 1487 1616 1518 romanos
1653 1468 1804 1518 exclu-

329 1546 427 1594 siva
462 1545 630 1594 ratione
667 1545 780 1593 illud
814 1545 901 1593 sibi
933 1545 1183 1604 vindicare,
1220 1556 1354 1611 atque
1385 1562 1439 1594 eo
1471 1546 1545 1594 usi
1576 1545 1768 1594 fuissent
1787 1583 1798 1604 ,

332 1622 601 1688 quandoque
628 1623 675 1669 in
698 1622 978 1670 subditorum
1018 1622 1211 1671 favorem
1227 1661 1237 1680 ,
1270 1622 1410 1671 multo
1441 1639 1546 1671 vero
1579 1622 1723 1686 magis
1756 1621 1804 1669 in

330 1698 559 1763 proprium
600 1697 912 1756 commodum,
950 1708 1149 1764 spectata
1182 1698 1421 1763 praecipue
1455 1715 1631 1746 summa
1667 1698 1806 1746 inter-

330 1775 436 1822 dum
469 1775 730 1823 difficultate
760 1774 919 1823 veniae
948 1792 974 1822 a
1004 1772 1291 1840 pontificibus
1330 1775 1623 1832 obtinendae,
1661 1790 1806 1840 eaque

331 1868 419 1898 non
451 1869 551 1899 rara
583 1862 735 1917 aperte
768 1862 944 1915 negata.
972 1850 1107 1916 Atqui
1143 1862 1289 1899 tamen
1323 1869 1568 1917 numquam
1602 1868 1685 1898 nec
1722 1866 1805 1915 pro

331 1944 381 1974 se
419 1946 563 1994 neque
596 1946 676 1994 pro
718 1928 910 1977 subditis
943 1927 1038 1976 suis
1074 1928 1294 1976 eiusmodi
1323 1928 1419 1975 iure
1445 1929 1516 1976 usi
1545 1938 1650 1976 sunt
1681 1926 1806 1993 prin·

332 2003 453 2068 cipes
487 2042 497 2060 ,
550 2004 630 2052 sed
676 2005 851 2070 quoties
894 2002 1016 2069 opus
1054 2000 1140 2052 fuit
1166 2042 1176 2061 ‚
1222 2004 1280 2051 ad
1323 2003 1612 2069 apostolicam
1652 2003 1805 2051 sedem

334 2078 560 2144 supplices
594 2081 770 2129 libellos
804 2081 1036 2128 dederunt.
1065 2080 1260 2127 Evidens
1297 2080 1433 2143 igitur
1466 2089 1535 2128 est
1567 2096 1644 2127 eos
1668 2096 1806 2144 agno-

333 2155 453 2202 visse
486 2171 535 2202 se
569 2173 649 2203 nec
682 2157 752 2205 ius
787 2154 909 2205 istud
943 2155 1184 2222 aliquando
1218 2156 1452 2213 habuisse,
1491 2173 1572 2204 nec
1594 2155 1706 2203 illud
1736 2171 1805 2204 re-

333 2231 431 2295 giae
463 2233 713 2280 auctoritati
748 2234 996 2282 inhaerere.
1024 2233 1305 2281 Contrarium
1329 2251 1571 2299 numquam
1602 2232 1806 2281 evincent

333 2308 428 2356 sive
460 2307 704 2365 Launoius,
744 2310 838 2357 sive
861 2309 958 2358 eius
982 2309 1184 2374 gregales
1209 2319 1341 2375 atque
1367 2309 1663 2374 exscriptores
1691 2308 1806 2358 falso

333 2383 596 2432 eruditionis
631 2396 861 2449 apparatu.

412 2460 562 2507 Restat
578 2460 727 2523 igitur,
743 2471 792 2508 ut
804 2461 841 2508 si
857 2479 972 2526 quae
990 2462 1119 2510 datae
1137 2472 1241 2510 sunt
1258 2461 1316 2509 ab
1332 2460 1672 2527 imperatoribus
1686 2460 1804 2525 prin-

335 2535 599 2601 cipibusque
627 2536 883 2584 christianis
915 2537 1205 2586 relaxationes
1239 2538 1295 2585 ad
1326 2536 1522 2602 legitime
1556 2534 1801 2583 iucundum

335 2610 589 2675 coniugium
604 2650 614 2668 ,
643 2611 763 2658 aliud
787 2628 865 2658 eae
889 2629 977 2659 non
995 2612 1236 2660 habuerint
1253 2623 1330 2660 aut
1346 2611 1539 2660 habeant
1555 2610 1800 2667 obiectum,

336 2705 469 2753 quam
506 2688 821 2753 impedimenta
853 2687 1028 2746 civilia,
1067 2699 1214 2754 atque,
1234 2688 1388 2737 civiles
1423 2704 1591 2752 poenas
1614 2703 1730 2752 quae
1757 2686 1804 2733 in

336 2774 686 2829 transgressores
703 2764 850 2829 legum
866 2764 1130 2813 constitutae
1147 2775 1271 2821 sunt;
1288 2781 1440 2813 verum
1459 2763 1545 2810 hae
1563 2779 1804 2829 numquam

335 2840 558 2888 vinculum
593 2841 814 2904 attingunt
845 2840 962 2888 circa
987 2840 1107 2906 quod
1130 2840 1283 2889 civiles
1307 2840 1427 2903 leges
1452 2839 1564 2887 nihil
1595 2848 1799 2905 possunt.
