1980 3260
223 290 318 324 mr.
336 291 398 324 ιιι.
414 290 465 323 nn
482 291 565 324 clv.
586 291 748 324 rorssr.
767 291 901 324 rnmc.
920 292 1004 324 mr.
1022 292 1116 323 nni..
1130 292 1181 323 An
1199 291 1323 324 inira.
1340 291 1431 323 Aur.
1451 292 1479 323 ι.
1541 276 1629 322 453

259 369 353 418 Hoc
371 369 550 418 demum
566 371 715 435 ipsum
735 370 953 419 efficimus
979 380 1175 434 spectata
1198 370 1464 418 matrimonii
1492 370 1635 434 ipsius

163 445 321 493 intima
355 456 527 494 natura.
566 446 794 512 Siquidem
839 446 1167 493 matrimonium
1202 463 1320 494 mere
1357 445 1554 493 naturale
1587 446 1636 492 in

164 521 438 586 primordiali
474 521 741 587 perfectione
765 540 846 570 sua
869 521 989 569 aliud
1023 538 1109 573 non
1141 532 1208 569 est
1236 540 1368 587 quam
1404 522 1637 569 conventio

162 597 208 643 in
231 614 322 662 qua
344 597 434 645 duo
457 598 688 646 individua
711 598 875 645 diversi
901 615 1032 646 sexus
1051 615 1099 645 se
1122 608 1274 645 mutuo
1299 596 1496 661 obligant
1513 597 1570 644 ad
1591 597 1636 643 id

161 672 284 737 quod
312 683 469 721 natura
496 675 696 738 exposcit
713 674 770 722 ad
788 674 1026 722 liberorum
1056 673 1426 740 procreationem,
1458 683 1638 721 rectam-

163 765 253 814 que
285 748 488 813 ipsorum
521 750 862 798 institutionem.
893 751 984 798 Iam
1019 768 1123 798 vero
1155 750 1373 797 eiusmodi
1408 750 1638 797 conventio

163 834 294 890 prout
335 824 590 873 relationem
627 826 735 874 dicit
768 826 825 874 ad
859 837 1020 874 statum
1067 825 1306 882 socialem,
1344 835 1393 872 ut
1427 826 1485 873 sit
1518 826 1639 873 licita

161 912 297 966 atque
317 899 517 964 legitima
541 919 567 948 a
591 902 711 949 civili
740 903 873 950 etiam
899 903 1155 950 auctoritate
1190 902 1322 966 dirigi
1357 902 1638 967 aliquatenus

163 986 311 1042 potest
344 993 395 1024 ac
431 976 661 1034 ordinari3
706 977 902 1042 alioquin
937 977 1055 1024 mala
1088 995 1176 1025 non
1213 995 1358 1042 pauca
1401 994 1482 1025 nec
1524 976 1640 1025 levia

162 1053 325 1102 exoriri
366 1063 577 1119 possent,
615 1071 731 1119 quae
765 1053 1128 1118 tranquillitatem
1172 1053 1440 1100 familiarum
1474 1070 1525 1100 ac
1558 1071 1641 1118 pu-

162 1128 325 1177 blicam
361 1129 695 1197 perturbarent,
735 1129 1030 1194 publicaeque
1064 1129 1286 1176 honestati
1322 1129 1506 1196 multam
1542 1147 1640 1195 per-

167 1206 331 1254 niciem
367 1206 595 1264 afferrent3
635 1216 768 1271 atque
802 1205 887 1253 hoc
923 1205 1006 1252 sub
1041 1215 1244 1270 respectu
1279 1222 1367 1253 non
1403 1205 1640 1253 abnuimus

170 1300 304 1348 posse
340 1282 563 1348 principes
597 1282 716 1346 leges
752 1281 1039 1347 prohibentes
1077 1282 1293 1338 condere,
1333 1300 1447 1347 quae
1493 1292 1638 1329 tamen

169 1357 397 1406 vinculum
432 1375 521 1405 non
557 1358 789 1422 attingant.

264 1433 375 1481 Nam
407 1433 634 1481 vinculum
679 1434 828 1498 ipsum
875 1445 1031 1499 suapte
1077 1444 1234 1481 natura
1267 1434 1328 1481 ita
1362 1450 1536 1480 sacrum
1573 1444 1640 1480 est

165 1519 457 1575 sanctumque
487 1520 536 1557 ut
568 1509 741 1558 civilem
777 1527 951 1558 omnem
987 1511 1289 1558 auctoritatem
1324 1510 1530 1566 excedat,
1560 1510 1641 1557 ha-

163 1585 259 1635 bita
292 1586 462 1635 ratione
495 1596 619 1634 actus
645 1604 734 1652 quo
758 1587 827 1643 fit,
856 1586 1176 1650 obligationum
1202 1604 1314 1652 quas
1340 1586 1508 1653 gignit,
1534 1575 1640 1653 finis

166 1663 213 1710 in
248 1679 381 1728 quem
415 1661 571 1710 tendit.
603 1662 725 1710 Haec
759 1662 1016 1726 singillatim
1053 1662 1334 1711 enucleemus
1369 1672 1565 1727 oportet,
1593 1673 1643 1709 ut

165 1739 329 1788 veritas
366 1737 575 1786 thematis
610 1738 748 1786 nostri
783 1739 925 1802 magis
963 1738 1159 1803 patefiat.
1635 1803 1638 1806 ἢ

260 1814 396 1863 Actus
432 1831 521 1880 quo
556 1814 655 1880 ipsa
687 1814 918 1862 conventio
943 1815 991 1861 fit
1014 1825 1056 1862 et
1079 1833 1131 1862 ex
1156 1832 1244 1880 quo
1266 1814 1492 1880 vinculum
1518 1832 1641 1862 exur-

166 1891 258 1956 git,
305 1890 597 1939 individualis
631 1901 698 1938 est
732 1907 784 1938 ac
817 1890 962 1947 liber,
1002 1908 1082 1939 seu
1125 1891 1288 1957 pendet
1326 1909 1353 1938 a
1391 1890 1534 1938 libera
1572 1907 1643 1938 vo-

166 1967 360 2025 luntate,
404 1967 482 2032 qui
523 1967 610 2014 nisi
645 1966 704 2014 sit
738 1976 890 2014 contra
921 1977 1105 2014 naturae
1139 1967 1281 2031 legem
1303 2004 1313 2023 ,
1362 1967 1642 2031 involvatque

165 2043 483 2110 turpitudinem
519 2042 715 2108 aliquam
754 2043 843 2090 vim
889 2060 1015 2090 suam
1056 2043 1191 2090 habet
1224 2043 1572 2108 independenter
1617 2061 1643 2089 a

166 2119 326 2186 quavis
352 2119 533 2184 politica
555 2118 652 2182 lege
682 2136 797 2184 quae
832 2136 920 2166 non
947 2119 1122 2182 attingit
1145 2119 1233 2167 nisi
1258 2129 1382 2166 actus
1410 2128 1637 2173 externos»,

167 2212 335 2260 eosque
357 2194 446 2258 legi
472 2194 709 2250 obnoxios,
739 2211 827 2242 non
852 2204 996 2242 autem
1031 2205 1156 2242 actus
1191 2195 1410 2251 internos,
1439 2204 1488 2241 ut
1511 2194 1643 2259 paulo

167 2279 270 2319 ante
303 2269 714 2317 animadvertimus.
744 2269 911 2334 Ecquis
941 2270 1058 2316 enim
1087 2279 1231 2335 potest
1266 2270 1336 2317 ius
1371 2287 1573 2318 exercere
1596 2269 1641 2314 in

166 2345 438 2394 voluntatem
473 2344 659 2408 liberam
694 2362 746 2392 ac
781 2345 1127 2403 individualem,
1166 2363 1255 2411 qua
1289 2345 1538 2393 decernitur
1561 2344 1642 2391 ali-

169 2421 279 2488 quid
314 2438 366 2470 ac
399 2420 578 2484 eligitur
610 2421 666 2468 ad
700 2420 846 2478 bene,
893 2418 1078 2470 honeste
1116 2411 1332 2487 beateque
1364 2421 1599 2469 vivendum
1618 2419 1642 2465 Ε)

170 2497 375 2554 Quanam
399 2497 570 2546 ratione
594 2496 739 2545 civilis
764 2498 996 2564 princeps,
1025 2498 1102 2564 qui
1127 2498 1248 2546 nulla
1270 2507 1485 2563 potestate
1509 2495 1643 2560 pollet

170 2573 216 2621 in
249 2573 518 2634 domesticos
554 2574 671 2622 vitae
704 2584 856 2632 actus,
884 2575 1060 2623 efficere
1084 2576 1267 2639 poterit,
1296 2583 1343 2621 ut
1366 2567 1513 2620 nullus
1545 2589 1643 2619 eva-

169 2649 247 2698 dat
278 2661 430 2708 actus,
468 2668 557 2716 quo
593 2668 641 2699 se
677 2651 781 2716 quis
815 2652 988 2716 private
1021 2651 1257 2714 obstringit
1290 2650 1345 2697 ad
1381 2649 1510 2696 fidem
1542 2665 1642 2712 per-

170 2798 203 2832 id
225 2807 292 2832 non
311 2799 490 2842 evincitur,
512 2800 644 2834 deberet
663 2801 790 2835 ostendi
807 2802 957 2843 graviora
971 2800 1177 2834 incommoda
1190 2808 1255 2831 non
1271 2798 1361 2839 sequi
1377 2807 1415 2830 ex
1436 2797 1558 2839 legibus
1575 2798 1643 2829 irri-

170 2851 330 2894 tantibus,
347 2862 431 2895 quae
449 2855 558 2887 tamen
579 2854 674 2896 longe
698 2854 885 2896 praevalent
900 2854 949 2887 ini
964 2852 1169 2887 incommodo
1188 2851 1228 2884 de
1244 2850 1419 2883 inefficacia
1447 2851 1554 2891 legum
1573 2852 1641 2882 tan-

172 2906 241 2937 tum
265 2905 505 2947 prohibentium
527 2908 671 2949 respectu
694 2907 881 2948 praesertim
902 2906 1101 2939 nubentium.
