1980 3260
347 240 438 286 354
600 253 681 285 Lm.
709 251 758 284 11.
785 250 899 283 sacr.
927 251 1099 283 ALTERA.
1127 250 1180 283 m:
1214 250 1382 283 rorssr.
1409 251 1551 286 civm.

439 330 606 379 Eodem
639 341 776 377 sensu
810 327 1015 376 Gelasius
1052 327 1249 392 pontifex
1282 324 1506 376 scribebat
1539 328 1598 376 ad
1624 330 1813 381 Anasta-

343 408 462 456 sium
494 406 764 469 Augustum:
791 405 923 453 «Duo
957 404 1124 469 quippe
1158 413 1283 460 sunt,
1333 404 1573 469 imperator
1603 418 1809 468 auguste,

341 482 507 548 quibus
540 480 846 546 principaliter
878 480 1075 528 mundus
1099 480 1174 527 hic
1197 479 1382 543 regitur,
1417 480 1656 529 auctoritas
1684 498 1814 534 sacra

341 558 599 624 pontificum
638 568 682 605 et
715 557 877 620 regalis
918 567 1131 622 potestas.
1177 557 1229 611 In
1268 556 1434 622 quibus
1473 567 1594 606 tanto
1633 557 1814 621 gravius

341 645 409 682 est
442 633 617 699 pondus
651 632 929 680 sacerdotum
946 670 956 690 ‚
996 642 1162 697 quanto
1195 632 1331 680 etiam
1365 649 1446 697 pro
1480 632 1594 697 ipsis
1633 632 1815 697 regibus

339 710 528 758 Domino
553 709 599 756 in
622 708 774 757 divino
808 708 1024 756 reddituri
1061 718 1167 756 sunt
1202 707 1405 755 examine
1427 708 1660 757 rationem.
1688 709 1814 762 Nosti

340 786 526 843 etenim,
555 785 619 832 fili
644 785 988 833 clementissime
998 824 1008 851 ,
1036 785 1156 850 quod
1193 784 1297 832 licet
1325 785 1584 849 praesideas
1619 785 1815 837 humano

338 863 488 926 generi
521 862 759 926 dignitate,
798 879 944 909 rerum
977 872 1125 910 tamen
1150 860 1433 926 praesulibus
1465 860 1717 915 divinarum
1739 861 1814 910 de-

338 949 467 987 votus
501 939 616 987 colla
649 938 901 997 submittis,
947 948 1082 1003 atque
1115 937 1172 985 ab
1213 937 1278 986 eis
1319 953 1478 986 causas
1516 948 1620 987 tuae
1659 937 1814 988 salutis

339 1015 508 1080 expetis
523 1053 534 1072 ,
573 1015 710 1079 inque
742 1013 974 1062 sumendis
1007 1013 1276 1063 caelestibus
1307 1013 1622 1071 sacramentis,
1655 1013 1812 1079 eisque

343 1094 414 1154 (ut
446 1091 677 1156 competit)
716 1090 1033 1155 disponendis,
1074 1089 1206 1138 subdi
1231 1099 1274 1137 te
1297 1089 1461 1137 debere
1484 1090 1718 1153 cognoscis
1747 1107 1812 1145 re-

337 1166 518 1231 ligionis
552 1167 709 1216 ordine
742 1167 917 1232 potius,
948 1184 1083 1232 quam
1117 1182 1342 1230 praeesse.
1372 1165 1498 1214 Nosti
1522 1165 1673 1231 itaque
1694 1166 1812 1217 inter

337 1242 473 1300 haec,
511 1261 565 1291 ex
599 1242 777 1296 illorum
813 1253 855 1291 te
888 1242 1083 1308 pendere
1116 1241 1312 1299 iudicio,
1351 1258 1440 1289 non
1473 1240 1576 1290 illos
1608 1240 1668 1290 ad
1690 1251 1810 1334 tuam

334 1319 448 1367 velle
480 1319 621 1383 redigi
653 1319 924 1367 voluntatem
953 1319 1070 1380 (20).
1088 1337 1111 1363 »

429 1395 513 1442 His
548 1394 785 1442 adiicimus
819 1393 1043 1442 coronidis
1077 1393 1220 1457 gratia
1250 1393 1387 1442 verba
1409 1392 1571 1458 synodi
1594 1371 1809 1458 parisien-

334 1469 425 1527 sis,
464 1469 630 1534 quihus
653 1487 707 1517 ex
731 1487 796 1518 ss.
819 1469 991 1518 Isidoro
1024 1479 1068 1516 et
1100 1469 1330 1533 Fulgentio
1354 1486 1541 1519 munera
1562 1468 1668 1517 boni
1693 1469 1811 1535 prin-

334 1507 450 1610 cipis
485 1563 594 1610 erga
622 1545 857 1594 ecclesiam
892 1545 1147 1610 imperatori
1176 1545 1398 1598 Ludovico
1416 1545 1494 1594 Pio
1516 1545 1579 1593 ita
1600 1545 1803 1610 exponit:

339 1621 603 1687 «Principes
628 1621 795 1672 saeculi
821 1628 1155 1686 nonnumquam
1179 1621 1556 1670 intra'ecclesiam
1575 1619 1809 1686 potestatis

334 1697 522 1763 adeptae
555 1698 751 1749 culmina
785 1708 955 1755 tenent,
983 1708 1032 1747 ut
1056 1715 1135 1762 per
1157 1698 1359 1746 eamdem
1383 1707 1646 1763 potestatem
1671 1697 1810 1752 disci-³-

333 1774 503 1839 plinam
536 1774 884 1823 ecclesiasticam
915 1775 1134 1822 muniant.
1174 1774 1378 1823 Ceterum
1417 1775 1534 1823 intra
1571 1774 1808 1832 ecclesiam

333 1861 574 1915 potestates
599 1853 882 1899 necessariae
905 1868 993 1898 non
1017 1861 1169 1898 essent
1196 1850 1284 1898 nisi
1318 1861 1368 1898 ut
1400 1851 1522 1916 quod
1555 1868 1645 1903 non
1676 1868 1809 1917 prae-

331 1926 448 1974 valet
480 1928 687 1975 sacerdos
723 1928 897 1976 efficere
926 1945 1006 1993 per
1027 1927 1256 1975 doctrinae
1289 1940 1537 1978 sermonem
1557 1965 1568 1985 ‚
1606 1937 1807 1992 potestas

337 2003 596 2069 (principis)
635 2005 720 2054 hoc
761 2005 948 2071 imperet
987 2023 1067 2070 per
1098 2004 1364 2070 disciplinae
1397 2015 1638 2057 terrorem„
1662 2005 1808 2069 Saepe

331 2095 411 2143 per
442 2096 626 2142 regnum
662 2092 884 2129 terrenum
907 2080 1098 2128 caeleste
1120 2097 1305 2143 regnum
1338 2079 1539 2146 proficit,
1562 2090 1613 2130 ut
1625 2079 1807 2145 iquiinf-

331 2164 399 2207 tra
421 2155 654 2203 ecclesiam
687 2158 820 2223 positi
855 2167 1009 2206 contra
1037 2156 1196 2214 fidem,
1218 2165 1263 2205 et
1279 2148 1565 2222 disciplinam
1588 2156 1806 2211 ecclesiae
1866 2184 1868 2186 ·

330 2240 494 2294 agunt,
532 2231 675 2294 rigore
709 2233 961 2299 principum
984 2241 1303 2297 conterantur,
1337 2231 1578 2297 ipsamque.
1601 2230 1805 2297 discipli-.-

330 2322 458 2362 nam,
485 2323 620 2371 quam
644 2308 858 2356 ecclesiae
890 2308 1061 2356 utilitas
1087 2324 1291 2356 exercere
1314 2324 1404 2355 non
1430 2306 1679 2372 praevalet,
1707 2323 1805 2359 cer-

328 2381 503 2429 vicibus
549 2383 841 2447 superborum
878 2395 1076 2449 potestas
1110 2383 1374 2449 principalis
1417 2383 1642 2449 imponat,
1680 2394 1724 2433 et
1753 2393 1806 2443 ,qt

328 2458 656 2506 venerationem
679 2471 923 2516 mercatui,
953 2461 1161 2507 virtutem
1186 2469 1383 2524 potestas
1401 2459 1684 2543 impertiat.»
1700 2460 1805 2507 Post

327 2535 440 2582 haec
473 2534 698 2582 concludit
732 2535 961 2600 synodus.
995 2536 1313 2599 «Cognoscant
1343 2533 1569 2600 principes
1604 2534 1797 2591 saeculi,

326 2610 417 2659 Deo
441 2610 603 2660 dehere
626 2628 676 2659 se
698 2611 883 2658 reddere
916 2612 1129 2659 rationem
1164 2622 1344 2677 propter
1375 2610 1637 2668 ecclesiam,
1665 2627 1801 2676 quam

325 2705 351 2734 a
374 2687 551 2736 Christo
585 2687 796 2737 tuendam
830 2687 1095 2752 suscipiunt.
1137 2688 1248 2734 Nam
1283 2687 1380 2738 sive
1411 2696 1628 2749 augeatur
1649 2703 1736 2751 pax
1757 2696 1802 2738 et

420 2823 486 2862 (20)
507 2825 540 2854 S.
561 2822 681 2855 Gelasii
702 2822 796 2873 epist.
821 2823 908 2854 vlu.
931 2820 972 2853 ad
999 2822 1145 2854 Anastas.
1170 2821 1284 2862 imper.
1301 2820 1335 2852 in
1360 2819 1504 2861 ampliss.
1525 2819 1664 2856 collect.
1681 2819 1797 2856 concil.

323 2878 443 2911 Veneta
463 2885 547 2917 gom.
564 2879 652 2909 Vffl.
669 2877 731 2910 col.
752 2881 802 2911 31.
