1980 3260
288 234 378 281 246
601 243 682 275 Lm.
713 243 759 274 11.
787 241 901 289 sacr.
932 242 962 273 1.
992 241 1044 272 nr:
1080 240 1245 272 rorsssr.
1275 240 1440 276 aconas.

381 324 648 385 Argumento
683 319 878 384 denique
912 317 1104 366 evidenti
1139 316 1258 381 quod
1297 316 1517 364 eiusmodi
1556 319 1755 369 doctrina

287 398 556 449 acatholicos
588 413 676 444 non
706 406 988 460 permoveat,
1019 404 1086 441 est
1121 393 1221 458 ipsa
1254 409 1407 440 eorum
1437 394 1599 456 agendi
1626 397 1754 445 ratio.

285 477 395 523 Nam
419 471 623 537 quamvis
649 471 850 518 doctrina
875 487 1008 534 quam
1033 468 1334 524 adstruimus,
1369 469 1604 516 notissima
1627 470 1686 517 sit
1707 488 1760 520 ac

285 567 398 616 pene
423 547 668 595 innumeris
691 545 993 594 voluminibus
1021 545 1141 610 typis
1171 544 1331 609 quavis
1359 554 1501 592 aetate
1523 556 1567 592 et
1590 545 1759 611 ubique

284 626 478 674 locorum
497 623 717 670 mandatis
735 622 916 685 vulgata
932 639 984 669 ac
1003 632 1280 686 propugnata
1295 659 1305 678 ‚
1334 620 1505 669 scilicet
1527 621 1574 667 in
1588 621 1763 670 Germa—

286 701 376 757 nia,
404 700 452 746 in
469 698 643 762 Belgio,
677 698 724 744 in
753 698 906 745 Galliis
926 735 936 754 ‚
968 697 1014 744 in
1042 697 1172 745 Italia
1196 708 1240 745 et
1262 697 1395 755 alibi,
1431 707 1481 745 ut
1510 707 1686 745 constat
1711 715 1766 746 ex

285 776 486 839 allegatis
506 774 761 823 auctoribus
780 784 824 822 et
840 774 1142 830 documentis;
1177 784 1324 822 tamen
1340 811 1350 831 ,
1384 773 1504 839 quod
1528 774 1726 842 noyerim
1748 812 1760 832 ,

287 869 416 900 nemo
438 869 556 917 unus
581 861 850 915 conquestus
868 861 960 907 est,
990 860 1066 898 aut
1088 849 1211 897 litem
1234 850 1393 907 movit,
1421 850 1512 898 imo
1536 867 1592 897 ne
1616 849 1766 899 iscivit

287 928 486 992 quidem.
509 926 641 974 Nulla
665 926 800 990 igitur
824 936 918 973 erat
940 926 1050 973 ratio
1077 942 1218 990 quare
1246 925 1509 974 deberemus
1535 926 1763 975 veritatem

287 1001 574 1051 dissimulare
606 1012 684 1049 aut
717 1001 895 1050 silentio
929 1018 1128 1066 premere
1163 1000 1429 1049 inconsulto.

838 1136 1115 1173 ARTICULUS
1141 1135 1210 1171 111.

294 1225 488 1266 Sententia
512 1237 611 1277 quae
637 1230 741 1265 tenet
770 1226 880 1263 irrita
902 1235 984 1263 esse
1007 1221 1248 1263 clandestina
1271 1223 1526 1263 Matrimonia
1552 1224 1760 1266 haeretieo-

389 1302 477 1330 rum
505 1302 550 1330 ac
575 1292 723 1340 mixta,
751 1290 914 1329 ulterius
943 1289 1184 1339 illustratur,
1211 1289 1327 1327 certis
1353 1288 1542 1328 limitibus
1573 1289 1755 1330 definitur

388 1366 434 1394 ac
460 1354 693 1393 vindicatur.

384 1453 478 1500 Iam
511 1451 570 1498 ad
604 1451 847 1516 pleniorem
877 1451 940 1498 rei
973 1450 1320 1500 declarationem
1352 1452 1575 1516 quaedam
1609 1469 1764 1501 occur-

289 1538 391 1576 runt
424 1526 843 1584 animadvertenda,
881 1544 998 1592 quae
1030 1527 1132 1575 heic
1165 1527 1446 1576 subiicimus.

389 1604 584 1650 Primum
602 1613 687 1660 est,
716 1620 805 1651 non
831 1602 994 1650 debere
1026 1603 1285 1668 permisceri
1316 1603 1499 1661 bonam,
1529 1621 1664 1669 quam
1691 1621 1766 1654 vo-

289 1690 404 1736 cant,
433 1679 566 1726 fidem
597 1696 686 1743 qua
710 1678 766 1725 ab
790 1678 1026 1725 haereticis
1051 1678 1097 1724 in
1116 1678 1328 1742 praefatis
1362 1695 1509 1726 rerum
1542 1679 1765 1728 adiunctis

289 1755 509 1803 celebrata
527 1754 735 1818 coniugia
753 1764 879 1812 sunt,
902 1771 1003 1802 cum
1027 1754 1308 1818 legitimitate
1324 1755 1580 1803 eorumdem
1598 1773 1768 1805 connu-

290 1831 465 1879 biorum
497 1830 554 1878 ob
581 1830 845 1895 prudentem
874 1829 995 1878 sedis
1031 1830 1303 1895 apostolicae
1339 1831 1762 1881 dissimulationem.

292 1909 403 1955 Nam
436 1907 611 1955 etiamsi
645 1907 835 1955 ecclesia
865 1907 1105 1972 prudenter
1128 1907 1383 1956 dissimulet
1401 1924 1454 1955 ac
1472 1908 1626 1957 toleret
1647 1909 1769 1958 eius·

292 1982 414 2030 modi
448 1983 695 2041 connubia,
735 2001 789 2031 ea
823 1994 969 2031 tamen
1004 1983 1186 2031 minime
1220 1984 1409 2049 probat,
1443 1994 1520 2032 aut
1552 2001 1637 2049 pro
1661 1984 1769 2050 legi-

292 2058 412 2106 timis
437 2058 584 2106 habet.
613 2061 728 2107 Sane
750 2060 796 2106 in
821 2059 1110 2107 instructione
1133 2077 1161 2107 a
1184 2076 1276 2107 sac.
1299 2060 1640 2123 congregatione
1662 2069 1769 2109 con-

293 2133 385 2181 cilii
411 2134 515 2181 data
531 2134 588 2181 ad
613 2135 750 2200 episc.
770 2136 1104 2184 rosnaviensem
1124 2135 1267 2182 fer.V.
1287 2137 1364 2182 16.
1380 2136 1508 2183 Mart.
1525 2153 1600 2183 an.
1619 2138 1763 2184 1780.

292 2209 477 2273 legitur:
506 2229 527 2254 «
551 2210 829 2275 Quamquam
852 2212 972 2259 enim
1003 2212 1313 2261 commendata
1342 2211 1541 2276 provisio
1569 2211 1770 2275 (scilicet

294 2286 549 2336 constitutio
589 2286 906 2351 benedictina)
945 2289 1075 2337 donec
1108 2307 1187 2354 per
1219 2306 1259 2336 s.
1291 2288 1444 2337 sedem
1477 2289 1769 2354 apostolicam

293 2363 422 2411 aliter
448 2362 717 2410 declaratum
742 2382 829 2412 non
857 2365 1014 2423 suerit,
1047 2377 1275 2431 tamquam
1294 2383 1377 2430 pro
1399 2382 1485 2412 non
1508 2375 1686 2414 eaetema
1708 2366 1768 2414 ad

292 2438 570 2502 Hunqariam
598 2438 656 2485 ab
690 2440 897 2488 omnibus
930 2442 1154 2489 censenda
1182 2443 1263 2499 sit,
1292 2441 1441 2506 priora
1463 2452 1611 2488 tamen
1640 2444 1656 2504 (
1672 2458 1766 2488 ma-

294 2513 529 2576 trimonia)
551 2531 712 2578 nempe
736 2515 1041 2563 haereticorum
1064 2519 1176 2564 inter
1197 2536 1240 2564 se
1262 2534 1412 2565 coram
1435 2516 1639 2564 ministro
1661 2515 1766 2563 hae-

293 2590 429 2638 retico
462 2590 574 2638 inita
590 2628 600 2647 ,
631 2590 693 2638 ita
717 2608 744 2638 a
767 2600 810 2638 te
833 2602 1002 2656 oportet
1036 2593 1310 2641 dissimulari
1324 2632 1334 2651 ,
1361 2603 1410 2640 ut
1434 2609 1570 2656 super
1598 2608 1768 2639 eorum-

295 2666 397 2714 dem
420 2665 649 2714 validitate
672 2667 766 2715 sive
790 2667 1065 2717 invaliditate
1088 2670 1145 2717 ab
1173 2669 1293 2718 omni
1323 2685 1509 2734 prorsus
1537 2667 1767 2716 abstineas

295 2742 459 2789 nedum
483 2741 663 2790 ferendo
686 2743 878 2801 iudicio,
917 2761 1070 2792 verum
1103 2746 1237 2793 etiam
1275 2743 1576 2810 promovenda
1616 2743 1768 2808 dispu-

295 2818 488 2877 tatione,
511 2837 563 2868 ex
581 2837 672 2884 qua
705 2837 793 2870 non
827 2830 915 2869 tam
950 2820 1152 2871 utilitatis
1178 2822 1371 2878 fructus,
1400 2838 1536 2886 quam
1559 2819 1767 2871 offensio-
