1980 3260
367 266 423 312 38
658 275 735 306 Lm.
771 271 816 303 ιι.
851 269 962 302 sacr.
1001 269 1029 299 ι.
1064 265 1114 298 m:
1145 262 1307 296 rorssr.
1343 262 1506 295 nectas.

366 356 511 404 monio
534 350 730 399 doctrina
754 349 797 394 in
822 345 1095 409 legislatione
1117 339 1428 388 matrimoniali
1452 339 1668 401 gallicana
1684 351 1805 403 post-

363 448 494 496 quam
510 426 580 475 vix
605 443 682 490 per
698 423 918 489 publicam
943 436 1085 467 rerum
1109 417 1304 465 omnium
1327 414 1599 462 eversionem
1619 414 1689 461 vel
1706 416 1806 479 ipsa

364 505 515 567 religio
549 501 789 550 christiana
812 499 855 544 in
885 493 1196 543 florentissimo
1218 492 1294 538 illo
1327 508 1461 554 regno
1484 507 1511 536 a
1533 489 1679 537 medio
1703 491 1809 537 sub—

363 581 447 627 lata
479 596 565 626 non
599 587 686 632 est,
714 591 792 639 per
823 589 983 619 novum
1006 569 1200 617 codicem
1234 568 1310 632 qui
1346 578 1448 614 tunc
1481 566 1691 630 temporis
1714 564 1810 613 edi-

363 667 431 702 tus
455 653 549 699 suit.
572 654 621 697 In
645 651 729 697 hoc
751 648 868 695 enim
891 644 1040 693 codice
1064 644 1132 691 lex
1155 642 1430 708 promulgata
1451 652 1519 688 est
1541 658 1614 688 an.
1637 642 1778 688 17922
1793 678 1805 698 ‚

361 746 474 793 quae
496 726 745 788 coniugium
770 733 974 787 spectans
994 731 1041 767 ut
1058 737 1175 767 mere
1197 718 1372 766 civilem
1390 728 1657 766 contractum
1672 755 1682 773 ‚
1704 735 1809 764 san-

361 805 552 851 ctitatem
584 818 756 849 omnem
790 799 845 846 ab
869 816 920 846 eo
944 796 1126 844 removit
1147 834 1157 852 ‚
1194 795 1359 842 nullam
1382 794 1561 842 omnino
1583 794 1640 840 de
1668 794 1808 858 impe-

360 878 565 925 dimentis
599 875 823 924 canonicis
856 874 1066 921 rationem
1106 871 1262 918 habuit
1281 908 1291 927 ‚
1337 869 1672 918 dissolutionem
1704 887 1808 926 conf

361 954 552 1002 nubialis
568 951 734 1000 vinculi
764 950 963 1014 pluribus
981 949 1026 995 in
1054 947 1231 995 casibus
1254 946 1470 994 adstruxit
1500 947 1616 1008 (17).
1637 946 1809 994 Deinde

361 1029 626 1093 Napoleonis
660 1043 792 1091 opera
823 1041 982 1088 magna
1009 1023 1188 1088 quidem
1212 1039 1263 1068 ex
1287 1031 1410 1085 parte
1434 1021 1703 1084 reipublicae
1733 1038 1808 1069 co-

360 1105 444 1152 dex
475 1103 732 1150 emendatus
756 1111 849 1157 est,
885 1110 1182 1147 verumtamen
1212 1108 1255 1144 et
1286 1098 1382 1162 ipse
1414 1113 1587 1144 omnem
1619 1097 1808 1144 auctori-

361 1190 491 1227 tatem
530 1178 870 1226 ecclesiasticam
905 1194 931 1223 a
954 1174 1276 1222 matrimoniali
1316 1172 1591 1236 legislatione
1633 1173 1810 1237 penitus

360 1255 541 1302 abstulit
557 1293 566 1310 ,
589 1243 973 1316 'magistratusque
1004 1249 1156 1297 civiles
1179 1249 1284 1296 huic
1317 1247 1490 1311 negotio
1522 1248 1653 1295 unice
1684 1264 1811 1312 prae-

361 1330 464 1377 fecit
481 1367 492 1385 ,
529 1329 781 1392 nullamque
814 1327 1026 1374 rationem
1059 1324 1214 1371 habuit
1237 1324 1293 1371 de
1316 1340 1534 1371 consensu
1555 1340 1703 1370 coram
1734 1340 1812 1387 pa-

359 1405 491 1452 rocho
524 1422 576 1451 ac
604 1404 777 1450 duobus
803 1401 990 1449 testibus
1014 1418 1068 1448 ex
1095 1400 1312 1448 catholica
1335 1399 1534 1447 doctrina
1557 1398 1809 1464 praebendo

358 1479 413 1526 ad
446 1478 688 1542 legitimum
718 1476 1025 1524 celebrandum
1059 1476 1344 1539 coniugium,
1373 1475 1573 1540 adeoque
1606 1490 1716 1539 pure
1746 1475 1810 1522 ci-

357 1554 468 1611 vile,
506 1555 622 1619 quod
657 1563 839 1609 vocant,
878 1552 1128 1616 coniugium
1155 1551 1326 1608 sanxit,
1363 1551 1480 1616 quod
1505 1550 1743 1598 etiamnum
1762 1551 1808 1597 in

360 1629 514 1676 Galliis
537 1667 547 1686 ‚
585 1629 703 1675 haud
727 1628 810 1676 levi
847 1627 1071 1691 religionis
1104 1627 1365 1674 detrimento
1387 1665 1397 1683 ,
1434 1636 1511 1674 aut
1534 1626 1688 1674 saltem
1710 1626 1809 1674 vul-

358 1721 460 1752 nere
477 1742 487 1760 ‚
516 1704 633 1767 viget
664 1705 782 1766 (18),

451 1780 570 1827 Haec
591 1779 745 1827 eadem
775 1779 993 1844 principia
1017 1779 1255 1826 launoiana
1287 1789 1331 1826 et
1365 1777 1648 1843 pistoriensia
1670 1778 1716 1825 in
1741 1796 1811 1827 re-

446 1920 510 1960 (17)
529 1919 675 1952 Staudlin
696 1920 730 1951 in
749 1928 802 1960 op.
825 1928 924 1960 germ.
949 1921 1106 1952 Historia
1125 1921 1324 1961 opinionum
1345 1921 1379 1952 ec
1399 1919 1639 1952 doctrinarum
1658 1927 1748 1961 quae
1767 1918 1812 1951 de

358 1973 575 2004 rnacrimonio
595 1972 757 2013 prolatae
782 1974 877 2004 sunl.
900 1972 1068 2012 Gottingae
1087 1976 1176 2004 1826.
1190 1971 1344 2013 praefat.
1370 1980 1442 2012 pag.
1457 1972 1547 2003 vlu.
1572 1970 1703 2003 scribit:
1722 1984 1738 1999 «
1751 1973 1808 2003 Pa-

358 2023 611 2068 risiispriorihus
622 2026 671 2056 27.
682 2024 843 2056 mensibus
858 2025 930 2065 post
944 2024 1044 2065 legem
1059 2027 1212 2056 an.1792.
1224 2023 1265 2056 de
1279 2024 1486 2056 matrimonio
1499 2025 1589 2056 5994.
1603 2022 1810 2056 matrimonia

358 2076 513 2109 dissoluta
527 2077 612 2108 sunt.
625 2089 641 2104 »

447 2128 511 2168 (18)
533 2130 568 2160 ln
594 2129 785 2169 ephemerid.
821 2130 992 2170 germanio.
1025 2129 1175 2162 eeclesiae
1206 2129 1470 2162 Darmstatdiens.
1499 2138 1551 2161 an.
1584 2134 1673 2162 1829.
1701 2137 1735 2161 n.
1761 2132 1809 2162 17.

356 2181 441 2213 circa
455 2181 682 2221 legislationem
695 2181 737 2213 de
747 2182 886 2214 matrim.
901 2182 1006 2223 gallic.
1020 2181 1278 2214 animadversum
1293 2182 1363 2214 iure
1377 2184 1440 2214 est:
1455 2181 1638 2222 «legislatio
1651 2181 1809 2223 gallicana

358 2233 597 2265 matrimonium
618 2242 734 2274 purum
763 2242 830 2266 esse
849 2236 1046 2267 contractum
1067 2235 1193 2267 civilem
1217 2236 1303 2274 rata,
1323 2226 1452 2266 civilem
1476 2235 1586 2267 actum
1608 2233 1806 2276 praescribit.

359 2286 543 2318 Benedictio
557 2286 771 2318 ecclesiastica
791 2295 854 2318 non
866 2289 913 2319 est
925 2288 1119 2328 praescripta
1131 2309 1142 2327 ‚
1159 2296 1262 2328 neque
1275 2288 1343 2319 ullo
1358 2286 1455 2319 modo
1472 2290 1546 2319 ante
1558 2288 1665 2319 actum
1680 2286 1808 2319 civilem

357 2338 424 2370 fieri
445 2337 550 2370 dehet.
573 2339 647 2370 Res.
659 2338 830 2370 theoretice
857 2340 1016 2380 spectata,
1034 2340 1079 2371 nil
1102 2340 1235 2381 periculi
1257 2340 1373 2372 habere
1392 2339 1537 2380 videtur,
1552 2339 1609 2371 sed
1626 2338 1655 2371 si
1669 2340 1812 2380 practice

355 2390 514 2430 spectetur
527 2388 634 2430 negari
646 2398 711 2421 non
724 2390 1036 2431 potoet‚dignitatem
1051 2394 1082 2424 et
1093 2392 1294 2425 sanctitatem
1305 2391 1503 2424 matrimonii
1514 2391 1688 2424 maximam
1698 2392 1810 2425 fecisse

354 2442 521 2475 iacturam.
543 2443 781 2474 Matrimonium
795 2443 823 2475 si
844 2443 890 2475 nil
906 2445 953 2475 δι
971 2444 1031 2476 nisi
1052 2446 1234 2478 contractus
1248 2443 1374 2485 civilis,
1386 2444 1569 2477 institutum
1584 2445 1811 2478 tantummodo

356 2494 419 2527 erit
439 2494 481 2526 ad
507 2494 697 2535 explendam
723 2495 919 2535 voluptatem
940 2497 972 2527 et
999 2495 1039 2527 ad
1069 2498 1298 2537 procreandam
1325 2496 1466 2538 prolem3
1489 2495 1636 2537 nihilque
1659 2496 1806 2538 habehit,

360 2546 446 2586 quod
467 2546 609 2578 animum
629 2547 742 2578 efferre
763 2546 802 2578 ad
824 2547 940 2579 altiora
958 2549 1059 2588 possit
1080 2549 1112 2580 in
1133 2550 1203 2590 ipso
1223 2552 1297 2582 actu
1317 2548 1514 2582 matrimonii
1543 2549 1716 2581 ineundi.»

446 2599 594 2631 ceterum
615 2599 781 2631 historiam
800 2599 1006 2640 legislationis
1029 2602 1253 2642 napoleonicae
1269 2602 1398 2635 uberius
1415 2602 1565 2642 exposuit
1584 2602 1811 2644 recensuitque

359 2651 495 2683 Knstner
506 2674 517 2691 ,
537 2653 587 2683 De
605 2652 824 2684 matrimonio
835 2675 848 2691 ‚
865 2653 969 2693 atque
983 2654 1115 2686 ratione
1133 2663 1222 2696 quae
1241 2656 1273 2687 ei
1293 2662 1374 2688 cum
1384 2655 1528 2687 civitate
1543 2656 1578 2687 et
1589 2654 1732 2688 eeclesia
1755 2657 1806 2688 in·

358 2703 509 2738 tercedit.
525 2703 652 2744 Lipsiae
670 2708 758 2737 1810.
774 2713 846 2745 pag.
870 2708 908 2737 76
923 2713 1013 2746 seqq.

445 2755 497 2788 cr.
518 2755 706 2797 Roskovimy
723 2765 777 2797 op.
800 2757 857 2788 cit.
885 2759 933 2789 De
952 2759 1105 2790 mamm.
1127 2760 1164 2791 in
1182 2759 1326 2792 ecclesia
1337 2759 1429 2792 cath.
1447 2759 1526 2791 tom.
1544 2761 1572 2791 1.
1585 2759 1643 2800 qui
1664 2759 1735 2792 fuse
1753 2768 1808 2792 ex·

358 2806 448 2847 ponit
458 2830 468 2847 ,
483 2816 565 2847 quae
588 2816 646 2840 nos
661 2808 695 2839 in
720 2808 945 2850 compendium
961 2810 1138 2851 redegimus
1156 2812 1334 2853 spectantia
1352 2811 1395 2844 ad
1414 2821 1564 2854 praesens
1583 2813 1808 2854 argumentum

356 2857 543 2894 historicum
560 2860 601 2893 de
613 2860 733 2902 origine
745 2870 784 2894 ac
797 2871 965 2904 progressu
981 2871 1082 2896 novae
1095 2864 1259 2898 doctrinae
1270 2865 1356 2898 cirea
1368 2865 1595 2906 impedimenta
1608 2865 1802 2900 dirimentis.
