1980 3282
483 256 572 286 est.
603 256 632 286 1.
662 254 758 287 can.
787 255 880 286 mm
904 253 1069 286 rorssr.
1100 253 1265 287 sectas.
1294 255 1389 288 aar.
1421 256 1450 287 1.
1684 244 1709 288 7

252 332 441 381 ecclesia
474 333 567 382 sive
601 333 826 381 declarare
860 331 1255 380 sive'constituere
1297 343 1472 398 potest,
1510 351 1624 399 quae
1657 336 1714 382 ad

251 408 491 472 legitimam
521 407 759 456 eorundem
782 404 1210 454 administrationem
1235 409 1480 472 pertinent,
1509 427 1715 475 quaeque

250 484 307 532 ad
337 484 633 548 augustiorem
667 480 852 529 formam
886 481 1085 529 conferre
1113 493 1315 546 possunt.
1352 485 1468 532 Hinc
1497 485 1714 534 ecclesiae

249 571 317 609 est
349 561 460 607 ritus
483 558 788 605 'determinare
811 574 873 606 ac
906 558 1179 606 ceremonias
1193 596 1203 616 ‚
1226 560 1405 624 quaein
1423 560 1599 608 illorum
1624 561 1715 610 col-

249 635 410 689 latione
443 634 608 682 servari
638 633 828 690 debent}
854 634 1039 682 definire
1067 634 1170 682 item
1200 646 1373 700 tempus
1390 673 1400 692 ,
1429 636 1573 684 locum
1589 675 1599 694 ‚
1627 655 1716 686 mo-

249 710 354 758 dum
377 746 387 765 ‚
423 726 636 774 personas
653 746 664 764 ,
709 708 984 756 conditiones
1020 727 1135 773 quae
1167 727 1193 757 e
1228 727 1275 757 re
1315 728 1417 759 esse
1448 712 1713 760 iudicaverit

248 785 307 834 ad
329 785 511 849 dignam
533 784 956 849 convenientemque
972 786 1494 850 eorum.susceptionem;
1523 805 1604 836 nec-
1623 805 1714 836 non

238 861 460 920 ¹iudicium
495 861 636 917 ferre,
665 878 766 908 cum
800 860 996 908 oboritur
1013 860 1234 917 dubium,
1264 872 1341 909 aut
1364 864 1568 927 quaestio
1597 864 1714 913 circa

247 937 502 993 materiam,
540 936 750 992 formam,
790 935 1041 983 ministrum
1063 973 1073 992 ‚
1110 935 1430 1000 dispositiones
1465 939 1713 1003 suscipien-

247 1013 356 1060 tium
374 1050 384 1069 ‚
413 1030 465 1061 ac
487 1022 632 1061 cetera
658 1011 931 1059 huiusmodi.
961 1012 1071 1059 Cum
1100 1012 1235 1075 igitur
1257 1030 1311 1059 ex
1334 1013 1557 1077 praeiacto
1590 1015 1712 1079 prin-

247 1089 364 1154 cipio
397 1089 551 1137 eadem
586 1089 645 1137 sit
679 1088 790 1136 ratio
827 1088 1092 1136 sacramenti
1132 1089 1400 1136 matrimonii
1435 1107 1488 1137 ac
1521 1089 1714 1155 reliquo-

249 1180 346 1212 rum
381 1174 752 1213 sacramentorum
776 1202 786 1220 ‚
825 1165 920 1211 iure
953 1164 1198 1228 meritoque
1241 1164 1472 1213 inferimus
1505 1175 1549 1212 et
1579 1166 1714 1213 huius

249 1242 412 1306 pariter
444 1241 705 1289 sacramenti
741 1240 1084 1288 moderationem
1113 1240 1170 1287 ad
1205 1240 1439 1289 ecclesiam
1473 1241 1708 1307 pertinere.

343 1319 498 1382 Neque
524 1317 649 1366 obest
674 1317 906 1365 christiani
935 1316 1146 1365 connubii
1175 1317 1464 1365 administros
1488 1335 1589 1366 esse
1611 1335 1714 1366 con-

248 1393 470 1441 trahentes
506 1394 652 1459 ipsos⁷
690 1411 777 1442 non
811 1404 957 1440 autem
993 1393 1274 1449 sacerdotes,
1314 1411 1444 1441 secus
1468 1394 1589 1442 acin
1612 1393 1715 1441 aliis

247 1468 408 1516 accidit
433 1470 747 1525 sacramentis;
777 1468 1000 1533 siquidem
1025 1469 1070 1515 id
1095 1485 1181 1516 non
1206 1469 1345 1516 officit
1367 1469 1607 1534 quominus
1629 1469 1715 1517 boc

247 1543 379 1591 etiam
423 1555 745 1592 sacramentum
787 1543 991 1607 regimini
1029 1543 1171 1591 subsit
1203 1543 1432 1591 ecclesiae.
1472 1545 1561 1592 Nec
1594 1544 1713 1591 enim

251 1629 438 1683 possunt
471 1620 625 1668 fideles
662 1620 746 1668 sibi
788 1620 977 1667 invicem
1012 1619 1096 1666 hoc
1130 1630 1454 1667 sacramentum
1488 1620 1711 1676 conferre,

248 1695 334 1743 nisi
359 1695 443 1743 sub
467 1696 680 1744 ecclesiae
709 1696 987 1753 auctoritate,
1015 1696 1143 1743 cuius
1168 1706 1236 1743 est
1258 1713 1334 1743 eos
1358 1696 1415 1743 ad
1439 1696 1710 1760 coniugium,

248 1781 377 1835 prout
409 1782 477 1818 est
509 1782 859 1828 sacramentum,
898 1771 1152 1828 admittere,
1181 1788 1234 1818 ac
1258 1771 1489 1836 providere
1521 1781 1572 1819 ut
1603 1771 1714 1819 illud

248 1856 472 1911 tamquam
503 1846 734 1894 christiani
757 1885 765 1903 ,
806 1846 1018 1894 ecclesiae
1045 1846 1211 1894 subditi
1240 1863 1292 1893 ac
1319 1846 1399 1893 filii
1428 1847 1549 1894 iuxta
1575 1855 1714 1894 statu·

247 1932 315 1969 tas
349 1921 469 1984 leges
505 1933 548 1968 et
582 1922 830 1987 suscipiant
862 1933 905 1969 et
938 1922 1266 1968 administrent.

342 1999 495 2063 Itaque
524 1998 659 2046 semel
694 2015 746 2046 ac
780 1998 1067 2046 constitutum
1102 2008 1169 2044 est
1195 1998 1325 2044 ‚iuxta
1358 2007 1614 2062 perpetuam
1638 2014 1710 2045 ec·-

244 2073 408 2121 clesiae
442 2075 608 2131 fidem,
652 2075 996 2122 christianorum
1027 2073 1282 2136 coniugium
1314 2090 1415 2120 vere
1449 2091 1501 2121 ac
1536 2073 1713 2157 proprie

247 2161 569 2198 sacramentum
603 2168 704 2198 esse
736 2168 762 2197 a
796 2150 971 2197 Christo
994 2150 1181 2197 Domino
1214 2148 1488 2206 institutum
1528 2166 1580 2197 eo
1613 2149 1712 2214 ipso

244 2227 555 2308 consequitur,
596 2238 857 2310 potestatem
882 2227 928 2272 in
953 2225 1283 2273 matrimonium
1305 2225 1364 2272 ad
1389 2225 1623 2274 ecclesiam
1649 2225 1714 2272 di-

245 2300 349 2347 vino
382 2301 477 2347 iure
511 2302 744 2365 pertinere.
785 2301 912 2358 Quod
944 2301 1057 2349 vidit
1089 2301 1221 2348 etiam
1255 2300 1494 2358 Calvinus,
1531 2301 1611 2366 qui
1645 2317 1716 2348 ve-

247 2393 409 2423 uenum
453 2394 584 2423 suum
627 2395 834 2425 evomens
874 2378 1087 2425 adversus
1128 2376 1393 2424 catholicam
1439 2376 1674 2425 ecclesiam
1698 2414 1708 2433 ,

247 2452 577 2500 matrimonium
624 2453 733 2500 dixit
767 2453 824 2500 ab
859 2453 1045 2501 ecclesia
1085 2453 1131 2498 in
1165 2463 1539 2500 sacramentorum
1567 2452 1716 2500 album

248 2528 433 2575 relatum
459 2529 599 2577 fuisse
614 2568 623 2586 ‚
645 2540 763 2577 uteo
789 2529 886 2595 ipso
910 2530 956 2576 in
981 2529 1091 2576 illud
1118 2546 1243 2576 suam
1269 2528 1549 2592 protenderet
1572 2538 1718 2592 aucto-

249 2603 436 2650 ritatem.
459 2624 481 2648 «
501 2605 635 2651 Dicas
673 2605 782 2651 nihil
819 2605 939 2652 aliud
978 2605 1075 2667 (sic
1103 2604 1229 2665 ille),
1253 2621 1387 2668 quam
1424 2604 1717 2651 abominatio-

249 2697 354 2726 num
388 2679 599 2727 latebram
628 2681 876 2745 quaesiisse
904 2680 1241 2746 (pontificios),
1271 2679 1376 2727 dum
1395 2697 1420 2727 e
1437 2679 1717 2727 matrimonio

249 2765 571 2803 sacramentum
598 2757 808 2805 fecerunt.
836 2755 919 2804 Ubi
950 2758 1067 2804 enim
1094 2756 1139 2803 id
1170 2756 1306 2803 semel
1333 2755 1586 2812 obtinuere,
1614 2772 1719 2802 con-

249 2830 462 2894 iugalium
497 2828 730 2880 causarum
761 2832 1054 2895 cognitionem
1090 2832 1144 2879 ad
1182 2849 1230 2879 se
1266 2842 1511 2879 traxerunt:
1551 2830 1718 2895 quippe
