1980 3260
278 241 369 273 cn.
385 241 447 272 111.
463 241 513 272 m:
527 238 642 271 13ch.
656 238 821 270 ronst.
838 237 942 268 msr.
955 235 997 268 IN
1011 235 1099 267 mr.
1112 235 1235 266 nnn.
1249 235 1334 266 nm.
1352 234 1443 265 ΛΒΤ.
1463 233 1508 264 11.
1550 217 1638 262 109

182 316 424 365 lationibus
453 317 645 381 aliisque
671 314 892 363 similibus
910 352 921 371 ,
959 329 1075 378 quae
1106 311 1163 359 ab
1201 311 1442 376 apostolico
1479 320 1646 358 tantum

186 394 340 441 nuntio
372 393 606 456 cognosci,
646 391 883 456 expediri,
907 400 1039 454 atque
1067 388 1138 452 agi
1168 398 1493 435 consueverunt
1510 426 1520 444 ,
1552 404 1647 434 ma—

185 487 292 516 num
310 469 402 517 ullo
419 470 549 517 modo
567 478 856 534 apponerent.
880 466 1081 514 «Nullam
1098 465 1216 512 enim
1229 503 1239 520 ,
1262 464 1411 529 inquit
1425 464 1620 529 pontifex
1632 499 1643 519 ,

186 545 233 593 in
272 546 528 593 huiusmodi
574 545 705 593 rebus
747 543 1000 591 facultatem
1035 542 1160 590 vobis
1197 552 1437 605 utcumque
1476 540 1648 604 episco—

186 622 286 686 pis,
325 632 407 668 etc.
440 631 712 685 competere,
750 630 826 667 aut
861 636 940 684 per
966 617 1224 666 huiusmodi
1257 617 1504 664 absentiam
1539 633 1649 662 nun-

186 697 243 744 cii
274 696 411 743 nostri
445 695 696 743 devolutam
723 695 863 742 fuisse
892 706 968 742 aut
1000 695 1245 743 accrevisse
1271 693 1573 748 declaramus,
1608 702 1652 739 et

187 770 480 818 nihilominus
495 807 506 826 ,
527 787 584 816 ne
600 770 719 817 ullus
750 770 946 834 supersit
974 770 1208 816 dubitandi
1235 780 1312 816 aut
1333 767 1649 832 interpretandi

187 845 312 893 locus
328 883 339 902 ,
366 856 410 893 et
431 846 488 893 ad
507 845 760 893 ulteriorem
786 846 1026 901 cautelam,
1048 862 1223 892 omnem
1238 845 1366 892 vobis
1389 845 1506 891 circa
1529 861 1653 908 prae-

190 922 329 969 missa
355 932 614 986 potestatem
640 938 822 986 prorsus
846 921 1107 977 adimimus,
1132 920 1313 967 irritum
1346 937 1398 967 ac
1427 920 1558 966 inane
1581 920 1653 966 de-

189 996 406 1046 clarantes
439 997 657 1062 quidquid
691 1013 821 1045 secus
855 1013 991 1061 super
1014 996 1086 1043 his
1120 1013 1147 1043 a
1180 1013 1460 1060 quocumque
1494 995 1653 1059 quavis

188 1074 447 1121 auctoritate
470 1074 659 1121 scienter
676 1072 746 1120 vel
763 1072 1017 1135 ignoranter
1033 1071 1236 1119 attentari
1256 1071 1485 1134 contigerit
1499 1073 1543 1132 (5
1553 1071 1595 1132 4)
1607 1108 1615 1116 .
1628 1090 1648 1115 »

191 1148 363 1203 Quibus
388 1167 441 1196 ex
462 1148 609 1197 verbis
627 1148 755 1196 facile
778 1159 848 1196 est
870 1149 1076 1212 colligere
1098 1165 1318 1213 quaenam
1338 1147 1525 1194 summis
1550 1164 1655 1211 pon-

193 1225 385 1273 tificibus
420 1225 637 1274 sententia
659 1225 863 1281 haereat,
885 1225 1019 1272 etiam
1048 1243 1187 1289 quum
1214 1225 1271 1271 de
1302 1224 1482 1271 casibus
1511 1223 1656 1286 agitur

191 1301 239 1349 in
271 1302 434 1366 quibus
461 1301 659 1350 nonnulli
691 1302 995 1366 exceptionem
1026 1301 1171 1349 facere
1202 1300 1345 1349 solent
1373 1301 1419 1347 in
1454 1301 1649 1348 favorem

190 1377 517 1443 episcoporum.

288 1452 483 1500 Alterum
501 1454 811 1503 documentum
829 1455 888 1503 sit
905 1455 970 1501 Pii
986 1455 1056 1501 vl.
1074 1456 1209 1503 Breve
1231 1455 1382 1502 datum
1406 1473 1479 1502 an.
1504 1457 1525 1500 1
1537 1456 1645 1501 782.

193 1528 250 1576 ad
273 1530 657 1595 archiepiscopum
688 1531 998 1588 trevirensem,
1025 1550 1114 1596 quo
1137 1532 1318 1579 damnat
1351 1547 1403 1578 ac
1438 1531 1656 1595 improbat

191 1605 384 1653 edictum
417 1624 671 1655 caesareum
704 1607 747 1656 vi
772 1608 900 1655 cuius
933 1608 1252 1664 mandabatur,
1292 1619 1340 1655 ut
1373 1608 1560 1671 episcopi
1587 1607 1656 1653 di-

192 1692 388 1744 spensent
417 1684 507 1729 iure
528 1685 701 1747 proprio
735 1684 792 1731 ab
826 1684 1151 1749 impedimentis
1175 1684 1501 1735 dirimentibus.
1532 1685 1656 1731 Post-

194 1774 329 1821 quam
346 1758 463 1805 enim
487 1777 687 1807 summus
713 1760 905 1824 pontifex
922 1761 1114 1808 asseruit
1130 1761 1187 1808 ad
1203 1761 1437 1808 ecclesiam
1456 1772 1657 1824 spectare

197 1844 455 1897 potestatem
499 1836 794 1884 constituendi
833 1837 1148 1901 impedimenta
1179 1837 1490 1893 connubialia,
1528 1837 1658 1883 infert

196 1909 506 1958 relaxationem
530 1911 586 1958 ab
610 1911 766 1959 iisdem
790 1913 1117 1976 impedimentis
1141 1931 1166 1960 a
1192 1912 1287 1960 solo
1311 1930 1421 1960 rom.
1450 1913 1659 1976 pontifice

193 1984 252 2031 ad
285 1985 539 2048 coniugium
581 1988 775 2050 legitime
815 2006 896 2036 seu
935 1988 1082 2036 valide
1108 1989 1367 2045 ,ineundum
1400 1989 1659 2036 auctoritate

196 2061 374 2125 propria
391 2080 523 2126 posse
538 2064 737 2120 concedi,
759 2074 892 2129 atque
908 2065 980 2112 his
1003 2065 1150 2112 verbis
1175 2065 1417 2113 concludit:
1444 2065 1656 2112 «Etiamsi

192 2137 463 2201 episcopalis
486 2140 742 2195 auctoritas,
769 2151 819 2188 ut
840 2141 1041 2188 nonnulli
1065 2141 1267 2189 doctores
1291 2141 1576 2197 contendunt,
1601 2141 1657 2188 ab

196 2213 295 2277 ipso
327 2213 578 2262 immediate
611 2217 703 2263 Deo
740 2217 1020 2280 procederet,
1057 2228 1221 2265 certum
1257 2228 1402 2265 tamen
1426 2228 1659 2265 constans-

193 2305 282 2353 que
308 2306 410 2337 esse
431 2291 563 2338 debet
575 2329 586 2347 ,
608 2291 729 2339 illam
747 2293 1050 2340 auctoritatem
1069 2312 1152 2340 non
1169 2295 1346 2342 extendi
1361 2295 1419 2341 ad
1435 2293 1658 2358 faciendas

197 2365 289 2411 iure
314 2368 487 2430 proprio
517 2367 562 2413 in
595 2368 875 2430 generalibus
905 2369 1120 2418 ecclesiae
1152 2370 1328 2433 legibus
1362 2370 1659 2434 dispensatio-

198 2459 277 2488 nes
301 2442 398 2489 sine
428 2460 639 2507 expressa
662 2444 729 2491 vel
755 2445 886 2492 tacita
918 2446 1072 2493 saltem
1102 2447 1391 2495 concessione
1415 2447 1659 2511 superioris

195 2535 223 2564 a
246 2535 335 2582 quo
358 2519 553 2567 sancitae
577 2520 678 2567 illae
702 2532 825 2577 sunt,
848 2524 1091 2585 potestatis.
1118 2523 1240 2570 Fidei
1258 2524 1375 2571 enim
1394 2524 1554 2587 dogma
1572 2534 1655 2578 est,

193 2594 503 2660 episcoporum
528 2596 855 2654 auctoritatem,
877 2597 944 2645 vel
963 2599 1001 2645 si
1021 2616 1048 2646 a
1065 2599 1242 2647 Christo
1267 2600 1519 2646 immediate
1542 2617 1658 2646 ema-

197 2669 312 2717 narit
332 2708 343 2726 ,
380 2670 625 2720 subiectam
655 2682 800 2721 tamen
833 2691 934 2722 esse
972 2693 1081 2731 rom.
1124 2676 1347 2740 pontificis
1372 2676 1654 2725 auctoritati:

287 2794 353 2834 (54)
373 2795 424 2827 Cf,
438 2795 615 2829 Clementis
642 2797 697 2829 xl.
719 2798 809 2837 pont.
830 2806 916 2830 nux.
934 2798 1111 2840 Epistulae
1136 2801 1170 2831 et
1195 2799 1315 2832 brevia
1334 2799 1515 2832 selectiora
1537 2801 1616 2833 tom.
1634 2801 1647 2832 1

196 2854 268 2886 pag.
297 2852 357 2879 566
383 2857 451 2889 seq.
472 2851 592 2882 Romae
615 2853 714 2882 1724.'
