1980 3260
212 245 302 278 GAP.
314 246 389 280 VII.
402 246 454 279 DE
468 247 577 280 MATR
612 248 740 281 Iern.
756 246 841 281 CUM
862 246 998 280 rlnm..
1015 246 1096 279 vm.
1113 245 1197 278 lNr.
1214 246 1278 278 SE.
1302 246 1395 278 ΛΒΤ.
1410 244 1456 278 11.
1531 228 1621 277 333

147 339 246 372 nem
282 325 571 373 christianam
613 343 855 384 converso,
892 326 1038 373 renuit
1070 324 1179 373 alter
1218 324 1408 390 pacifice
1440 339 1493 372 ac
1527 323 1626 371 sine

146 399 414 448 contumelia
430 401 651 450 Creatoris
677 419 779 450 cum
807 401 884 450 illo
909 400 1181 450 cohabitare.
1205 399 1379 448 Exinde
1396 399 1472 458 fit,
1497 408 1549 447 ut
1569 398 1626 446 li-

147 493 328 523 manum
364 476 600 525 concilium
634 477 831 543 periculo
870 495 920 525 se
951 476 1207 542 exposuerit
1238 475 1470 524 sanciendi
1505 473 1629 540 poly-

147 553 341 615 gamiam
358 590 368 610 ,
397 553 504 599 dum
528 554 584 601 iis
610 555 688 619 qui
713 571 817 602 vero
840 553 1046 617 coniugio
1070 552 1314 601 consociati
1339 561 1465 599 erant
1488 568 1626 600 novas

145 628 329 677 ineundi
365 628 547 693 nuptias
585 630 760 694 copiam
792 630 920 687 fecit,
959 629 1098 678 altero
1133 628 1282 677 adhuc
1314 629 1490 676 vivente
1522 644 1628 676 con-

145 703 275 767 iuge,
310 719 393 750 nec
426 702 508 750 rite
542 703 760 752 dissoluto
792 704 1015 768 coniugio.
1038 704 1134 752 Nisi
1168 703 1323 760 dieas,
1357 701 1543 768 speciali
1568 701 1630 751 fa·

145 778 307 827 cultate
338 795 393 826 ea
422 778 631 841 coniugia
664 779 909 844 apostolica
942 780 1203 828 auctoritate
1236 778 1450 837 solvisse,
1488 793 1628 844 quum

143 853 295 902 Sixtus
321 853 372 900 V.
400 862 500 901 acta
522 852 622 902 eius
647 853 901 918 probaverit
922 856 1042 917 (58).
1063 855 1224 902 Verum
1257 864 1302 902 et
1331 853 1445 902 haee
1476 853 1630 902 omnia

143 929 193 977 in
226 928 394 977 incerto
426 938 686 986 versantur;
714 946 819 977 nam
852 939 902 977 ut
932 929 1129 978 vidimus
1163 946 1219 977 ex
1252 929 1489 978 Benedicto
1512 929 1623 976 XIV.

146 1022 236 1054 non
267 1005 527 1054 auctoritate
560 1004 777 1054 ecclesiae
803 1004 1053 1053 infidelium
1087 1005 1296 1069 coniugia
1327 1005 1598 1053 dirimuntur
1613 1042 1625 1063 ,

151 1081 233 1131 sed
266 1082 389 1130 Deus
433 1082 534 1147 ipse
566 1091 658 1140 est,
695 1081 774 1148 qui
808 1082 855 1129 in
889 1081 1086 1130 favorem
1131 1081 1265 1140 fidei,
1314 1080 1401 1131 hoe
1442 1080 1631 1130 indulsit

147 1157 431 1223 privilegium
453 1159 571 1221 (59).

245 1234 391 1283 Tertia
417 1234 619 1300 quaestio
649 1251 738 1283 non
773 1234 956 1300 respicit
987 1235 1271 1284 matrimonia
1293 1235 1340 1282 in
1364 1233 1629 1284 infidelitate

149 1311 260 1359 inita
278 1348 288 1368 ,
317 1310 398 1359 sed
421 1328 474 1358 ea
491 1348 501 1368 ,
529 1327 644 1376 quae
668 1309 845 1359 sublato
879 1310 1197 1375 impedimento
1231 1311 1517 1376 disparitatis
1540 1310 1630 1359 cul·

153 1398 248 1443 tus,
277 1386 486 1434 fidelibus
510 1386 625 1434 inire
650 1403 752 1434 cum
785 1386 1046 1435 infidelibus
1079 1386 1271 1435 ecclesia
1305 1387 1534 1452 permittit.
1562 1387 1632 1434 Si-

149 1462 333 1529 quidem
364 1462 610 1528 apostolica
643 1462 775 1510 sedes
810 1464 1065 1520 consuevit,
1095 1463 1227 1511 iustis
1252 1462 1632 1512 intercedentibus

146 1539 329 1597 causis,
367 1556 503 1605 super
535 1538 853 1604 impedimento
887 1539 1166 1605 disparitatis
1203 1539 1349 1588 cultus
1395 1538 1632 1588 relaxatio-

147 1633 249 1665 nem
283 1616 527 1664 concedere
549 1654 559 1673 ,
600 1632 680 1664 seu
720 1616 976 1680 coniugium
1010 1616 1267 1681 permittere
1301 1616 1416 1664 inter
1452 1615 1631 1663 fidelem

148 1702 192 1740 et
230 1692 457 1740 infidelem
491 1692 611 1757 apud
644 1691 859 1740 barbaras
903 1702 1080 1756 gentes,
1098 1708 1215 1757 quae
1248 1692 1306 1740 ad
1340 1692 1631 1741 christianam

148 1768 408 1832 religionem
442 1779 771 1817 convertuntur.
805 1768 886 1816 Ast
914 1768 1044 1832 longe
1067 1769 1363 1817 difficiliorem
1382 1786 1432 1817 se
1449 1767 1632 1834 praebet

149 1845 196 1891 in
219 1845 306 1893 hoc
332 1845 432 1910 ipso
457 1845 775 1910 impedimento
800 1844 1039 1893 relaxando
1057 1844 1177 1910 apud
1201 1845 1472 1894 christianos
1490 1882 1502 1902 ,
1529 1861 1631 1893 cum

149 1920 314 1986 aliquis
331 1920 426 1969 vult
442 1938 492 1969 se
511 1921 718 1985 coniugio
735 1921 944 1987 copulare
960 1939 1062 1970 cum
1079 1922 1256 1979 iudaea,
1269 1932 1345 1970 aut
1360 1921 1513 1987 aliqua
1529 1937 1631 1969 cum

151 1997 337 2055 iudaeo,
361 2015 443 2046 nec
461 1998 549 2046 nisi
574 1999 619 2045 in
644 1999 702 2046 iis
726 2015 873 2046 rerum
897 1997 1121 2046 adiunctis
1137 2036 1147 2056 ,
1170 2015 1285 2064 quae
1302 1988 1651 2064 quodammodo

149 2073 197 2121 id
221 2075 398 2138 exigere
426 2075 606 2123 omnino
639 2075 900 2132 videantur,
928 2074 1193 2140 dispensare
1217 2074 1344 2123 solet.
1376 2074 1450 2122 Sic
1471 2073 1631 2139 paucis

148 2149 206 2197 ab
250 2150 358 2197 hinc
401 2151 530 2198 annis
565 2151 611 2197 in
647 2150 802 2199 Galliis
844 2150 1155 2215 dispensatum
1198 2150 1430 2209 novimus,
1466 2160 1538 2198 ast
1582 2149 1631 2196 in

150 2226 431 2274 matrimonio
472 2227 559 2273 iam
601 2226 698 2273 iure
740 2226 862 2274 civili
908 2237 1133 2275 contracto
1166 2237 1210 2274 et
1240 2243 1295 2274 ex
1329 2243 1419 2292 quo
1453 2225 1631 2275 soboles

150 2302 238 2349 iam
259 2302 401 2350 fuerat
419 2312 666 2367 procreata.
684 2301 887 2350 Ceterum
905 2302 1094 2351 ecclesia
1111 2302 1168 2350 ab
1185 2302 1258 2351 his
1275 2302 1497 2367 coniugiis
1514 2319 1632 2351 sem-

151 2394 229 2442 per
261 2378 453 2426 maxime
486 2377 732 2426 abhorruit.

239 2496 306 2538 (58)
329 2497 407 2529 Post
424 2496 583 2529 triennale
600 2505 736 2530 examen
752 2497 831 2530 haec
842 2498 979 2531 concilia
994 2506 1014 2531 a
1029 2499 1120 2531 Sixto
1134 2500 1174 2532 V.
1184 2499 1330 2532 correcta
1339 2499 1372 2531 et
1382 2497 1517 2540 probata
1529 2497 1631 2528 suere.

241 2548 308 2590 (59)
330 2549 604 2582 Indissolubilitas
619 2550 818 2583 matrimonii
834 2552 868 2583 in
882 2559 1014 2593 genere,
1029 2551 1176 2594 adeoque
1190 2553 1223 2585 et
1237 2552 1416 2584 infidelium
1433 2550 1546 2582 divino
1561 2548 1631 2581 iure

151 2602 280 2635 constat
302 2611 342 2635 ex
359 2603 520 2635 Decretali
534 2604 695 2636 Bonisacii
709 2606 797 2637 VIII.
814 2612 885 2646 cap.
898 2605 985 2638 unic.
999 2607 1050 2638 De
1066 2607 1155 2639 votis
1168 2607 1203 2638 et
1216 2607 1328 2639 votor.
1346 2606 1380 2637 ln
1392 2605 1495 2636 Sexto
1511 2615 1526 2630 «ι
1536 2602 1633 2640 Quod

153 2653 406 2687 ...matrimonii
437 2655 607 2688 vinculum
629 2656 674 2689 ab
695 2658 768 2698 ipso
788 2656 951 2690 ecclesiae
973 2659 1087 2700 capite
1112 2666 1233 2692 rerum
1253 2659 1408 2691 omnium
1429 2654 1630 2694 conditore,

148 2706 256 2748 ipsum
270 2706 305 2738 in
318 2707 468 2748 paradiso
481 2709 559 2741 etin
573 2710 659 2741 statu
675 2709 878 2742 innocentiae
891 2710 1098 2751 instituente,
1114 2712 1267 2744 unionem
1289 2711 1321 2742 et
1342 2707 1630 2742 indissolubilem-

150 2760 218 2792 tem
231 2760 389 2801 acceperit
403 2762 487 2794 etc.»
496 2763 529 2794 et
537 2771 576 2795 ex
591 2771 683 2795 conc.
697 2762 772 2795 trid.
782 2771 860 2796 sess.
869 2764 983 2797 XXIV.
992 2773 1064 2806 cap.
1074 2766 1122 2798 De
1131 2765 1293 2797 matrim«
1303 2760 1500 2794 Matrimonii
1509 2768 1631 2802 perpe-

152 2813 253 2844 tuum
265 2812 642 2858 indissolubilitemque
655 2824 785 2849 nexum
803 2816 928 2858 primus
943 2819 1026 2850 etc.»
1036 2819 1120 2859 Ergo
1132 2817 1202 2850 sola
1216 2815 1408 2848 auctoritate
1422 2813 1534 2845 divina
1546 2813 1630 2846 solvi

152 2864 267 2904 potest.
280 2866 348 2899 Nisi
364 2866 454 2901 dicas
468 2868 531 2902 hoc
549 2868 583 2901 in
604 2877 680 2902 casu
691 2893 701 2910 ‚
725 2870 830 2911 apost.
846 2869 955 2903 sedem
969 2870 1176 2912 interpretem
1195 2877 1230 2902 se
1244 2868 1379 2910 gessisse
1392 2866 1523 2900 divinae
1537 2865 1628 2907 Iegis.
