1980 3260
406 249 496 280 on.
522 248 552 279 ι.
577 246 674 280 oen.
700 247 797 279 mm
821 244 989 278 rorsssr.
1020 244 1186 277 seems.
1211 245 1303 277 Aur.
1327 245 1387 277 111.
1574 233 1632 278 27

163 328 257 376 foro
279 339 460 377 externo
483 325 664 391 aliquod
688 324 943 386 coniugium
982 332 1206 386 tamquam
1242 323 1518 386 illegitimum
1552 324 1633 372 ha-

161 404 318 453 beatur
343 421 396 451 ac
425 403 620 456 irritum,
653 417 753 447 cum
783 409 930 446 tamen
963 398 1007 444 in
1044 398 1259 446 ecclesiae
1292 400 1385 450 foro
1408 417 1462 447 ea
1485 401 1634 448 omnia

162 490 427 528 concurrant
447 515 458 534 ,
505 486 620 541 q'uae
652 475 709 523 ad
744 474 941 523 validum
983 492 1036 523 ac
1074 474 1320 538 legitimum
1363 477 1631 541 connubium

163 552 519 604 constituendum
554 551 840 616 requiruntur
872 567 925 598 ac
958 550 1200 598 sufficiunt.
1235 551 1328 598 Iam
1361 553 1535 599 veroin
1560 553 1633 600 his

164 647 310 680 rerum
335 629 558 676 adiunctis
594 628 641 674 in
675 627 839 692 quibus
865 627 1012 690 agitur
1046 627 1102 674 de
1134 627 1366 676 honestate
1400 628 1469 676 vel
1504 628 1634 677 inho*

163 715 333 756 aestate
366 721 560 760 morum,
593 703 748 767 ecquis
773 703 861 750 nisi
890 703 1079 750 ecclesia
1103 704 1263 767 poterit
1285 722 1465 753 causam
1490 705 1633 770 inspi-

162 790 284 838 cere,
313 781 667 843 sententiamque
701 779 919 843 proferre,
947 787 1095 828 utrum
1118 780 1344 827 vinculum
1369 781 1528 829 existat
1550 798 1632 829 nec

162 875 244 914 ne,
287 857 486 921 adeoque
517 856 638 903 licita
671 855 740 903 vel
777 855 931 902 illicita
955 855 1015 902 sit
1038 872 1325 920 personarum
1345 894 1355 913 ‚
1383 857 1439 903 de
1469 858 1634 922 quibus

163 933 330 996 agitur,
359 930 651 995 congressio?

257 1007 351 1071 Age
377 1024 480 1055 vero
504 1045 513 1063 ,
545 1007 585 1055 si
614 1006 868 1069 coniugium
903 1018 1034 1071 prout
1067 1019 1392 1055 sacramentum
1421 1019 1509 1065 est,
1547 1009 1632 1056 soli

166 1084 382 1132 ecclesiae
401 1101 427 1131 a
445 1083 622 1131 Christo
656 1083 955 1131 concreditum
987 1094 1076 1140 est,
1120 1084 1205 1132 hoc
1234 1085 1335 1149 ipso
1367 1095 1541 1132 constat
1564 1103 1636 1133 so-

167 1160 256 1208 lam
279 1160 511 1208 ecclesiam
536 1161 605 1208 ius
628 1159 791 1207 habere
814 1160 860 1206 in
885 1160 1080 1223 coniugii
1112 1161 1346 1208 christiani
1375 1161 1604 1209 vinculum
1619 1200 1629 1218 ,

165 1236 285 1301 quod
309 1237 351 1284 ei
375 1237 579 1284 intimum
603 1246 671 1284 est
697 1253 750 1284 ac
779 1236 996 1294 inhaeret,
1034 1240 1255 1302 quatenus
1280 1254 1333 1283 ex
1358 1248 1633 1285 sacramento

165 1314 352 1376 exurgit.
398 1314 627 1377 Principes
672 1313 840 1361 idcirco
880 1313 1046 1360 nullam
1087 1323 1276 1378 possunt
1310 1313 1396 1361 sibi
1438 1314 1484 1359 in
1525 1313 1633 1360 illud

102 1422 112 1432 .
162 1388 466 1436 auctoritatem
499 1388 727 1436 vindicare
742 1426 752 1444 ,
791 1388 990 1453 alioquin
1023 1389 1289 1452 attingerent
1311 1399 1635 1436 sacramentum

161 1464 309 1528 ipsum
327 1502 338 1520 ,
374 1481 556 1529 remque
590 1481 772 1529 prorsus
807 1464 1085 1529 spiritualem
1110 1475 1242 1530 atque
1266 1465 1508 1522 internam,
1538 1465 1633 1512 sive

157 1541 476 1588 conscientiae.

258 1617 313 1683 At
343 1617 485 1681 magis
509 1618 642 1665 etiam
671 1618 837 1665 directe
870 1617 1148 1665 ostendimus
1168 1655 1178 1673 ‚
1218 1617 1498 1682 principibus
1527 1617 1636 1666 civi-

164 1693 282 1741 libus
318 1692 440 1742 nullo
473 1694 604 1742 modo
650 1693 768 1741 hanc
807 1694 854 1740 in
894 1693 1118 1742 vinculum
1159 1693 1357 1757 coniugii
1402 1693 1636 1741 christiani

166 1779 422 1834 potestatem
451 1769 687 1817 convenire
718 1786 867 1833 posse.
903 1770 1100 1817 Profecto
1130 1771 1169 1817 si
1204 1770 1323 1834 quod
1360 1769 1449 1833 ipsi
1483 1769 1555 1815 ius
1589 1769 1635 1815 in

163 1844 388 1892 vinculum
408 1844 644 1901 haberent,
665 1844 890 1892 vinculum
914 1845 1063 1908 ipsum
1086 1845 1357 1892 matrimonii
1376 1862 1464 1892 non
1480 1855 1635 1909 quate-

163 1937 247 1967 nus
279 1937 333 1967 ex
361 1930 638 1968 sacramento
669 1931 766 1977 est,
806 1921 886 1968 sed
917 1931 1137 1985 quatenus
1172 1938 1225 1968 ex
1254 1938 1375 1968 mero
1408 1929 1635 1968 contractu

162 1995 257 2044 sive
280 1995 472 2044 naturali
497 1996 592 2045 sive
616 1996 737 2044 civili
760 1996 961 2060 profluit,
991 1997 1275 2061 respicerent.
1298 1997 1354 2044 At
1369 2013 1473 2044 vero
1499 1997 1564 2044 uti
1589 1997 1633 2042 in

162 2071 456 2137 praecedente
482 2072 596 2121 libro
625 2073 872 2128 evicimus,
906 2073 951 2119 in
986 2073 1192 2136 coniugio
1220 2073 1487 2130 christiano,
1521 2073 1637 2120 eius-

160 2149 281 2197 modi
320 2149 454 2197 realis
492 2149 722 2198 distinctio
767 2150 940 2197 admitti
976 2150 1100 2198 nullo
1141 2160 1268 2214 pacto
1308 2160 1487 2214 potest,
1531 2167 1632 2197 cum

160 2241 250 2272 una
273 2224 518 2290 eademque
551 2243 623 2273 res
651 2226 710 2274 sit
743 2236 991 2274 contractus
1016 2236 1060 2274 et
1082 2236 1435 2282 sacramentum3
1467 2243 1571 2290 ergo
1595 2227 1632 2274 si

162 2302 338 2366 ipsiius
356 2301 526 2349 nullum
550 2302 715 2350 habent
733 2302 780 2349 in
803 2303 1132 2351 matrimonium
1157 2314 1286 2368 prout
1310 2314 1634 2351 sacramentum

162 2387 258 2436 est,
282 2395 379 2426 >nec
411 2378 551 2425 ullum
586 2378 752 2426 habent
784 2380 830 2426 in
864 2380 982 2428 idem
1016 2391 1148 2445 prout
1181 2392 1250 2429 est
1283 2391 1550 2429 contractus.

256 2455 484 2504 Praeterea
510 2495 520 2512 ,
558 2456 627 2503 vel
663 2456 747 2504 hoc
786 2457 856 2504 ius
890 2458 1004 2522 ipsis
1043 2458 1238 2506 adscribi
1279 2458 1458 2506 deberet
1502 2468 1631 2522 prout

161 2531 386 2596 principes
417 2542 551 2589 sunt,
594 2532 804 2581 nimirum
844 2533 1012 2582 ratione
1053 2534 1329 2599 principatus
1367 2550 1418 2581 ac
1459 2532 1631 2597 imperii

160 2623 250 2670 quo
284 2606 515 2665 fruuntur,
541 2608 612 2656 vel
636 2619 765 2674 prout
786 2619 890 2657 sunt
911 2610 1138 2675 principes
1173 2609 1430 2665 christiani,
1464 2608 1635 2656 scilicet

162 2682 333 2731 ratione
364 2683 633 2732 christianae
665 2684 973 2749 professionis.
1004 2685 1060 2733 At
1088 2696 1293 2733 neutrum
1323 2685 1537 2732 affirmari
1563 2700 1638 2748 po-

161 2769 260 2807 test.
292 2760 338 2807 Si
373 2760 493 2807 enim
530 2761 632 2810 ideo
664 2761 735 2808 ius
765 2761 931 2809 habent
959 2761 1067 2827 quia
1103 2772 1206 2809 sunt
1240 2761 1496 2826 principes,
1533 2769 1635 2806 tunc

159 2834 247 2899 ipsi
276 2836 409 2885 etiam
434 2837 658 2903 principes
684 2837 887 2886 infideles
915 2848 1098 2902 possent
1121 2848 1197 2887 aut
1219 2837 1434 2903 impedire
1451 2847 1527 2884 aut
1545 2835 1633 2882 dis-
