1980 3260
380 211 438 256 80
684 220 763 251 un.
793 219 839 250 11.
868 217 982 249 sacr.
1012 218 1041 248 1.
1071 216 1123 247 nn
1148 215 1314 247 rornsr.
1345 215 1512 249 scetes.

374 319 480 365 pum
506 297 784 345 consensione.
808 295 1035 359 Siquidem
1062 303 1286 356 receptum
1310 302 1378 339 est
1393 330 1403 348 ,
1431 303 1479 339 ut
1502 310 1602 340 cum
1626 294 1728 357 quis
1754 294 1840 342 sor-

380 376 541 422 mulam
560 373 613 419 ad
635 372 766 418 finem
786 371 978 435 aliquem
998 369 1203 416 idoneam
1222 368 1453 425 invenerit,
1478 368 1598 415 illico
1617 386 1644 415 a
1660 371 1840 436 scripto-

380 466 475 496 rum
502 448 632 511 vulgo
656 466 708 495 ea
731 447 983 512 arripiatur,
1001 456 1044 492 et
1062 445 1169 509 quin
1195 444 1292 491 eius
1315 443 1510 491 valorem
1530 446 1844 509 perpenderint

379 536 509 590 atque
532 523 588 571 ad
612 524 818 571 trutinam
841 522 1161 578 revocaverint,
1185 520 1294 568 alter
1323 520 1379 568 ab
1403 520 1540 568 altero
1561 538 1660 568 eam
1682 524 1844 571 exscri-

379 601 454 647 bat
487 617 538 647 ac
572 609 738 664 repetat
764 598 898 646 veluti
934 597 1109 644 axioma
1137 597 1467 644 inconcussum.
1773 596 1775 598 ’

477 674 611 737 Igitur
642 674 897 738 pervulgata
934 672 1151 720 eiusmodi
1186 672 1372 719 formula
1406 689 1493 719 non
1528 683 1597 720 est
1628 672 1717 720 nisi
1752 673 1844 738 pal·

380 750 487 796 lium
505 749 561 796 ad
578 749 807 812 tegendam
830 748 1058 795 honestius
1081 747 1398 812 turpitudinem
1423 747 1603 795 alterius
1628 748 1844 797 formulae

381 834 526 890 quam'
548 826 717 890 primus
752 825 940 872 adscivit
971 823 1210 881 Launoius‚
1249 824 1355 870 dum
1389 834 1649 888 potestatem
1673 825 1730 872 de
1753 842 1843 890 qua

381 901 603 965 loquimur
625 900 797 948 vocavit
820 899 1116 947 audacissime
1133 900 1331 947 ecclesiae
1353 901 1675 963 usurpationem
1691 901 1839 962 (101).

383 977 492 1024 Cum
525 995 628 1025 vero
657 977 841 1023 nimium
866 978 911 1022 in
935 994 1011 1024 ore
1045 976 1251 1023 catholici
1286 975 1515 1039 scriptoris
1552 977 1847 1040 usurpationis

383 1070 466 1101 vox
501 1070 631 1100 aures
672 1052 964 1117 percelleret,
1004 1051 1220 1098 mitiorem
1258 1050 1490 1098 formulam
1524 1050 1849 1099 substituerunt

386 1130 508 1175 taciti
537 1129 604 1175 vel
637 1130 831 1192 eoepressi
855 1129 1105 1192 principum
1138 1144 1378 1174 consensus.
1408 1127 1564 1172 Verum
1594 1143 1666 1174 res
1692 1127 1847 1174 eodem

385 1203 565 1260 recidit,
595 1222 739 1269 neque
766 1203 913 1251 minus
941 1203 1157 1250 iniuriosa
1181 1202 1396 1249 ecclesiae
1419 1211 1511 1259 est,
1533 1218 1670 1266 quam
1687 1200 1842 1250 altera.

387 1279 515 1335 Quod
540 1290 589 1326 ut
617 1280 870 1327 evincamus
898 1279 1006 1326 satis
1035 1287 1103 1325 est
1127 1277 1325 1324 intimius
1354 1277 1486 1324 istius
1517 1276 1732 1325 formulae
1758 1277 1848 1326 vir-

386 1364 519 1402 tutem
551 1355 699 1402 rimari
727 1373 779 1402 ex
807 1354 1160 1402 adversariorum
1187 1363 1346 1401 mente.

482 1431 590 1477 Nam
613 1448 713 1477 cum
737 1430 1041 1487 intellexerint,
1069 1447 1119 1478 se
1141 1430 1263 1478 nulla
1295 1447 1477 1494 prorsus
1513 1430 1683 1478 ratione
1716 1447 1849 1496 posse

389 1524 530 1571 neque
556 1524 608 1553 ex
634 1506 874 1570 diplomate
907 1505 1079 1570 aliquo,
1117 1523 1204 1553 non
1239 1506 1384 1553 dicam
1418 1505 1641 1563 omnium,
1682 1505 1762 1553 sed
1794 1523 1850 1553 ne

388 1582 520 1631 unius
560 1581 740 1647 quidem
776 1582 1034 1646 imperantis
1074 1598 1154 1628 seu
1183 1582 1399 1647 principis
1417 1620 1427 1639 ,
1467 1599 1612 1647 neque
1651 1599 1705 1629 ex
1738 1582 1850 1629 actis

389 1669 465 1705 aut
492 1676 600 1706 rom.
624 1658 879 1722 pontificum
900 1668 976 1705 aut
993 1658 1302 1715 conciliorum,
1331 1659 1426 1706 sive
1455 1658 1683 1706 historicis
1715 1658 1853 1706 docu-

388 1734 547 1782 mentis
577 1734 823 1791 ostendere,
854 1734 1081 1799 principes
1115 1734 1231 1782 hanc
1264 1734 1514 1782 cessionem
1543 1733 1760 1781 ecclesiae
1787 1733 1852 1781 fe-

390 1811 505 1858 cisse
529 1828 635 1858 suae
659 1810 889 1876 potestatis
914 1811 959 1857 in
983 1811 1276 1858 matrimoniis
1300 1810 1586 1868 dirimendis,
1615 1820 1692 1858 aut
1714 1810 1849 1858 etiam

391 1887 587 1934 eiusdem
611 1888 828 1944 exercitii,
857 1888 961 1935 hinc
990 1905 1038 1935 se
1067 1898 1326 1952 receperunt
1343 1888 1399 1934 ad
1417 1885 1730 1935 disiunctivam
1754 1904 1853 1935 con-

393 1980 552 2011 sensus
580 1966 667 2010 sive
696 1964 923 2028 expressi,
955 1966 1044 2011 sive
1068 1964 1205 2012 taciti.
1238 1963 1318 2011 Ast
1340 1980 1438 2011 cum
1464 1974 1634 2011 certum
1658 1963 1717 2010 sit
1738 1963 1855 2028 prin-

394 2040 515 2104 cipes
545 2039 663 2087 illam
698 2041 944 2089 cessionem
978 2058 1065 2088 non
1100 2040 1261 2088 fecisse
1294 2040 1585 2088 consensione
1625 2056 1849 2103 expressa,

395 2114 613 2179 reliquum
647 2127 714 2163 est
744 2127 793 2163 ut
824 2117 869 2163 in
903 2117 1087 2164 istorum
1118 2117 1357 2182 hypothesi
1382 2115 1617 2164 consensio
1642 2115 1774 2162 fuerit
1796 2124 1856 2162 ta—

396 2192 497 2237 cita.
529 2191 644 2246 Quid
669 2209 797 2256 porro
830 2193 1034 2258 importat
1066 2211 1145 2240 seu
1180 2193 1402 2256 significat
1429 2194 1561 2240 tacita
1587 2189 1856 2240 consensio?

397 2266 517 2313 Nihil
545 2266 688 2324 aliud,
716 2285 848 2332 quam
873 2269 1092 2316 silentium
1125 2269 1246 2317 illius
1270 2269 1347 2334 qui
1378 2269 1501 2334 loqui
1528 2277 1681 2333 posset
1702 2284 1755 2315 ac
1778 2266 1857 2314 de-

395 2342 543 2399 beret,
575 2342 614 2390 si
649 2343 756 2407 quid
789 2344 885 2407 ipse
920 2345 1053 2391 nollet
1086 2345 1206 2402 fieri,
1246 2345 1366 2410 quod
1400 2344 1457 2392 ab
1485 2343 1637 2408 aliquo
1665 2342 1731 2389 fit.
1758 2342 1857 2389 Duo

396 2419 530 2481 igitur
561 2436 803 2466 consensus
835 2419 909 2466 ille
944 2420 1101 2468 tacitus
1136 2421 1332 2485 flagitat,
1366 2437 1524 2486 nempe
1555 2419 1856 2467 auctoritatem

399 2495 443 2541 in
478 2512 530 2542 eo
564 2495 640 2559 qui
677 2495 798 2552 silet,
833 2506 876 2543 et
910 2495 1088 2544 alterius
1117 2497 1330 2546 actionem
1346 2536 1356 2554 ‚
1388 2514 1504 2562 quae
1533 2495 1630 2542 fieri
1662 2494 1858 2558 legitime

397 2587 484 2618 non
518 2581 669 2636 posset
707 2572 803 2619 sine
835 2572 956 2619 illius
990 2574 1245 2622 auctoritate
1282 2575 1430 2638 (102).
1463 2573 1529 2618 Ex
1557 2589 1647 2637 qua
1679 2570 1856 2618 notione

399 2657 542 2712 patet,
570 2665 646 2696 eos
671 2648 747 2714 qui
770 2659 928 2712 urgent
950 2650 1284 2698 consensionem
1308 2649 1485 2698 tacitam
1509 2657 1732 2711 tamquam
1755 2662 1858 2710 pro·

496 2771 582 2812 (1⁰1)
604 2773 640 2804 ln
654 2780 707 2813 op.
720 2772 775 2804 cit.
787 2774 837 2804 De
849 2773 945 2813 reqia
953 2774 1074 2806 eccos.
1087 2774 1268 2807 Deodatum
1283 2773 1400 2815 op.cit.
1408 2771 1571 2813 Defensio
1582 2771 1727 2811 etecap.
1737 2766 1857 2809 v.§.1.

494 2824 579 2864 (¹02)
598 2824 648 2856 Cf.
665 2824 844 2858 Deodatum
862 2824 1021 2866 Defensio
1035 2826 1177 2860 trident.
1190 2835 1313 2861 canon.
1327 2823 1493 2866 Hierapoli
1511 2826 1602 2857 1786.
1617 2830 1691 2864 cap.
1701 2823 1742 2855 V.
1753 2819 1784 2862 §-
1799 2820 1855 2852 lv.
