1980 3260
248 284 338 318 CAP.
361 285 406 318 11.
429 286 480 318 DE
499 286 638 318 POTES.
654 285 789 318 PnlNc.
809 287 890 318 rm.
907 286 988 319 cm.
1008 287 1133 319 MATR.
1150 286 1310 319 eumer.
1328 287 1422 319 Aur.
1442 286 1504 319 111.
1547 273 1636 318 405

172 364 386 411 mentium
415 364 595 428 nuptias
618 364 754 412 hasce
777 363 924 427 legum
948 364 1223 422 auctoritate,
1254 364 1420 413 iustum
1443 381 1544 412 cum
1568 365 1642 412 Iu·

172 439 270 486 dith
294 437 623 488 matrimonium
650 440 831 488 ineundi
851 450 1112 505 potestatem
1130 440 1344 488 Balduino
1363 441 1466 489 fecit
1485 442 1635 504 (104).

171 514 446 580 Prolatisque
464 516 509 562 in
527 516 721 564 medium
752 527 843 564 tum
863 516 1029 564 Nicolai
1054 517 1088 562 1.
1114 517 1170 563 ad
1200 517 1404 565 Carolum
1428 516 1636 581 epistola,

170 600 263 637 tum
287 607 504 654 responso
538 590 596 638 ab
630 591 870 639 Hincmaro
910 592 1027 655 regis
1061 592 1239 640 nomine
1272 593 1376 640 dato
1402 594 1553 656 (105),
1580 593 1642 640 ita

169 666 453 730 prosequitur
485 667 698 714 Nostius:
742 684 795 714 ex
830 684 919 732 quo
955 667 1064 715 satis
1106 667 1283 716 abunde
1317 679 1514 726 constat,
1553 686 1643 717 non

167 740 311 788 solum
341 741 595 805 pontificem
624 742 790 805 regiam
820 743 867 789 in
896 743 1181 791 concedenda
1209 744 1332 791 vetiti
1366 744 1638 792 matrimonii

165 816 297 864 venia
331 827 591 881 potestatem
626 818 891 881 agnovisse,
931 818 1011 865 sed
1045 829 1167 866 tanto
1196 818 1465 882 gallicanum
1495 837 1642 883 regem

166 892 383 941 habuisse
417 893 464 939 in
498 893 638 958 pretio
656 931 666 951 ‚
704 904 753 941 ut
792 911 890 941 eam
924 911 1058 959 quam
1092 912 1168 942 rex
1200 895 1298 960 ipse
1328 896 1638 959 denegaverat,

165 968 343 1018 veniam
361 1007 371 1026 ,
409 987 652 1035 numquam
687 980 732 1018 et
759 970 926 1035 optimo
959 970 1142 1035 quidem
1177 971 1271 1019 iure
1306 971 1521 1036 impertiri
1555 971 1643 1019 vel-

168 1044 227 1093 let
252 1046 402 1108 (106).

264 1120 348 1168 Hic
378 1121 590 1169 sistamus
603 1157 614 1178 ‚
642 1132 776 1187 atque
794 1122 977 1169 Launoii
993 1121 1182 1187 eiusque
1198 1122 1485 1187 exscriptoris
1503 1122 1642 1170 Nestii

169 1196 426 1260 detegamus
462 1214 633 1246 errores
663 1214 716 1245 ac
748 1197 943 1245 fraudes.
967 1199 1012 1244 1.
1036 1197 1213 1246 Falsum
1248 1207 1316 1245 est
1351 1197 1643 1245 Flodoardum

169 1272 341 1338 aliquid
365 1273 620 1332 insinuare,
650 1291 739 1339 quo
763 1283 958 1338 potestas
983 1272 1223 1321 dirimendi
1242 1274 1287 1320 in
1307 1273 1401 1321 foro
1419 1274 1644 1322 conscien-

167 1348 254 1401 tiae
277 1348 594 1413 impedimenta
627 1349 808 1413 regibus
842 1349 1075 1396 tribuatur.
1098 1349 1219 1395 Nihil
1248 1349 1467 1397 eiusmodi
1491 1367 1641 1397 occur·-

168 1425 225 1472 rit
248 1426 295 1472 in
321 1425 407 1473 hoc
432 1426 661 1490 scriptore.
693 1428 737 1472 2.
761 1426 941 1473 Falsum
965 1436 1034 1473 est
1056 1425 1292 1489 episcopos
1329 1425 1641 1490 spiritualibus

168 1502 324 1567 poenis
355 1502 703 1550 communivisse
736 1502 821 1549 hac
855 1502 899 1548 in
936 1519 982 1548 re
1017 1500 1172 1548 civiles
1196 1501 1338 1565 leges,
1366 1512 1416 1548 ut
1443 1501 1505 1549 ait
1531 1502 1645 1549 Lau-

170 1578 302 1627 noius
320 1616 331 1635 ,
370 1578 451 1627 sed
485 1578 732 1626 executioni
766 1577 1035 1625 mandarunt
1069 1577 1246 1625 decreta
1277 1578 1331 1624 X.
1361 1588 1403 1625 et
1432 1577 1510 1625 xl.
1539 1577 1645 1625 Gre-

170 1655 282 1718 gorii
308 1656 365 1702 11.
389 1655 435 1701 in
461 1655 637 1720 synodo
665 1672 847 1703 romana
869 1672 968 1720 cap.
989 1655 1044 1700 Si
1066 1655 1163 1718 quis
1185 1655 1399 1719 virqinem
1423 1655 1499 1702 36.
1523 1671 1568 1720 q.
1593 1655 1638 1701 2.

268 1778 356 1819 (104)
377 1780 439 1820 Op.
456 1778 513 1810 cit.
531 1787 603 1819 cap.
618 1777 706 1810 xm.
722 1786 794 1819 pag.
817 1779 871 1810 164
889 1786 981 1818 seqq.

260 1832 350 1872 (105)
372 1832 433 1863 Hic
455 1833 547 1864 tenor
569 1833 618 1863 est
635 1830 729 1871 epist.
746 1830 870 1862 Nicolai
884 1832 911 1862 Ι.
926 1830 1163 1871 «Balduinum,
1189 1831 1247 1871 qui
1271 1832 1380 1863 natam
1410 1831 1549 1863 vestram
1578 1829 1640 1862 sibl

168 1884 256 1917 furto
282 1885 396 1916 contra
421 1883 470 1916 fas
494 1882 653 1924 sociavit,
682 1891 779 1924 quem
803 1882 876 1915 ideo
900 1882 1073 1915 venerandi
1100 1883 1264 1924 praesules
1290 1882 1459 1915 ecclesiam
1488 1883 1522 1915 in
1548 1890 1646 1923 regno

168 1938 275 1969 vestro
296 1936 510 1978 gubernantes
536 1935 677 1968 vinculis
701 1935 914 1968 anathematis
932 1935 1137 1976 obligarunt,
1156 1935 1197 1967 ad
1220 1935 1333 1967 limina
1357 1935 1577 1977 apostolorum
1593 1943 1644 1968 ac·

166 1989 316 2029 cessisse,
345 1990 378 2022 et
403 1990 441 2021 ut
468 1998 487 2021 a
512 1987 652 2021 vinculis
679 1989 876 2029 solveretur,
898 1989 996 2030 atque
1016 1997 1071 2029 per
1092 1997 1151 2020 nos
1170 1988 1306 2029 gratiam
1332 1988 1509 2029 inveniret,
1535 1987 1644 2021 sedem

164 2043 286 2076 adiisse
299 2042 520 2084 apostolicam.
533 2043 600 2074 Nos
612 2043 721 2074 autem
736 2050 799 2073 non
816 2042 921 2074 solum
937 2050 1010 2074 eum
1024 2050 1044 2073 a
1057 2041 1196 2073 vinculis
1217 2041 1349 2073 minime
1363 2040 1577 2081 absolvimus,
1587 2041 1646 2072 aut

170 2096 204 2128 in
223 2095 450 2128 communione
471 2097 582 2128 nostra
605 2095 783 2136 recepimus
793 2119 803 2135 ,
819 2094 875 2127 sed
892 2095 1019 2136 penitus
1033 2103 1104 2126 eam
1117 2095 1417 2135 praesumptuosam
1431 2094 1646 2126 temeritatem

170 2147 320 2180 detestati
346 2149 642 2180 sumus....verum
665 2148 820 2188 quoniam
845 2147 887 2179 ad
911 2147 1022 2179 divina
1037 2155 1071 2179 se
1085 2144 1246 2187 praesidia
1264 2146 1424 2187 contulit,
1450 2147 1646 2179 amatorum·

167 2208 232 2242 que
259 2202 440 2233 vestrorum
468 2200 555 2232 Petri
583 2208 622 2231 ac
645 2199 737 2231 Pauli
763 2199 984 2240 apostolorum
1012 2198 1196 2240 principum
1223 2198 1352 2231 sibimet
1375 2198 1510 2239 expetiit
1535 2198 1647 2231 afferri

172 2253 354 2295 praesidia,
371 2261 436 2285 non
459 2252 623 2294 potuimus
642 2252 807 2293 omittere,
832 2251 1007 2292 quominus
1030 2253 1067 2284 ut
1092 2252 1232 2284 vestram
1258 2252 1412 2292 qratiam
1426 2252 1644 2293 perciperet,

170 2306 267 2349 apud
287 2305 533 2339 excellentiam
554 2306 707 2337 vestram
728 2305 1006 2337 interveniremus.
1031 2306 1151 2337 Verum
1176 2305 1315 2337 vestram
1341 2304 1374 2336 in
1398 2304 1548 2336 omnibus
1571 2312 1648 2345 prae

166 2360 274 2393 oculis
297 2359 451 2391 babentes
474 2358 701 2399 dilectionem,
723 2366 923 2399 quamquam
943 2358 1104 2398 sciamus,
1127 2358 1160 2390 et
1178 2357 1283 2390 filiam
1306 2359 1465 2398 vestram,
1495 2357 1524 2389 si
1549 2356 1646 2396 libet,

169 2421 264 2454 posse
280 2421 339 2444 vos
353 2412 383 2444 ei
398 2411 544 2452 legaliter
566 2411 599 2442 in
622 2419 756 2443 uxorem
782 2410 964 2451 dimittere,
981 2411 1013 2443 et
1028 2409 1159 2451 pietatis
1174 2408 1300 2453 vestrae
1318 2410 1454 2450 gratiam
1469 2408 1644 2450 impertiri,

171 2467 279 2498 tamen
298 2473 363 2496 non
386 2464 472 2496 iussa
495 2463 642 2496 misimus
656 2487 665 2504 ,
688 2463 744 2495 sed
764 2471 874 2505 preces
896 2462 1135 2496 obtrudimus.»

265 2518 468 2559 Rescriptum
495 2526 590 2558 porro
617 2516 782 2549 Hincmari
808 2516 854 2548 ita
875 2525 910 2549 se
930 2516 1042 2548 habet:
1057 2530 1073 2545 «ι
1086 2516 1267 2548 Balduinus
1282 2516 1314 2548 et
1326 2515 1434 2547 Iudith
1452 2514 1521 2546 iura
1539 2514 1647 2554 legum

169 2571 382 2611 secularium,
410 2579 495 2612 quae
520 2571 703 2611 elegerunt,
730 2569 864 2611 exsequi
890 2569 1098 2602 studuerunt.
1124 2569 1284 2602 Dominus
1313 2567 1399 2600 enim
1431 2567 1540 2599 noster
1569 2575 1645 2606 rex,

155 2624 261 2656 ‘iilius
285 2625 390 2657 vester
408 2623 486 2656 huic
510 2622 751 2664 desponsationi
771 2623 804 2655 et
824 2622 1043 2655 coniunctioni
1067 2623 1220 2655 interesse
1241 2631 1306 2653 non
1327 2620 1447 2661 v01u1t5
1464 2618 1522 2651 sed
1541 2619 1649 2651 missis

173 2676 321 2717 publicae
335 2676 380 2708 rei
396 2675 575 2716 ministris,
602 2676 687 2707 sicut
710 2675 880 2716 promisit,
903 2674 1081 2708 secundum
1099 2675 1184 2715 leges
1202 2683 1256 2706 eos
1280 2673 1394 2705 uxoria
1421 2671 1649 2704 coniunctione

167 2728 210 2761 ad
232 2728 370 2761 invicem
398 2729 545 2770 copulari
573 2728 736 2770 permisit,
764 2729 797 2760 et
824 2728 961 2761 honores
983 2728 1143 2761 Balduino
1165 2736 1224 2767 pro
1247 2728 1352 2759 vestra
1373 2724 1577 2757 solummodo
1596 2732 1648 2765 pe·

179 2782 299 2814 titione
320 2782 490 2815 donavit.»

260 2835 347 2875 (106)
368 2837 455 2868 Haec
475 2836 619 2876 Nostius,
645 2836 700 2876 qui
730 2844 768 2869 ea
793 2835 970 2877 depromsit
991 2844 1029 2867 ex
1054 2833 1198 2868 Launoio
1224 2834 1272 2864 De
1300 2832 1395 2873 reqta
1408 2833 1472 2864 etc.
1492 2832 1572 2873 part.
1591 2832 1632 2863 u.

173 2898 247 2930 (ap.
271 2889 325 2920 lv.
