1980 3260
272 236 363 270 cu».
377 237 436 270 vr.
451 238 503 270 nr.
521 238 646 272 nnn.
662 238 839 271 1111111111.
855 238 939 271 mr.
959 237 1006 270 sn
1022 236 1103 270 vm
1120 236 1203 270 cun
1217 236 1339 270 cun.
1358 237 1451 269 Aur.
1467 236 1509 268 v.
1579 220 1667 267 281

204 315 496 379 appellandus
513 354 523 373 ,
561 316 639 381 qui
673 315 827 365 relicto
858 332 941 364 suo
975 314 1222 372 domicilio,
1262 314 1413 363 sedem
1437 314 1484 360 in
1514 314 1674 361 exteris

206 391 332 439 terris
367 392 579 457 inquirit,
619 403 667 440 ut
699 410 753 440 ex
787 392 884 440 iure
923 390 1287 456 deprehenditur.
1331 410 1354 436 «
1382 391 1492 438 Puto
1526 399 1673 438 autem

203 477 246 516 et
278 468 363 515 hoc
395 469 634 533 procedere
666 486 822 534 posse,
851 469 891 517 si
915 468 1046 533 quis,
1079 467 1305 515 domicilio
1339 467 1521 524 relicto,
1550 466 1675 514 navi-

202 555 298 608 gat,
335 545 418 593 iter
451 544 618 594 faciens
647 556 852 610 quaerat,
880 562 969 610 quo
993 562 1043 593 se
1066 544 1262 592 conserat
1278 582 1288 600 ,
1317 554 1450 608 atque
1472 543 1548 590 ubi
1573 559 1675 591 con·

202 620 356 677 sistat;
398 637 503 667 nam
538 620 661 668 hunc
699 631 808 685 puto
840 621 938 668 sine
965 619 1190 668 domicilio
1223 637 1324 667 esse
1350 620 1532 682 (180).»
1546 619 1676 666 Pere-

199 697 352 760 qrinus
384 706 533 743 autem
566 697 607 743 is
641 707 949 762 nuncupatur,
978 697 1056 761 qui
1086 713 1139 744 ex
1166 695 1391 744 voluntate
1424 695 1508 743 iter
1539 694 1671 752 facit,

198 779 262 818 ut.
279 770 337 818 ad
369 770 607 835 pristinum
640 771 917 819 domicilium
952 782 1106 819 exacta
1139 771 1494 835 peregrinatione
1532 787 1677 819 rever-

198 854 317 893 tatur
338 847 520 908 (181).»
541 847 759 910 Vagorum
787 863 918 912 porro
947 847 1172 911 parochus
1206 847 1247 894 is
1281 846 1444 894 dicitur
1471 847 1518 893 in
1547 846 1676 894 cuius

198 920 370 970 ditione
402 921 468 968 illi
501 931 737 970 versantur
758 923 907 984 (182);
930 922 1050 987 quod
1074 922 1240 986 pariter
1261 921 1552 969 asserendum
1581 931 1672 978 est,

197 996 302 1045 licet
335 997 447 1045 alter
479 997 624 1045 solum
658 1014 712 1045 ex
746 996 836 1045 illis
855 1035 865 1054 ‚
893 998 971 1062 qui
996 997 1252 1061 coniugium
1287 1007 1477 1062 petunt,
1513 1013 1677 1060 vagan-

197 1073 312 1122 tium
339 1091 525 1122 numero
552 1074 848 1122 adscribatur.
878 1073 1104 1121 Parochus
1122 1090 1226 1121 vero
1243 1073 1576 1139 peregrinorum
1601 1072 1677 1121 ille

199 1149 435 1198 habendus
469 1160 538 1198 est
569 1150 616 1197 in
657 1149 786 1197 cuius
830 1149 999 1198 ditione
1038 1160 1107 1198 est
1141 1149 1340 1214 ipsorum
1380 1148 1672 1197 domicilium.

199 1225 311 1274 Cum
343 1237 518 1284 autem,
549 1236 599 1274 ut
631 1226 886 1284 innuimus,
919 1225 1140 1291 peregrini
1171 1236 1216 1273 et
1241 1226 1343 1290 vagi
1368 1226 1540 1291 passim
1564 1225 1678 1274 inter

198 1319 249 1352 se
281 1303 635 1360 confundantur,
672 1313 717 1350 et
750 1303 936 1351 istorum
977 1302 1159 1367 quidem
1195 1302 1394 1350 validum
1429 1303 1489 1350 sit
1521 1303 1678 1351 coniu-

197 1379 321 1443 gium
348 1379 615 1427 celebratum
645 1397 794 1428 coram
823 1379 1016 1444 parocho
1040 1379 1153 1437 loci,
1180 1379 1258 1427 ubi
1284 1379 1553 1437 subsistunt,
1578 1397 1677 1428 con-

198 1465 267 1504 tra
292 1473 398 1504 vero
422 1455 601 1504 illorum
625 1456 870 1504 invalidum
894 1466 977 1513 est,
1006 1473 1107 1503 cum
1137 1455 1250 1503 inire
1278 1456 1456 1521 nuptias
1486 1455 1678 1504 debeant

197 1549 347 1581 coram
380 1532 576 1599 parocho
615 1532 701 1580 loci
737 1533 783 1579 in
818 1550 907 1598 quo
943 1533 1132 1580 retinent
1169 1532 1473 1589 domicilium,
1518 1532 1678 1580 exinde

198 1609 401 1673 sequitur
431 1608 594 1657 debere
628 1609 784 1657 sedulo
821 1609 1038 1674 parochos
1080 1609 1355 1657 sanctionem
1390 1608 1566 1656 concilii
1598 1609 1678 1656 tri-

197 1684 368 1733 dentini
395 1686 642 1733 executioni
667 1686 901 1733 mandare:
928 1685 1175 1733 «Parochis
1212 1695 1357 1733 autem
1381 1685 1598 1750 praecipit
1621 1703 1677 1734 ne

198 1760 374 1809 illorum
410 1762 707 1811 matrimoniis
742 1763 976 1820 intersint,
1016 1763 1104 1810 nisi
1149 1763 1275 1827 prius
1315 1762 1573 1826 diligentem
1608 1762 1677 1808 in-

198 1839 485 1904 quisitionem
520 1841 732 1897 fecerint,
772 1850 816 1888 et
848 1857 896 1887 re
928 1840 985 1887 ad
1020 1840 1294 1888 ordinarium
1321 1839 1500 1898 delata,
1534 1839 1590 1888 ab
1624 1856 1677 1887 eo

198 1916 422 1965 licentiam
449 1916 496 1964 id
529 1916 722 1965 faciendi
756 1917 1026 1964 obtinuerint
1049 1918 1231 1979 (183).»

299 1993 424 2050 Quae
468 1994 524 2041 de
565 1994 813 2059 peregrinis
859 1993 1094 2050 diximus,
1144 1993 1221 2058 qui
1267 1993 1523 2057 coniugium
1561 1992 1676 2040 cele-

196 2070 328 2118 brant
360 2071 675 2136 praetermisso
703 2070 900 2135 parocho
931 2070 1096 2135 proprii
1132 2069 1377 2127 domicilii,
1415 2069 1676 2117 confirman-

197 2158 269 2196 tur
301 2165 355 2195 ex
388 2148 565 2196 decreto
606 2165 693 2196 sac.
738 2148 897 2195 concil.
932 2147 1288 2211 congregationis
1311 2185 1321 2205 ,
1363 2147 1437 2195 die
1484 2148 1560 2194 22.
1602 2148 1676 2195 Fe-

196 2223 348 2272 bruar.
389 2225 531 2271 1631.
573 2223 646 2271 his
686 2223 836 2271 verbis
878 2241 1118 2288 expresso:
1154 2224 1327 2271 «Sacra
1365 2233 1449 2271 etc.
1498 2223 1673 2271 censuit

198 2300 392 2350 dandam
415 2317 516 2349 esse
538 2299 883 2353 declarationem
901 2300 948 2347 in
967 2300 1189 2355 abstracto
1207 2301 1253 2352 in
1272 2300 1414 2350 forma
1439 2300 1668 2366 sequenti:

293 2481 380 2522 (180)
401 2483 439 2513 L.
457 2482 544 2513 Eius
566 2480 595 2522 §.
610 2480 729 2514 celsus
750 2479 851 2513 and
870 2481 1129 2523 municipalem.

291 2534 379 2575 (181)
401 2534 452 2567 Cf.
469 2535 564 2575 Greg.
580 2534 791 2575 Rosignolum
805 2536 855 2567 De
863 2536 1016 2567 matrim.
1032 2544 1101 2576 par.
1113 2537 1140 2567 1.
1156 2536 1237 2568 tom.
1256 2536 1283 2567 Ι.
1298 2536 1500 2568 contractus
1520 2537 1567 2566 ¹5.
1580 2540 1670 2574 prae-

197 2589 265 2621 not.
282 2593 332 2621 22.
350 2597 383 2620 n.
403 2590 433 2620 4.
449 2587 582 2620 Mediol.
603 2592 693 2620 1686.
710 2597 783 2629 pag.
796 2590 847 2621 70.

293 2641 380 2682 (182)
402 2641 544 2674 Sanchez
560 2643 606 2673 Dc
621 2643 775 2673 matrim.
794 2640 850 2673 lib.
866 2642 924 2673 111.
938 2640 1020 2683 disp.
1039 2646 1088 2674 25.
1106 2651 1139 2674 n.
1156 2646 1183 2674 1.
1197 2642 1338 2674 Barbosa
1356 2643 1403 2673 De
1416 2639 1510 2679 ojssc.
1525 2640 1559 2670 cc
1576 2639 1671 2679 poce-

195 2695 279 2726 seat.
293 2693 441 2735 parochi
454 2702 523 2735 par.
536 2695 576 2725 ll.
589 2703 618 2725 c.
631 2698 681 2726 21.
693 2702 727 2725 n.
745 2698 794 2726 89.
812 2693 962 2734 Lugduni
982 2698 1072 2727 1658.
1091 2702 1164 2735 pag.
1186 2699 1254 2727 192.
1271 2694 1440 2726 Cabassut.
1450 2692 1483 2723 in
1505 2690 1627 2723 chor.
1639 2692 1674 2722 et

191 2748 317 2789 praxis
339 2748 409 2779 tur.
431 2755 556 2779 canon,
579 2746 637 2778 lib.
659 2747 716 2778 111.
733 2754 762 2779 c.
776 2750 827 2779 26.
840 2755 874 2778 n.
893 2749 941 2779 14.
956 2747 1106 2791 Pithing.
1120 2747 1164 2779 ad
1183 2746 1240 2779 lib.
1260 2748 1315 2779 w.
1331 2745 1465 2779 Deerat.
1480 2743 1531 2775 tit.
1548 2744 1606 2776 111.
1625 2744 1675 2778 De

199 2797 404 2831 clandestin.
422 2798 451 2840 §.
468 2801 526 2831 111.
539 2807 572 2830 n.
593 2803 642 2832 19.

295 2851 382 2892 (183)
403 2853 486 2885 sess.
503 2854 616 2886 XXIV.
635 2854 685 2886 De
701 2852 766 2893 res.
785 2855 938 2886 matrim.
955 2861 1026 2894 cap.
1040 2856 1069 2886 7.
