1980 3260
260 225 353 272 204
577 233 658 267 m.
686 231 733 265 ιι.
762 231 876 265 secr.
905 232 935 263 1.
963 230 1016 262 nn
1041 229 1206 262 rorrsr.
1236 229 1402 263 nectes.

258 322 572 366 sacramentum
591 309 801 357 definitur
828 312 913 373 (6),
941 308 1141 373 adeoque
1164 306 1253 355 tale
1275 308 1409 355 etiam
1432 309 1546 356 inter
1574 312 1728 362 haere-

259 392 369 440 ticos
392 405 492 437 esse
514 386 673 443 debet,
710 385 885 433 etiamsi
920 401 1072 431 eorum
1109 381 1241 448 culpa
1274 383 1496 430 eiusmodi
1530 388 1618 432 non
1639 389 1725 446 sit,

258 465 378 532 quod
401 463 490 549 ipsi
524 462 718 511 invalide
750 460 1030 509 contrahunt.
1055 459 1165 505 Cum
1189 459 1379 523 proinde
1411 459 1469 507 ob
1492 459 1613 523 leges
1636 465 1731 510 ma-

260 540 513 589 trimonium
539 538 761 586 irritantes
781 537 951 584 nullum
980 536 1039 583 sit
1061 535 1182 600 apud
1207 536 1454 584 haereticos
1480 554 1731 587 sacramen-

259 628 380 674 tum,
418 616 503 664 hoc
535 616 635 681 ipso
666 614 818 662 nullus
852 623 921 661 est
954 622 1206 694 contractus
1248 613 1344 660 sive
1388 613 1606 661 naturalis
1638 613 1733 662 sive

260 692 422 741 civilis.

354 769 507 834 Neque
551 779 699 817 tamen
736 767 933 815 indidem
977 768 1180 833 sequitur
1218 768 1368 815 omnia
1408 767 1731 815 haereticorum

260 844 468 908 coniugia
499 843 696 893 invalida
729 860 861 901 esse;
899 843 1061 890 etenim
1096 842 1174 890 illa
1209 843 1352 891 solum
1388 843 1587 892 invalida
1627 853 1733 892 sunt

259 919 486 968 censenda
512 936 566 968 ac
597 920 748 984 reipsa
780 919 906 967 irrita
938 930 1072 976 sunt,
1112 936 1227 984 quae
1266 919 1474 966 ineuntur
1513 937 1615 967 cum
1647 919 1733 967 ali-

260 1012 351 1062 quo
386 995 705 1060 impedimento
747 994 982 1042 dirimente
1005 1033 1015 1052 ‚
1054 1004 1200 1042 cetera
1240 1011 1346 1042 vero
1385 1011 1475 1042 non
1514 995 1635 1043 item.
1678 995 1734 1042 Et

261 1070 411 1136 reipsa
443 1070 631 1118 ecclesia
663 1070 840 1118 illorum
864 1070 1070 1134 coniugia
1103 1072 1354 1117 constanter
1386 1069 1544 1117 habuit
1575 1071 1642 1118 uti
1669 1070 1734 1118 le-

259 1146 430 1211 gitima.
472 1145 856 1195 Calumniarentur
896 1146 1061 1194 idcirco
1103 1145 1337 1193 ecclesiam
1359 1183 1370 1202 ,
1417 1145 1498 1210 qui
1539 1146 1735 1193 affirma-

260 1233 359 1271 rent
395 1239 494 1271 eam
533 1239 615 1271 ceu
655 1223 836 1272 totidem
884 1222 1231 1279 concubinatus,
1278 1239 1358 1269 seu
1398 1221 1734 1271 coniunctiones

260 1299 522 1347 fornicarias
551 1310 752 1365 spectare
769 1300 1089 1348 haereticorum
1105 1299 1327 1362 coniugia.
1351 1299 1491 1347 Immo
1508 1299 1614 1347 Pius
1631 1299 1726 1347 VII.

260 1375 449 1441 positive
482 1376 689 1440 reprobat
722 1375 897 1424 illorum
933 1376 1196 1423 sententiam
1230 1375 1309 1440 qui
1349 1375 1555 1423 effutiunt
1590 1396 1614 1421 «
1640 1393 1734 1424 ma-

260 1451 468 1499 trimonia
502 1451 825 1499 haereticorum
843 1468 991 1500 coram
1015 1451 1216 1499 ministro
1251 1450 1496 1500 acatholico
1525 1452 1638 1500 inita
1659 1469 1734 1534 ge—

261 1528 448 1606 neratim
481 1528 604 1577 nulla
636 1545 738 1576 esse
759 1531 843 1591 (Ἴ).
870 1549 914 1574 »
965 1531 967 1534 ⁴
1634 1571 1636 1573 ,
1679 1568 1681 1571 .

359 1603 481 1652 Haec
509 1604 566 1651 de
599 1604 897 1652 matrimoniis
930 1604 1266 1653 haereticorum
1280 1605 1395 1652 inter
1428 1622 1478 1652 se
1509 1604 1651 1653 relate
1678 1570 1736 1652 ad

263 1679 581 1744 impedimenta
613 1680 660 1727 in
690 1696 867 1744 qenere,
905 1679 1170 1728 brevissimo
1198 1679 1284 1727 hoc
1312 1679 1500 1728 articulo
1533 1679 1737 1728 innuisse

263 1755 482 1804 sufficiat:
528 1766 576 1804 at
611 1755 873 1804 nominatim
907 1756 1028 1822 quod
1073 1757 1230 1804 attinet
1273 1756 1330 1803 ad
1370 1756 1736 1821 impedimentum

265 1830 632 1882 clandestinitatis
663 1851 692 1881 a
708 1850 834 1881 conc.
867 1833 1106 1882 tridentino
1140 1834 1426 1882 constitutum
1458 1850 1547 1881 non
1564 1833 1730 1891 brevis,

266 1925 411 1974 neque
436 1910 616 1958 omnino
643 1910 787 1959 facilis
816 1911 900 1958 erit
922 1910 1186 1977 disceptatio
1207 1949 1219 1969 ,
1250 1927 1385 1976 quam
1419 1909 1641 1958 distinctis
1665 1927 1736 1957 ar-

267 1983 415 2033 ticulis
449 1983 706 2034 solvendam
741 1987 1037 2051 aggredimur.
1350 2007 1365 2010 ·’

839 2129 1117 2168 ARTICULUS
1141 2131 1191 2166 11.

270 2250 508 2292 Nominatim
534 2254 661 2303 quoad
697 2252 1011 2305 impedimentum
1040 2257 1363 2296 clandestinitatis
1380 2284 1393 2307 ,
1433 2257 1604 2306 quaestio
1641 2267 1731 2296 eno-

369 2315 482 2355 datur
505 2317 692 2356 iuridiea:
724 2329 774 2358 an
803 2320 1041 2361 clandestina
1074 2321 1324 2371 Matrimonia
1356 2321 1440 2360 sive
1472 2322 1594 2360 mixta
1610 2350 1623 2373 ,
1651 2322 1734 2361 sive

368 2379 647 2439 haeretieorum
673 2383 752 2421 sint
778 2384 900 2423 irrita.

362 2506 594 2556 Decretum
628 2508 912 2557 tridentinum
951 2512 1140 2560 Tametsi
1158 2516 1300 2575 (sess.
1322 2512 1469 2561 XXIV.
1495 2512 1652 2576 cap.‘1'.
1681 2511 1738 2558 de

268 2583 348 2631 ref.
377 2583 570 2631 matrim.
592 2585 609 2647 )
628 2622 638 2641 ‚
664 2584 722 2632 de
739 2602 828 2650 quo
845 2585 892 2633 in
922 2587 1056 2650 priori
1083 2588 1196 2637 libro
1213 2587 1500 2651 latejegimus
1526 2597 1736 2651 magnam

268 2659 315 2706 in
345 2658 623 2724 legislatione
650 2660 707 2708 de
736 2662 1015 2712 matrimonio
1038 2664 1284 2713 christiano
1312 2663 1598 2729 mutationem
1618 2663 1739 2713 inve-

358 2785 403 2825 (6)
424 2786 461 2818 ln
481 2794 552 2828 cap.
579 2788 715 2825 Quanto
733 2787 789 2820 lib.
806 2789 863 2821 lv.
880 2789 1053 2822 Decrecal.
1070 2790 1119 2822 tit.
1147 2791 1235 2822 xlx.
1248 2793 1278 2823 7.

358 2837 404 2878 (7)
425 2839 463 2870 In
487 2839 624 2881 allegato
645 2839 737 2874 brevi
758 2839 800 2873 ad
821 2841 962 2883 archiep.
985 2842 1211 2883 moguntinum
1231 2840 1295 2875 loo.
1318 2841 1373 2874 cit.
1394 2849 1426 2883 p.
1442 2844 1494 2876 94.
