1980 3260
243 262 333 297 cu».
352 264 398 297 11.
417 265 469 297 na
488 264 628 297 roras.
648 262 783 297 rame.
803 263 885 296 rm.
903 263 986 296 cia.
1004 263 1131 297 narn.
1148 262 1311 297 eumer.
1328 262 1421 297 aar.
1439 263 1468 297 ι.
1548 244 1638 296 3Ἷὸ

266 344 310 389 3.
350 342 644 391 Constitutum
679 342 820 389 fuerat
847 341 944 405 lege
971 341 1091 390 civili
1114 342 1240 405 (Leg.
1274 340 1398 390 Unio.
1432 341 1483 389 de
1514 351 1645 406 raptu

174 416 312 483 Virq.)
325 430 373 467 ut
391 431 543 485 raptus
562 419 673 467 foret
689 418 1053 483 impedimentum
1068 429 1346 483 perpetuum,
1356 418 1478 466 nullo
1490 435 1646 484 quam·

166 495 328 543 tumvis
362 506 608 561 spontaneo
641 511 862 543 consensu
894 495 1039 559 ipsius
1075 505 1227 559 raptae
1262 494 1556 552 abolendum,
1592 506 1643 543 ut

165 571 421 634 coniugium
439 571 543 618 iniri
562 581 716 636 posset
734 580 953 636 raptorem
973 571 1088 619 inter
1105 581 1148 618 et
1166 581 1354 636 raptam,
1377 571 1442 618 uti
1461 581 1646 619 testatur

165 647 259 694 Van
282 647 432 711 Espen
448 684 458 703 ‚
487 649 565 712 qui
591 647 636 694 id
661 647 833 694 evidens
857 664 958 695 esse
982 647 1116 704 dicit,
1145 647 1368 712 simulque
1385 648 1470 695 hoc
1494 648 1643 713 ipsum

165 721 532 786 impedimentum
567 723 612 769 in
646 734 911 788 perpetuum
945 723 1163 771 dirimens
1197 723 1313 770 inter
1346 733 1565 788 raptorem
1599 734 1643 771 et

164 808 337 863 raptam
361 799 647 846 constitutum
671 799 905 847 confirmat
936 799 1111 862 legibus
1146 797 1396 847 francorum
1425 802 1469 862 (5
1479 800 1543 862 4).
1566 799 1644 847 At-

165 884 314 922 tamen
339 873 626 922 Innocentius
647 874 725 921 111.
749 874 893 938 legem
917 874 1034 922 hanc
1059 874 1271 931 correxit,
1295 875 1509 922 sanciens
1522 875 1642 939 quod

168 949 339 1015 «Rapta
373 948 523 1015 puella
556 949 752 1014 legitime
783 949 1015 998 contrahet
1053 965 1154 997 cum
1199 960 1402 1015 raptore,
1446 950 1485 998 si
1521 950 1644 1014 prior

165 1025 391 1074 dissensio
413 1036 610 1074 transeat
632 1025 912 1092 postmodum
938 1026 983 1072 in
1007 1043 1298 1074 consensum:
1321 1036 1365 1074 et
1393 1025 1514 1092 quod
1539 1037 1643 1074 ante

167 1102 421 1168 displicuit,
449 1101 627 1150 tandem
651 1102 836 1167 incipiat
858 1101 1135 1167 complacere
1162 1104 1314 1166 (55).»
1336 1102 1392 1150 Et
1406 1119 1462 1150 en
1482 1119 1641 1151 novam

168 1177 282 1243 legis
314 1178 460 1227 civilis
493 1177 863 1227 emendationem.

270 1256 312 1302 4.
335 1255 534 1303 Sancivit
567 1254 712 1304 civilis
748 1255 817 1303 lex
834 1293 844 1312 ‚
873 1272 929 1303 ne
951 1254 1115 1303 viduae
1140 1254 1381 1304 transirent
1402 1255 1460 1303 ad
1485 1272 1647 1304 secun·

169 1332 252 1380 das
286 1332 467 1397 nuptias
501 1332 618 1380 intra
641 1349 806 1380 annum
832 1349 859 1380 a
881 1342 1021 1380 morte
1043 1332 1213 1389 mariti,
1241 1342 1285 1380 et
1307 1342 1537 1397 praeterea
1564 1349 1642 1380 eas

169 1425 287 1474 quae
319 1409 499 1474 nuptias
535 1408 650 1456 intra
684 1408 730 1455 id
755 1408 967 1473 temporis
991 1408 1317 1456 contraxissent
1340 1408 1510 1456 notavit
1531 1408 1645 1456 infa-

165 1484 280 1541 mia,
317 1483 510 1549 aliisque
538 1483 694 1549 poenis
719 1483 910 1531 subiecit
931 1484 1050 1547 (Leg.
1076 1484 1110 1530 1.
1134 1494 1177 1531 et
1201 1484 1257 1530 11.
1280 1483 1327 1547 §.
1354 1485 1399 1529 1.
1424 1483 1471 1529 ff.
1489 1483 1551 1529 De
1581 1483 1648 1529 his

167 1561 246 1626 qui
265 1570 470 1608 notantur
491 1561 692 1625 infamia.
718 1560 825 1607 Item
860 1559 947 1623 leg.
972 1560 1007 1606 l.
1030 1570 1074 1607 et
1092 1560 1148 1606 II.
1171 1558 1338 1607 codicis
1363 1559 1426 1606 De
1449 1558 1648 1606 secundis

167 1636 472 1701 nuptiis).Ast
485 1637 690 1685 Urbanus
716 1637 795 1684 111.
819 1647 862 1684 et
886 1636 1170 1684 Innocentius
1189 1636 1268 1682 111.
1291 1635 1336 1682 in
1354 1652 1454 1700 cap.
1476 1635 1520 1681 4.
1538 1645 1581 1683 et
1598 1637 1642 1681 5.

171 1713 235 1759 De
257 1712 432 1760 secund.
454 1723 578 1778 nupt.
600 1712 741 1777 legem
776 1712 1068 1760 emendarunt
1101 1721 1351 1760 statuentes
1370 1711 1490 1776 quod
1506 1711 1645 1758 «Cum

167 1789 409 1855 Apostolus
442 1789 563 1837 dicat
584 1789 668 1852 (ait
691 1788 922 1852 Urbanus)
944 1789 1103 1836 mulier
1123 1789 1217 1836 viro
1234 1806 1310 1835 suo
1326 1798 1490 1835 mortuo
1507 1787 1650 1835 soluta

167 1875 232 1913 est
252 1883 280 1914 a
306 1866 394 1930 leqe
416 1866 507 1914 viri
526 1867 617 1921 sui,
646 1867 693 1913 in
715 1865 884 1912 domino
908 1866 1044 1912 nubat
1068 1866 1140 1912 cui
1160 1865 1367 1913 voluerit:
1392 1882 1471 1930 per
1502 1864 1643 1912 licen-

169 2032 237 2065 not.
250 2031 284 2064 in
299 2032 395 2073 epist.
415 2033 528 2064 LXIV.
545 2031 618 2064 libri
634 2032 818 2073 xi.1taque
838 2040 914 2064 cum
935 2031 1135 2072 Augustinus
1155 2031 1382 2073 interrogasset
1401 2040 1428 2065 s.
1446 2031 1645 2065 Pontificem.

173 2097 188 2113 κ
201 2087 312 2127 Usque
332 2084 375 2117 ad
396 2087 531 2126 quotam
550 2086 789 2126 generationem
811 2085 923 2118 tideles
945 2085 1084 2117 debeant
1108 2093 1183 2117 cum
1201 2085 1393 2126 propinquis
1411 2084 1473 2117 sibi
1498 2084 1649 2126 coniugio

168 2137 352 2180 copulat-ir»
369 2139 464 2179 Resp.
477 2146 503 2170 s.
516 2138 708 2179 Gregoriusz
725 2150 741 2166 α
752 2138 919 2175 Quaedam
934 2139 1061 2170 terrena
1076 2137 1126 2169 lex
1143 2135 1176 2169 in
1193 2144 1325 2169 romana
1339 2137 1503 2179 republica
1520 2138 1650 2179 permit·

169 2191 229 2230 tit,
245 2192 285 2223 ut
303 2191 373 2223 sive
393 2190 504 2223 fratris
524 2191 594 2223 sive
614 2190 758 2231 sororis,
784 2199 840 2223 seu
864 2190 1004 2222 duorum
1031 2190 1170 2222 fratrum
1191 2197 1416 2231 germanorum
1439 2190 1491 2222 vel
1510 2190 1649 2223 duarum

169 2252 318 2277 sororum
333 2243 420 2276 iilius
436 2245 469 2276 et
487 2243 553 2276 filia
574 2244 930 2276 misceantur....Sacra
952 2244 1002 2276 lex
1025 2241 1175 2286 probibet
1195 2244 1397 2286 cognationis
1417 2244 1650 2285 turpitudinem

173 2298 331 2330 revelare.
344 2296 439 2329 Unde
460 2305 590 2329 necesse
615 2298 682 2337 est,
699 2298 737 2329 ut
757 2297 822 2329 iam
844 2298 950 2330 tertia
966 2297 1016 2330 vel
1032 2298 1164 2340 quarta
1179 2297 1342 2338 generatio
1357 2296 1501 2330 fidelium
1518 2297 1651 2330 licenter

172 2350 235 2383 sibi
259 2350 348 2392 iungi
374 2350 500 2383 debeat.
520 2351 602 2383 Nam
624 2349 780 2383 secunda
799 2359 899 2391 quam
921 2350 1082 2392 diximus,
1104 2359 1127 2383 a
1147 2359 1183 2384 se
1203 2350 1398 2384 omnimodo
1419 2350 1520 2383 debet
1541 2350 1647 2383 absti-

174 2412 288 2437 nere.»
300 2405 366 2437 Lex
381 2404 422 2437 de
435 2412 501 2445 qua
522 2404 576 2436 bic
596 2404 743 2445 loquitur
762 2413 789 2437 s.
808 2404 981 2445 Gregorius
996 2405 1085 2437 extat
1101 2403 1175 2436 cod.
1199 2403 1255 2437 lib.
1269 2405 1310 2436 V.
1327 2404 1378 2436 tit.
1390 2406 1421 2436 4.
1435 2405 1485 2435 De
1499 2404 1649 2444 nuptiis,

177 2465 262 2498 quae
285 2458 336 2490 est
362 2461 411 2489 ¹9.
427 2457 460 2489 et
479 2456 527 2489 sic
549 2456 665 2489 babet:
689 2470 704 2485 α
721 2456 930 2489 celebrandis
950 2457 1034 2489 inter
1054 2456 1263 2489 consobrinos
1284 2455 1498 2488 matrimoniis
1518 2454 1648 2487 licentia

173 2509 255 2551 legis
268 2509 366 2542 buius
378 2509 567 2542 salubritate
582 2509 710 2542 indulta
723 2511 793 2550 est,
804 2511 841 2542 ut
853 2510 1003 2542 revocata
1017 2509 1115 2552 prisci
1130 2509 1211 2542 iuris
1223 2510 1415 2542 auctoritate
1430 2507 1650 2549 restrictisque

173 2562 414 2594 calumniarum
427 2562 579 2595 fomentis
590 2586 599 2602 ,
615 2562 860 2594 matrimonium
873 2562 956 2595 inter
970 2561 1182 2594 consobrinos
1199 2561 1356 2594 habeatur
1371 2561 1566 2601 legitimum,
1582 2560 1651 2593 sive

174 2622 214 2646 ex
236 2613 365 2647 duobus
385 2614 556 2654 fratribus,
579 2615 648 2647 sive
668 2623 706 2646 ex
730 2614 857 2647 duabus
877 2613 1063 2655 sororibus,
1093 2615 1164 2647 sive
1194 2623 1233 2647 ex
1268 2614 1365 2646 fratre
1386 2614 1418 2645 et
1440 2621 1551 2645 sorore
1582 2612 1649 2645 nati

174 2668 268 2700 suntt
284 2669 317 2700 et
331 2676 371 2700 ex
385 2676 425 2700 eo
441 2668 649 2700 matrimonio
673 2666 770 2709 editi,
794 2667 946 2709 legitimi,
965 2669 999 2701 et
1017 2667 1086 2700 suis
1109 2667 1254 2709 patribus
1281 2674 1480 2698 successores
1512 2665 1650 2698 habean-

172 2721 261 2753 tur.»
276 2721 377 2761 corp.
403 2721 494 2753 iuris
514 2720 609 2753 civil.
633 2720 686 2752 ed.
709 2720 764 2752 cit.
787 2728 859 2762 pag.
887 2724 976 2753 1135.
1000 2721 1051 2753 ct'.
1069 2720 1113 2753 ibi
1136 2722 1228 2752 notas
1250 2718 1569 2758 iurisconsultorum,
1594 2717 1648 2750 ubi

171 2773 269 2814 plura
286 2773 370 2806 scitu
391 2773 489 2814 digna
513 2774 575 2806 bac
593 2782 690 2815 super
712 2782 746 2806 re
766 2773 986 2807 inveniuntur.

272 2826 339 2867 (54)
361 2828 425 2859 Ius
445 2826 564 2859 eccles.
581 2829 680 2861 univ.
695 2835 765 2869 par.
781 2829 824 2860 ll.
841 2828 892 2860 tit.
909 2831 957 2861 13.
972 2836 1044 2869 cap.
1067 2832 1114 2860 ιο.
1131 2826 1181 2867 §§.
1199 2830 1229 2857 3.
1246 2828 1275 2857 4.

272 2879 340 2921 (55)
361 2879 433 2914 Lib.
450 2882 489 2912 V.
506 2882 632 2914 Decret.
650 2881 700 2913 tit.
724 2886 769 2914 18.
785 2889 856 2922 cap.
870 2883 943 2914 vil.
961 2883 1007 2913 De
1029 2879 1241 2922 raptoribus.
