1980 3260
310 220 401 254 cn.
420 219 478 253 Vl.
497 222 548 253 DE
568 221 693 254 MATR.
712 221 888 254 mmm.
906 221 990 253 ΙΝΤ.
1008 221 1056 253 SE
1075 220 1152 253 VEL
1165 220 1248 253 CUM
1267 219 1388 253 cun.
1401 220 1493 253 ΛΒΤ.
1510 217 1555 253 11.
1618 204 1707 255 213

346 300 395 346 ln
428 317 517 364 quo
550 300 813 364 gravissimo
845 299 1107 348 documento
1141 298 1268 363 plura
1301 309 1438 356 sunt,
1465 315 1579 364 quae
1613 298 1708 346 sin-

245 375 433 439 gillatim
466 386 652 442 possunt
683 375 1001 433 animadverti;
1038 392 1092 423 ex
1125 392 1178 424 eo
1211 375 1330 423 enim
1364 385 1536 424 constat
1567 376 1613 422 1.
1636 375 1711 439 agi

247 451 303 499 de
337 452 631 501 matrimoniis
654 452 768 500 inter
792 452 1038 500 haereticos
1065 451 1186 500 initis
1216 452 1262 498 in
1286 451 1567 515 regionibus,
1595 468 1711 516 quae

246 528 436 576 subsunt
459 529 648 594 principi
670 527 888 576 catholico
903 566 913 585 ,
940 527 1187 576 cuiusmodi
1215 538 1284 575 est
1306 545 1380 575 rex
1401 527 1612 575 Bavariae
1626 565 1636 584 ,
1664 527 1710 574 in

245 605 408 670 quibus
443 615 592 652 tamen
626 604 835 651 haeretici
873 603 1126 652 coalescunt
1153 605 1200 650 in
1234 604 1468 652 societates
1501 621 1529 651 a
1557 603 1709 652 catho-

244 680 342 728 licis
367 690 595 744 separatas
611 716 621 735 ‚
648 679 848 743 adeoque
875 697 957 727 suo
987 680 1074 727 ritu
1096 680 1378 728 matrimonia
1401 680 1570 727 ineunt.
1593 679 1708 728 Con-

242 760 332 803 stat
366 757 411 802 2.
443 753 661 802 eiusmodi
695 753 1016 802 haereticorum
1049 755 1256 818 coniugia
1290 772 1317 802 a
1350 773 1459 803 rom.
1498 755 1708 819 pontifice

240 840 476 895 tamquam.
490 830 617 876 firma
642 845 694 876 ac
716 828 892 886 valida,
931 840 975 876 et
1007 840 1240 894 propterea
1274 830 1604 878 indissolubilia
1627 830 1708 877 ha-

238 906 351 954 beri.
385 905 567 954 Constat
604 907 647 952 3.
671 923 724 953 ex
755 905 811 953 iis
840 905 1060 969 coniugiis
1083 943 1094 962 ,
1133 922 1220 953 non
1253 904 1458 953 obstante
1490 906 1610 954 civili
1644 906 1710 952 di-

238 982 397 1042 vortio,
424 984 635 1045 exurgere
666 981 1030 1047 impedimentum
1064 981 1266 1029 divinum
1302 981 1550 1047 liqaminis,
1588 982 1709 1046 quod

239 1058 420 1124 quidem
454 1058 818 1123 impedimentum
851 1073 1065 1122 exurgere
1094 1074 1181 1105 non
1211 1067 1395 1122 posset,
1432 1057 1519 1106 nisi
1555 1074 1708 1106 verum

239 1145 474 1199 ratumque
505 1134 665 1182 fuisset
696 1133 966 1182 connubium
1003 1133 1102 1181 sine
1137 1133 1320 1198 parochi
1359 1133 1611 1198 praesentia
1650 1133 1708 1181 ab

241 1210 478 1260 haereticis
512 1220 799 1259 contractum.
837 1210 1020 1259 Constat
1046 1211 1089 1257 4.
1111 1209 1430 1276 impedimenta
1461 1210 1700 1267 canonica,

237 1304 319 1335 seu
352 1287 449 1335 iure
481 1286 784 1335 ecclesiastico
827 1286 1008 1334 inducta
1051 1286 1175 1352 ipsos
1210 1286 1458 1335 haereticos
1492 1287 1701 1343 afficere,

236 1363 348 1411 adeo
374 1373 424 1411 ut
447 1363 487 1412 si
511 1381 627 1429 quae
655 1363 859 1427 coniugia
884 1363 999 1411 inter
1025 1362 1272 1411 haereticos
1304 1363 1525 1412 celebrata
1554 1363 1705 1428 aliquo

236 1457 292 1488 ex
331 1439 458 1489 hisce
501 1440 829 1505 impedimentis
870 1440 1039 1488 irretita
1083 1439 1303 1497 fuissent,
1352 1439 1477 1487 nulla
1518 1457 1702 1504 prorsus

241 1517 414 1574 essent,
453 1516 655 1582 adeoque
686 1527 790 1581 post
822 1516 1171 1565 ecclesiasticum
1201 1515 1287 1564 hac
1325 1515 1381 1563 de
1410 1534 1456 1564 re
1489 1515 1704 1564 iudicium

236 1609 399 1641 novum
433 1593 690 1656 coniugium
725 1592 832 1639 iniri
867 1609 1018 1657 posse.
1052 1591 1162 1640 Cum
1196 1592 1331 1656 igitur
1362 1591 1567 1640 laudatus
1600 1608 1706 1656 pon·

235 1668 341 1716 tifex
375 1668 580 1734 loquatur
613 1669 669 1716 de
702 1668 937 1716 haereticis
956 1669 1002 1715 in
1026 1669 1204 1732 regione
1237 1668 1499 1732 degentibus
1533 1668 1578 1714 in
1613 1685 1703 1733 qua

236 1743 461 1792 decretum
483 1744 771 1793 tridentinum
794 1744 1068 1810 publicatum
1092 1745 1195 1802 fuit,
1218 1745 1457 1810 etquidem
1481 1744 1565 1792 sub
1588 1744 1704 1810 prin·

235 1819 336 1884 cipe
368 1819 612 1878 catholico,
642 1837 694 1868 ac
717 1821 960 1884 generatim
985 1832 1130 1868 tamen
1153 1837 1233 1885 pro
1256 1830 1373 1868 certo
1397 1830 1560 1868 statuat
1582 1819 1704 1884 ipso-

235 1911 334 1942 rum
370 1895 575 1960 coniugia
607 1896 756 1944 valida
789 1913 840 1943 ac
873 1896 1069 1959 legitima
1108 1913 1209 1944 esse
1233 1933 1244 1952 ,
1281 1896 1356 1944 vix
1387 1896 1570 1944 evidens
1613 1912 1701 1943 non

235 1981 319 2029 est,
358 1971 629 2037 apostolicae
657 1972 778 2021 sedis
811 1973 1091 2021 conniventia
1115 1972 1426 2035 obligationem
1449 1971 1702 2019 celebrandi

232 2047 440 2111 coniugia
467 2049 588 2096 iuxta
611 2049 797 2098 formam
821 2048 1105 2097 tridentinam
1130 2048 1377 2096 haereticos
1396 2065 1484 2096 non
1502 2047 1696 2104 afficere,

232 2123 432 2189 adeoque
478 2125 670 2189 practice
714 2125 1038 2173 benedictinam
1074 2125 1424 2174 Declarationem
1457 2124 1516 2172 ad
1550 2125 1700 2173 omnia

233 2198 557 2248 haereticorum
591 2201 798 2265 coniugia
831 2202 1007 2249 extendi
1042 2219 1191 2267 posse.

289 2274 292 2277 ’
327 2274 471 2342 A'tquc
503 2276 579 2324 hic
613 2277 794 2342 quidem
828 2295 916 2326 non
950 2278 1032 2326 erit
1064 2278 1145 2327 abs
1180 2295 1227 2326 re
1260 2296 1312 2327 ea
1346 2278 1510 2327 addere
1535 2316 1545 2335 ,
1583 2295 1698 2343 quae

231 2351 494 2401 Benedictus
523 2353 580 2400 de
608 2354 847 2419 semetipso
880 2354 1033 2402 scribit
1065 2372 1165 2403 cum
1199 2372 1338 2403 causa
1369 2356 1611 2419 agitaretur
1642 2355 1698 2402 de

230 2428 380 2477 valore
414 2439 490 2478 aut
523 2430 725 2479 nullitate
759 2431 1065 2495 coniugiorum
1087 2470 1098 2489 ,
1137 2450 1251 2498 quae
1285 2434 1331 2480 in
1366 2432 1606 2482 Hollandia
1639 2431 1697 2479 ab

230 2503 466 2553 haereticis
499 2505 848 2555 celebrabantur.
874 2527 897 2554 «
918 2508 1007 2556 Nos
1035 2508 1242 2574 quidem,
1280 2509 1446 2575 inquit,
1475 2526 1576 2556 cum
1599 2507 1697 2572 plu-

229 2580 345 2628 rium
364 2597 368 2619 ι
389 2599 604 2631 annorum
640 2584 785 2648 spatio
805 2622 817 2641 ,
865 2594 1099 2650 antequam
1133 2586 1191 2633 ad
1225 2587 1415 2634 maiores
1454 2584 1694 2647 dignitates

229 2655 573 2708 ascenderemus
591 2698 602 2717 ,
630 2677 811 2708 munera
834 2671 938 2709 tunc
965 2662 1189 2710 secretarii
1218 2661 1571 2726 congregationis
1595 2677 1696 2709 con-

230 2730 330 2780 cilii·
350 2734 576 2784 tridentini
600 2736 874 2802 interpretis,
903 2748 995 2786 tum
1018 2738 1212 2787 dcctoris
1236 2739 1282 2786 in
1306 2738 1494 2786 decretis
1518 2738 1564 2784 in
1588 2754 1693 2802 poe-

230 2809 506 2862 nitentiariae
539 2814 808 2879 apostolicae
832 2814 1006 2873 officio,
1036 2826 1126 2864 tum
1158 2816 1288 2864 etiam
1324 2814 1589 2863 consultoris
1618 2831 1693 2861 su-
