1980 3260
339 301 426 346 470
590 314 669 346 un.
697 314 742 345 11.
773 314 885 346 sacr.
914 315 1084 346 ALTERA.
1108 315 1159 345 ns
1184 315 1348 347 rorsssr.
1377 316 1520 348 civm.

334 407 455 446 mus,
484 391 706 455 principes
731 390 899 438 scilicet
930 391 1133 439 infideles
1158 392 1227 440 ius
1264 409 1350 440 non
1383 392 1548 440 habere
1582 393 1701 458 leges
1734 394 1799 442 so-

334 466 458 512 rendi
492 466 818 513 matrimonium
855 466 1100 515 infidelium
1137 485 1315 516 suorum
1350 468 1626 517 subditorum
1652 470 1799 535 quoad

334 541 556 590 vinculum
589 541 867 591 dirimentes.

892 692 1167 728 ARTICULUS
1196 693 1243 728 11.

339 820 548 859 Corollaria
579 821 822 860 deducuntur
842 832 887 860 ex
917 826 1063 861 statuta
1091 821 1265 861 doctrina
1281 833 1348 872 per
1370 833 1486 873 quam
1502 823 1569 862 lux
1582 821 1796 862 affunditur

430 886 499 923 toti
528 887 813 924 controversiae
835 886 883 924 dc
904 886 1162 925 ecclesiastica
1190 891 1229 924 et
1249 888 1353 925 civili
1376 891 1562 937 potestate
1595 888 1711 926 relate
1743 887 1794 927 ad

430 950 716 988 matrimonium
744 949 1010 990 christianum.

426 1063 559 1112 Omni
593 1082 683 1130 qua
714 1064 868 1113 datum
897 1076 965 1114 est
989 1076 1346 1130 argumentorum
1370 1066 1415 1113 vi
1439 1076 1484 1113 et
1505 1066 1635 1130 copia
1655 1076 1801 1115 osten·

330 1138 478 1187 dimus
497 1140 646 1204 ipsum
665 1142 994 1189 matrimonium
1011 1141 1257 1189 infidelium
1275 1141 1528 1189 nullatenus
1545 1141 1692 1206 quoad
1708 1140 1801 1190 vin-

329 1215 476 1264 culum
502 1217 707 1281 potestati
725 1218 976 1283 principum
1002 1218 1249 1265 infidelium
1271 1217 1473 1274 subesse;
1501 1234 1555 1265 ex
1572 1217 1658 1266 hoc
1679 1216 1798 1266 enim

332 1293 550 1358 principio
574 1294 712 1341 multa
736 1294 963 1342 dimanant
986 1293 1239 1351 corollaria,
1263 1311 1380 1359 quae
1397 1293 1642 1341 doctrinam
1671 1310 1698 1341 a
1719 1309 1800 1342 no·

329 1367 400 1416 bis
442 1369 656 1418 hactenus
701 1371 948 1435 expositam
986 1370 1044 1418 de
1087 1371 1363 1420 matrimonio
1407 1370 1652 1419 christiano
1687 1369 1800 1425 mire

329 1444 592 1494 confirmant
631 1456 675 1495 et
707 1446 945 1495 illustrant.

423 1520 487 1570 Ac
527 1540 573 1570 re
606 1540 716 1571 sane
744 1541 866 1580 vera,
894 1524 932 1572 si
963 1523 1085 1573 nullo
1107 1542 1303 1590 unquam
1327 1525 1425 1571 iure
1458 1525 1504 1572 in
1527 1522 1797 1571 matrimonii

327 1598 576 1657 vinculum,
615 1611 744 1664 prout
776 1600 1030 1664 coniugium
1064 1611 1315 1650 contractus
1354 1611 1422 1649 est
1452 1599 1689 1657 naturalis,
1718 1613 1801 1666 pei·

330 1674 397 1722 titi
432 1686 536 1724 sunt
567 1688 645 1725 aut
673 1677 804 1742 potiri
833 1688 1021 1743 possunt
1053 1677 1282 1744 principes
1317 1677 1522 1726 infideles
1559 1693 1666 1741 erga
1691 1674 1800 1725 sub-

328 1751 444 1799 ditos
478 1752 612 1799 etiam
646 1752 868 1801 infideles.

422 1827 629 1893 Sequitur
664 1830 709 1874 1.
741 1828 1001 1877 Nullatenus
1035 1847 1220 1878 necesse
1251 1847 1369 1888 esse,
1401 1840 1450 1878 ut
1484 1846 1584 1878 cum
1612 1827 1797 1893 quihus·

329 1903 430 1950 dam
470 1904 688 1969 theologis
729 1905 933 1953 dicamus
951 1943 961 1963 ‚
999 1905 1225 1954 Christum
1265 1906 1491 1955 evectione
1523 1905 1639 1953 facta
1672 1914 1800 1952 natu·-

329 1978 435 2028 ralis
469 1981 665 2046 coniugii
693 1982 750 2029 ad
775 1983 1040 2030 sacramenti
1073 1983 1357 2046 dignitatem,
1380 1982 1491 2030 illud
1521 1982 1795 2030 subtraxisse

329 2055 579 2121 principum
622 2059 828 2123 potestati
865 2076 918 2107 ac
953 2059 1236 2107 transtulisse
1271 2059 1327 2107 in·
1357 2068 1616 2124 potestatem
1657 2056 1798 2105 eoele-

328 2132 421 2180 siae
458 2134 574 2195 (52).
613 2134 735 2182 Nihil
775 2135 956 2183 omnino
995 2134 1200 2183 Christus
1234 2135 1452 2182 subtraxit
1489 2132 1791 2200 principibus;
1859 2139 1862 2141 ’

328 2208 400 2256 ius
434 2208 563 2256 civile
596 2211 713 2274 quod
743 2211 969 2259 habebant
1002 2213 1215 2260 intactum
1258 2210 1450 2276 reliquit,
1490 2221 1623 2276 atque
1655 2208 1795 2264 eccle—

328 2283 423 2332 siae
455 2285 703 2333 auctoritati
729 2298 1054 2336 sacramentum
1084 2287 1351 2336 matrimonii
1389 2286 1638 2344 commisit,
1674 2284 1795 2351 quod

422 2421 490 2463 (52)
509 2423 554 2455 Ut
573 2422 655 2454 nihil
675 2422 783 2455 dicam
805 2425 847 2457 de
864 2426 980 2459 aulicis
1001 2426 1213 2468 scriptoribus
1227 2426 1349 2468 apertis
1366 2426 1519 2459 ecclesiae
1547 2424 1694 2457 hostibus
1706 2448 1716 2465 ,
1738 2424 1796 2465 qui

328 2483 457 2507 omnem
475 2475 580 2508 eidem
594 2476 747 2508 ecclesiae
768 2478 992 2510 auctoritatem
1019 2479 1195 2520 denegant3
1217 2478 1328 2520 quoad
1349 2478 1490 2511 sinceros
1509 2477 1685 2510 catholicos
1698 2501 1708 2516 ‚
1737 2477 1794 2517 qui

327 2528 442 2559 saltem
464 2536 669 2560 communem
690 2528 812 2561 faciunt
827 2530 1027 2571 principibus
1040 2540 1115 2563 cum
1131 2531 1267 2564 ecclesia
1290 2531 1480 2572 potestatem
1501 2528 1717 2561 constituendi
1737 2528 1795 2560 im-

326 2579 510 2620 pedimenta
531 2580 717 2614 dirimentia
742 2590 781 2614 ac
801 2583 916 2622 urgent
936 2584 968 2615 et
988 2583 1050 2623 ipsi
1071 2584 1135 2616 hoc
1155 2584 1400 2624 argumentum,
1419 2580 1508 2623 quod
1533 2580 1562 2613 si
1585 2579 1795 2621 denegaretur

326 2631 528 2674 principibus
543 2633 670 2666 hocius
682 2633 831 2666 cnr-istus
841 2633 888 2666 eis
903 2635 1065 2667 nocuisset
1078 2644 1154 2668 cum
1168 2644 1287 2668 nomen
1302 2635 1417 2667 darent
1429 2632 1575 2674 religioni
1588 2631 1793 2673 christianae,

327 2693 392 2717 non
417 2685 680 2719 animadvertunt
705 2686 803 2718 etiam
823 2686 857 2718 in
880 2687 1024 2727 ipsorum
1049 2688 1219 2729 hypothesi
1234 2688 1267 2720 id
1281 2688 1388 2729 ipsum
1401 2685 1595 2726 contingere.
1612 2686 1694 2717 Nam
1706 2686 1794 2717 ante-

327 2746 425 2778 quam
443 2739 716 2772 christianismum
730 2739 970 2781 profiterentur,
985 2739 1051 2772 soli
1075 2741 1136 2772 hoc
1163 2741 1235 2772 iure
1254 2739 1466 2779 fruebantur,
1488 2738 1600 2779 postea
1625 2745 1702 2770 vero
1730 2746 1795 2770 non

326 2791 465 2832 amplius
484 2793 563 2834 soli,
579 2792 637 2825 sed
653 2801 719 2825 una
739 2801 814 2825 cum
837 2792 971 2825 ecclesia
983 2800 1155 2824 commune
1170 2792 1253 2825 illud
1269 2791 1465 2824 haberentet
1476 2790 1609 2832 quidem
1626 2798 1702 2822 cum
1719 2789 1794 2823 sub·

325 2843 544 2887 ordinatione3
566 2845 727 2887 siquidem
748 2845 927 2887 temporale
946 2844 1110 2887 societatis
1137 2845 1259 2878 bonum
1286 2844 1471 2876 coordinari
1491 2843 1586 2875 debet
1607 2851 1681 2875 cum
1701 2843 1794 2884 spiri-

324 2898 423 2937 tuali,
440 2900 472 2930 et
489 2899 534 2931 ita
554 2900 590 2931 ut
611 2899 644 2930 in
666 2898 816 2931 conflictu
838 2897 925 2931 istud
947 2897 1162 2939 praevaleret,
1182 2898 1220 2930 ut
1241 2905 1299 2938 per
1316 2905 1350 2929 se
1372 2898 1471 2938 patet.

1969 2076 1980 2215 .-*.A*‘›—.
1976 2040 1980 2058 ..
1977 2015 1980 2019 .
1973 1957 1980 1999 .-..
