1980 3260
353 251 411 297 28
664 260 741 292 m.
771 261 816 291 ιι.
846 258 957 290 sacr.
988 259 1015 288 1.
1046 257 1096 287 m:
1132 254 1294 287 rorssr.
1328 251 1493 288 scenas.

352 345 519 391 solvere
543 339 746 402 coniugia
769 338 1031 392 christiana⁷
1055 336 1148 383 sive
1165 333 1425 382 obsistendo
1447 335 1686 396 quominus
1710 332 1809 383 vin-

351 419 495 466 culum
538 414 768 478 coniugale
808 413 1163 467 contraheretur,
1204 410 1298 457 sive
1332 410 1810 458 contractumzdirum·

351 491 494 558 pendo
528 509 606 556 per
638 489 848 546 divortia,
882 489 1002 552 quod
1033 483 1165 534 nemo
1200 486 1331 533 dicet.
1366 484 1575 549 Alioquin
1605 484 1810 533 mirebri‘a

348 566 519 615 stianae
544 568 693 614 hostes
722 566 839 612 viam
864 560 949 610 sibi
974 561 1296 627 amplissimam
1328 559 1642 624 patefecissent
1664 559 1812 608 adue*

348 642 529 690 clesiam
559 640 896 688 destruendam.
943 637 1195 684 Absurdum
1241 647 1468 701 praeterea
1501 646 1570 683 est
1611 650 1812 683 asserere

351 728 607 783 potestatem
632 715 825 779 aliquam
852 713 1076 778 principes
1103 712 1304 760 infideles
1324 712 1409 759 sibi
1427 712 1654 759 vindicare
1676 726 1812 776 posse

349 794 395 839 in
423 801 745 838 sacramentum
779 789 991 836 ecclesiae
1019 788 1305 836 christianae.
1334 788 1454 834 Haec
1481 797 1627 834 tamen
1660 787 1811 835 omnia

348 868 557 922 fluerent,
592 865 630 912 si
659 865 828 912 ratione
860 864 1034 928 imperii
1059 880 1111 910 ac
1134 863 1407 928 principatus
1437 863 1607 928 aliquid
1635 863 1811 911 efficere

347 941 544 990 valerent
567 958 700 1006 super
721 940 947 987 vinculum
970 939 1202 986 christiani
1222 939 1511 995 matrimonii;
1534 939 1810 1005 principatus

349 1017 466 1064 enim
493 1026 648 1062 natura
672 1015 824 1062 eadem
842 1024 910 1061 est
927 1015 973 1060 in
990 1014 1234 1062 christiano
1257 1013 1459 1078 principe
1477 1031 1528 1061 ac
1547 1014 1594 1060 in
1611 1012 1805 1062 ethnico.

447 1090 575 1146 Quod
610 1091 648 1137 si
684 1099 936 1154 spectentur
956 1100 1005 1136 ut
1029 1090 1254 1153 principes
1278 1087 1534 1145 christiani,
1566 1087 1812 1136 multo'mi*

350 1184 435 1213 nus
468 1183 520 1213 ea
547 1166 752 1213 facultate
784 1165 998 1228 gaudent;
1040 1175 1089 1212 ut
1122 1165 1240 1211 enim
1274 1164 1405 1229 paulo
1445 1174 1546 1211 ante
1581 1164 1812 1213 adnotavi}

348 1260 447 1289 mus
463 1280 472 1298 ,
511 1259 611 1289 cum
645 1242 868 1306 principes
901 1241 1066 1288 Christi
1090 1240 1293 1303 religioni
1318 1257 1476 1287 nomen
1499 1239 1809 1298 dederuntpot

349 1318 395 1363 in
418 1317 632 1364 ecclesiae
650 1327 821 1365 coetum
839 1316 1026 1381 cooptati
1045 1327 1150 1364 sunt
1162 1355 1172 1373 ‚
1193 1317 1335 1364 effecti
1355 1327 1458 1363 sunt
1474 1315 1805 1372 ecclesiaefiliig

349 1403 481 1456 atque
503 1393 549 1437 in
573 1392 876 1457 spiritualibus
899 1392 1043 1438 eidem
1067 1392 1233 1439 subditi
1258 1390 1514 1448 evaserunt.
1543 1399 1629 1439 nee
1644 1389 1718 1439 ⁴ius}
1740 1391 1811 1438 uk

348 1468 502 1514 lumin
521 1485 646 1515 sacra
668 1486 720 1514 ex
744 1486 894 1515 eorum
917 1469 1203 1516 conversione
1226 1480 1330 1515 sunt
1353 1468 1518 1532 adepti.
1535 1467 1680 1523 Quum
1704 1484 1809 1515 vero

349 1543 423 1590 hic
463 1554 618 1607 agatur
650 1544 706 1591 de
740 1562 785 1590 re
819 1561 971 1601 sacra,
1012 1544 1260 1592 cuiusmodi
1297 1555 1364 1591 est
1390 1543 1616 1592 vinculum
1655 1560 1813 1628 perpe·

349 1619 470 1666 tuum
495 1637 547 1667 ex
571 1630 842 1668 sacramento
866 1621 1146 1697 proveniens,
1168 1620 1288 1685 patet
1305 1621 1375 1668 ius
1399 1620 1605 1667 nullum
1594 1638 1640 1666 ιιι
1663 1620 1810 1701 ipsum

348 1695 641 1760 acquisivisse
673 1696 923 1761 principes,
961 1714 1050 1762 quo
1083 1708 1213 1744 antea
1247 1697 1444 1743 destituti
1473 1706 1634 1743 erant(

443 1771 556 1818 Hinc
589 1772 776 1819 historia
808 1773 1106 1820 ecclesiastica
1139 1773 1348 1820 universa
1379 1772 1537 1830 tradit,
1575 1733 1810 1826 ecclesian

347 1848 515 1912 passim
531 1848 780 1912 principum
799 1849 936 1912 leges,
959 1866 1076 1913 quae
1093 1848 1334 1912 attigerant
1345 1848 1573 1896 vinculum
1590 1844 1807 1913 nuptialia

348 1939 401 1969 ex
425 1939 512 1986 quo
535 1923 674 1969 oritui
694 1923 842 1970 unitas
866 1935 910 1970 et
931 1924 1304 1971 indissolubilitas
1329 1923 1524 1998 coniugii
1549 1922 1805 1998 respuisse,

349 1997 483 2044 immo
516 2015 618 2046 vero
651 1999 778 2046 docet
809 2000 1042 2047 ecclesiam
1085 2001 1206 2064 leges
1245 1996 1466 2047 eiusmodi
1502 2014 1752 2063 nusquam
1755 2008 1813 2045 et

352 2071 590 2137 numquam
617 2084 733 2121 ratas
757 2073 986 2122 habuisse.
1011 2075 1193 2131 Quoties
1217 2072 1404 2140 proinde
1425 2091 1559 2122 casus
1580 2073 1777 2121 accidit
1765 2090 1812 2130 ιιι

350 2165 438 2212 quo
463 2158 613 2196 contra
641 2150 853 2197 ecclesiae
880 2150 1204 2215 legislationem
1230 2149 1438 2199 alterutra
1455 2149 1600 2198 ex'his
1614 2148 1814 2215 proptio-‘-

350 2223 514 2271 tatibus
546 2242 626 2289 per
659 2225 799 2288 legem
829 2226 1023 2291 aliquam
1049 2227 1206 2275 affecta
1229 2227 1321 2283 est,
1351 2228 1491 2275 'toties
1517 2226 1712 2274 eeclesia
1747 2226 1811 2272 uti
1864 2275 1867 2277 ,

350 2299 518 2347 nullius
542 2300 672 2364 plane
705 2301 869 2349 valoris
902 2320 998 2349 eam
1029 2303 1198 2351 habuit.
1222 2301 1812 2368 Notaeillaojputmm'sen-

350 2375 512 2422 tentiae
546 2387 650 2423 sunt
694 2376 858 2441 quibus
898 2377 1016 2441 leges
1063 2379 1264 2435 divortii,
1309 2379 1384 2427 aut
1422 2377 1613 2426 divortio
1656 2377 1811 2425 saltem

350 2451 544 2514 faventes
553 2453 619 2500 ¹ab
637 2453 975 2518 imperatoribus
992 2455 1105 2503 latas
1121 2466 1333 2522 perpetuo
1346 2455 1555 2503 Jreiiciunt
1576 2464 1812 2519 respuunt-

351 2545 438 2591 que
455 2544 469 2585 ‚³
502 2528 652 2594 utpote
685 2547 800 2595 quae
827 2530 912 2577 iuri
947 2530 1121 2589 divino,
1151 2532 1283 2598 atque
1304 2531 1477 2595 legibus
1502 2529 1811 2590 ecclesiae-ad5

346 2604 656 2660 versarentur.
672 2615 720 2652 ut
743 2615 862 2670 patet
895 2623 947 2654 ex
980 2606 1037 2653 iis
1071 2608 1277 2655 omnibus
1309 2605 1574 2655 testimoniis
1608 2606 1807 2670 pa'trumzq

343 2694 466 2741 >quae
497 2679 976 2744 alias1=congessimus,
1002 2684 1117 2747 -quin
1144 2701 1198 2732 ea
1215 2685 1386 2741 iterare
1417 2681 1519 2730 heic
1549 2680 1804 2730 debeamus⁸

433 2754 559 2802 <Huic
575 2756 811 2813 jdoctrinae
833 2756 1071 2807 conformis
1100 2776 1276 2825 semper
1296 2759 1382 2805 fuit
1401 2757 1804 2824 praxisecelesiaess

350 2829 491 2894 Atque
524 2843 571 2878 ut
605 2831 749 2881 unum'
784 2834 939 2882 saltem
980 2834 1340 2883 documentorum
1382 2851 1522 2897 genus
1557 2834 1642 2882 hac
1670 2833 1731 2880 de
1763 2834 1809 2893 ne
