1980 3260
331 254 420 299 200
649 262 730 294 un.
759 262 806 319 ¹¹:
836 261 950 294 sacr.
979 262 1010 293 1.
1040 261 1092 292 nr
1127 261 1292 293 rornsr.
1323 261 1488 295 nectus.

422 341 700 390 Matrimonia
732 341 871 388 mixta
903 339 1094 388 obnoxia
1128 356 1230 387 esse
1263 339 1580 390 ecclesiasticis
1613 345 1804 411 impedi-

324 419 485 468 mentis
518 418 615 466 sive
647 417 958 465 dirimentibus
993 416 1089 464 sive
1115 415 1462 480 impedientibus
1497 418 1608 467 satis
1641 438 1719 485 per
1750 441 1801 471 se

326 504 530 560 apparet;
558 504 604 541 at
625 493 854 559 quaeritur
876 510 933 540 an
966 492 1084 539 idem
1109 492 1347 539 dicendum
1375 493 1435 540 sit
1458 493 1515 541 de
1538 493 1698 542 iisdem
1723 497 1803 546 im-

323 570 593 636 pedimentis
616 570 736 617 circa
765 568 1048 616 matrimonia
1072 567 1414 616 haereticorum.
1454 570 1564 618 Tota
1599 572 1801 635 quaestio

325 657 393 694 est
411 646 467 694 de
483 645 800 694 ecclesiasticis
819 644 1152 710 impedimentis
1170 663 1180 702 ;
1209 662 1314 692 nam
1332 645 1453 710 quod
1471 647 1629 694 attinet
1646 647 1704 694 ad
1721 648 1805 695 im-

323 722 579 787 pedimenta
596 739 713 787 quae
735 739 789 770 ex
811 721 907 770 iure
931 731 1132 779 naturae,
1154 720 1224 769 vel
1244 739 1297 768 ex
1315 722 1412 769 iure
1435 721 1588 770 divino
1606 723 1800 788 positivo

322 799 549 856 oriuntur,
577 799 759 847 evidens
789 809 859 846 est
892 798 950 846 iis
974 815 1062 846 non
1086 798 1235 845 minus
1260 797 1504 847 catholicos
1529 817 1665 865 quam
1699 817 1804 848 aca-

321 874 509 923 tholicos
532 874 765 923 devinciri.
795 874 910 922 Hinc
942 891 1064 922 error
1081 912 1091 928 ,
1113 891 1182 922 ex.
1211 892 1279 938 gr.
1299 913 1310 932 ,
1338 874 1600 940 impotentia
1615 914 1625 934 ,
1647 893 1802 924 amen-

322 951 407 1009 tia,
433 951 646 1015 ligamen,
674 951 800 999 irrita
827 950 1019 999 reddunt
1046 950 1370 999 haereticorum
1403 952 1537 1000 etiam
1571 953 1795 1017 coniugia.

418 1027 505 1074 Sed
539 1026 743 1092 quaestio
776 1026 911 1075 etiam
946 1026 1002 1074 de
1035 1026 1352 1074 ecclesiasticis
1377 1027 1711 1092 impedimentis
1735 1029 1802 1076 fa-

325 1103 411 1151 cile
445 1102 632 1152 solvitur
664 1121 718 1151 ex
750 1102 946 1168 generali
982 1102 1227 1168 principio,
1269 1120 1359 1168 quo
1398 1103 1607 1150 statuitur
1644 1121 1800 1152 omnes

319 1178 570 1244 baptizatos
586 1218 596 1237 ,
625 1180 826 1245 adeoque
850 1179 981 1227 etiam
1008 1179 1255 1227 haereticos
1271 1217 1281 1235 ,
1309 1177 1640 1227 universalibus
1664 1179 1800 1228 eccle-

321 1256 417 1303 siae
439 1255 615 1321 legibus
649 1256 854 1320 obligari.
894 1255 1015 1303 Licet
1047 1255 1167 1303 enim
1201 1255 1389 1303 rebelles
1414 1255 1504 1303 sint
1531 1265 1666 1321 atque
1698 1272 1802 1322 apo-

321 1341 461 1379 statae
475 1370 485 1388 ‚
514 1332 618 1380 licet
643 1332 735 1380 sint
755 1342 878 1379 extra
901 1330 1135 1379 ecclesiam
1154 1370 1164 1389 ,
1193 1332 1251 1379 ad
1274 1332 1508 1380 ecclesiam
1532 1330 1679 1380 tamen
1703 1332 1800 1381 iure

319 1408 562 1472 pertinent,
591 1418 722 1472 prout
754 1425 858 1456 oves
892 1425 945 1455 ex
979 1407 1085 1456 ovili
1119 1408 1334 1473 profugae
1359 1408 1417 1456 ad
1449 1406 1794 1467 ovilisherum,

319 1500 372 1531 ac
408 1489 539 1548 prcut
570 1483 828 1548 transfugae
859 1483 1025 1532 milites
1058 1483 1115 1531 ad
1149 1484 1399 1549 principem
1432 1494 1637 1549 spectant
1668 1484 1798 1533 cuius

318 1560 530 1608 vexillum
554 1551 807 1609 deseruere.
847 1560 942 1608 Hac
964 1561 1020 1607 de
1044 1578 1091 1608 re
1124 1560 1186 1608 ita
1208 1558 1434 1626 praeclare
1456 1560 1614 1609 scribit
1644 1561 1799 1609 Suare-

319 1637 444 1685 zius:
489 1637 753 1685 «Haeretici
788 1647 893 1685 sunt
924 1654 1027 1685 vere
1072 1637 1261 1685 subiecti
1301 1636 1632 1686 ecclesiasticae
1664 1636 1799 1686 iuris—

317 1712 531 1761 dictioni:
565 1731 671 1761 nam
699 1713 890 1760 retinent
915 1713 1215 1760 characterem
1244 1711 1558 1778 baptismalem
1586 1712 1709 1778 quod
1730 1723 1801 1762 est

318 1789 653 1837 fundamentum
678 1788 816 1837 huius
842 1789 1150 1837 subiectionis.
1189 1789 1246 1836 Et
1269 1788 1376 1836 licet
1400 1788 1647 1836 secundum
1675 1805 1799 1854 prae-

319 1875 487 1913 sentem
530 1876 694 1914 statum
738 1883 826 1913 non
871 1865 962 1913 sint
1006 1865 1210 1913 absolute
1253 1864 1453 1913 membra
1468 1903 1479 1922 ,
1524 1875 1672 1913 tamen
1718 1864 1798 1913 ali-

319 1941 496 2005 quando
529 1942 706 1990 fuerunt
739 1941 962 1999 membra,
1001 1953 1045 1990 et
1073 1951 1227 1990 contra
1261 1941 1332 1988 ius
1360 1940 1577 1989 ecclesiae
1605 1941 1798 2007 acquisi-

317 2026 409 2063 tum
453 2017 759 2083 deliquerunt,
801 2035 851 2066 se
890 2018 948 2066 ab
978 2018 1055 2066 illa
1104 2017 1356 2083 separando
1372 2055 1383 2075 ,
1429 2034 1696 2082 semperque
1738 2018 1795 2065 ad

318 2091 440 2139 illam
464 2093 608 2141 redire
631 2095 728 2158 cogi
759 2104 973 2159 possunt,
1012 2094 1120 2159 quia
1153 2094 1332 2158 signum
1366 2093 1698 2142 ecclesiasticae
1732 2093 1797 2142 iu-

317 2168 590 2218 risdictionis
625 2189 801 2236 semper
823 2172 871 2219 in
895 2189 946 2220 se
979 2171 1194 2228 retinent,
1235 2181 1280 2218 et
1303 2170 1476 2218 ratione
1504 2169 1626 2219 illius
1657 2170 1795 2219 veluti

317 2244 645 2292 inchoationem
700 2247 941 2311 quamdam
995 2247 1164 2295 habent
1211 2245 1511 2294 membrorum
1557 2245 1790 2295 ecclesiae.

318 2320 444 2368 Unde
473 2321 548 2378 fit,
577 2331 627 2368 ut
654 2321 750 2369 eius
780 2324 1029 2389 praeceptis
1053 2324 1332 2389 obligentur,
1366 2333 1410 2371 et
1438 2326 1591 2372 contra
1614 2340 1669 2372 ea
1690 2337 1794 2389 pec-

316 2406 417 2445 cent
448 2395 526 2445 illa
560 2414 649 2445 non
684 2400 902 2447 servando
936 2402 1021 2462 (2).
1040 2420 1063 2446 »

412 2472 522 2520 Cum
567 2473 702 2538 igitur
742 2474 1060 2539 impedimenta
1101 2477 1356 2540 coniugium
1400 2475 1656 2524 dirimentia
1696 2474 1793 2523 iure

317 2548 622 2599 ecclesiastico
645 2551 883 2600 constituta
911 2551 1032 2616 leges
1057 2554 1148 2603 sint
1175 2550 1449 2603 universales
1466 2589 1477 2610 ,
1516 2551 1700 2600 evidens
1722 2561 1792 2600 est

403 2722 449 2764 (2)
469 2725 521 2757 De
546 2723 679 2765 leqibus
699 2724 755 2757 lib.
787 2726 842 2758 IV.
866 2734 936 2767 cap.
967 2731 1016 2760 19.
1034 2735 1068 2759 n.
1097 2731 1128 2760 2.
1144 2727 1188 2760 cr.
1213 2726 1312 2760 etiam
1333 2727 1381 2758 De
1401 2726 1491 2766 Lugo
1511 2724 1547 2756 in
1567 2732 1622 2765 op.
1644 2725 1696 2756 De
1712 2723 1789 2764 fide

313 2774 396 2816 disp.
418 2777 504 2808 XXI.
519 2784 584 2809 sec.
603 2777 630 2809 1.
647 2777 681 2810 et
693 2778 737 2810 11.
758 2778 943 2811 Bellarmin.
957 2781 1008 2812 De
1020 2779 1166 2813 ccclesia
1180 2779 1239 2812 lib.
1255 2780 1316 2812 111.
1333 2786 1405 2819 cap.
1425 2780 1456 2810 4.
1473 2786 1508 2809 n.
1530 2781 1578 2810 ιο.
1594 2777 1628 2809 et
1649 2775 1709 2809 lib.
1727 2777 1786 2810 111.

311 2829 362 2861 De
387 2827 487 2861 laicis
510 2838 540 2862 c.
571 2834 622 2863 22.
642 2838 703 2863 nec
723 2839 788 2864 non
810 2831 906 2865 Biner
927 2834 1127 2875 Apparatus
1155 2831 1362 2866 eruditionis
1386 2830 1639 2864 ecclesiasticae
1659 2829 1742 2871 part.
1760 2828 1789 2866 Ι.

311 2888 339 2917 c.
358 2884 388 2912 3.
406 2880 552 2923 aliosque
572 2882 701 2924 passim.

1967 3021 1974 3033 ›
1962 2403 1980 3006 „mssssfflxfflffl-ffifflxe..
1976 2373 1980 2387 ..
1976 2321 1980 2327 .
1978 2295 1980 2298 .
