1980 3260
318 239 407 290 428
578 256 658 288 Lm.
688 255 733 287 11.
763 255 875 287 SECT.
904 255 1075 286 ALTERA.
1104 255 1156 286 DE
1181 252 1345 288 POTEST.
1374 255 1514 289 clvmt

314 336 374 383 sit
404 335 472 383 vel
506 350 533 380 a
570 343 750 389 natura,
788 332 908 380 civili
942 332 1038 395 lege
1073 332 1190 380 idem
1223 343 1587 396 recognoscente,
1623 335 1694 382 vel
1725 331 1784 384 ab

315 409 414 475 ipsa
447 410 544 472 1656
577 408 723 465 civili,
761 425 878 473 quae
912 407 1008 456 sola
1041 418 1186 472 potest
1219 409 1409 474 positiva
1442 410 1612 459 ratione
1644 410 1785 476 impe*

315 486 512 532 dimenta
546 484 801 532 huiusmodi
837 485 1119 532 constituere.

413 560 459 607 Si
483 560 539 607 de
563 560 803 623 coniugum
829 560 1109 624 separatione
1134 561 1303 624 agitur,
1331 570 1436 608 tunc
1460 561 1506 607 in
1536 572 1786 610 controver-

317 636 431 684 siam
447 636 635 684 veniunt
653 635 813 684 solutio
830 635 996 684 vinculi
1017 653 1069 684 ac
1088 637 1309 702 separatio
1327 637 1641 696 habitationis,
1668 650 1786 721 quae

316 712 465 761 omnia
498 730 524 759 a
557 712 654 775 1656
688 709 808 760 civili
842 712 1015 759 sancita
1050 723 1169 760 sunt.

410 789 461 835 In
495 788 621 836 hisce
653 788 861 836 omnibus
896 789 1043 852 agitur
1076 799 1152 836 aut
1184 789 1241 836 de
1274 789 1525 853 obligandis
1558 791 1602 839 vi
1633 790 1788 838 coniu-

314 864 444 928 gibus
468 876 517 911 ut
539 864 817 921 cohabitent,
846 875 924 912 aut
946 865 1002 911 de
1026 865 1187 912 iisdem
1211 865 1268 912 ad
1293 866 1616 930 separationem
1635 883 1790 931 cogen-

313 940 384 988 dis
399 978 410 998 ,
439 950 512 988 aut
534 940 590 987 de
614 939 892 1003 separatione
915 939 1113 987 alterutri
1139 941 1446 998 concedenda,
1469 941 1605 989 altero
1628 942 1782 990 invito.v

410 1016 605 1063 Tandem
641 1014 698 1062 ab
731 1014 804 1062 his
838 1015 988 1063 causis
1023 1016 1274 1082 dependent
1306 1016 1490 1064 effectus
1524 1018 1695 1066 civiles.

409 1091 627 1139 Nimirum
652 1091 796 1154 agitur
817 1091 873 1138 de
895 1092 1095 1140 coactiva
1118 1093 1376 1140 executione
1399 1092 1547 1156 legum
1569 1093 1782 1141 civilium.

410 1167 544 1233 Atqui
579 1167 777 1215 civilium
810 1167 957 1230 legum
982 1185 1111 1215 nemo
1136 1179 1281 1232 potest
1303 1168 1604 1216 executionem
1632 1186 1790 1233 urgere

315 1254 496 1308 praeter
527 1261 665 1290 unum
699 1243 830 1291 civile
862 1243 1080 1306 regimen,
1109 1243 1230 1308 quod
1264 1261 1341 1291 eas
1375 1244 1605 1292 constituit
1632 1254 1676 1292 et
1697 1262 1792 1292 ser-

317 1330 407 1367 vat.
438 1319 678 1384 Imperium
713 1337 802 1366 non
836 1318 1029 1383 amplius
1055 1319 1167 1367 foret
1199 1337 1359 1378 unum,
1390 1338 1673 1386 supremum,
1701 1320 1794 1386 ple-

314 1412 448 1452 num,
477 1394 750 1442 indivisibile
765 1423 780 1452 ,-
804 1394 843 1442 si
869 1394 915 1440 in
939 1395 1196 1443 executione
1224 1395 1371 1459 legum
1407 1413 1589 1443 suarum
1613 1396 1670 1443 ab
1699 1396 1790 1444 alia

315 1471 525 1519 societate
560 1470 753 1535 pendere
787 1470 983 1518 deberet.
1013 1470 1196 1519 Accedit
1228 1472 1348 1536 quod
1372 1472 1572 1519 executio
1595 1472 1792 1521 coactiva

319 1563 419 1594 esse
452 1555 644 1610 nequeat
677 1545 901 1609 negotium
936 1545 992 1593 ad
1026 1546 1259 1594 ecclesiam
1294 1557 1521 1612 spectans.

413 1621 480 1668 Ab
514 1621 594 1678 iis,
634 1621 712 1686 qui
744 1621 907 1670 vellent
940 1621 1098 1670 harum
1122 1640 1358 1670 causarum
1383 1623 1598 1670 iudicium
1627 1633 1794 1688 pertra-

317 1698 424 1745 here
447 1697 504 1745 ad
527 1697 671 1745 forum
695 1697 1071 1755 ecclesiasticum,
1105 1698 1321 1762 allegatur
1346 1707 1687 1746 sacramentum.
1703 1697 1794 1747 Ast

315 1783 641 1822 sacramentum
686 1791 776 1821 non
821 1773 958 1820 alium
998 1784 1172 1838 praeter
1214 1774 1452 1838 coniugum
1495 1774 1698 1838 gratiam'
1727 1774 1794 1821 ef·-

315 1849 475 1897 fectum
499 1849 717 1914 producit.
743 1849 963 1905 Quoniam
997 1867 1101 1898 vero
1135 1850 1356 1898 eiusmodi
1391 1850 1534 1914 gratia
1567 1868 1655 1899 non
1690 1866 1793 1898 con-

317 1925 453 1972 fertur
477 1943 504 1972 a
527 1925 793 1989 coniugibus
829 1925 1045 1983 invicem,
1083 1926 1164 1974 sed
1197 1926 1375 1991 utrique
1409 1944 1436 1973 a
1468 1928 1586 1984 Deo,
1614 1927 1672 1973 de
1705 1926 1792 1974 hac

318 2000 442 2048 nulla
458 2012 656 2049 movetur
674 2001 747 2049 lis.
771 2002 888 2065 Ergo
904 2001 1050 2049 locum
1067 2002 1170 2050 heic
1186 2020 1274 2049 non
1293 2002 1427 2049 habet
1444 2012 1787 2050 sacramentum,

367 2101 375 2104 »
414 2076 673 2140 Confugitur
706 2077 871 2143 pariter
893 2076 950 2124 ad
972 2077 1433 2134 indissolubilitatem;
1460 2095 1614 2126 verum
1637 2087 1680 2126 et
1707 2078 1792 2126 hoc

319 2153 509 2210 frustra3
554 2153 776 2218 siquidem
816 2152 1189 2202 indissolubilitas
1224 2172 1252 2202 a
1290 2154 1482 2202 naturali
1527 2154 1654 2218 prius
1693 2154 1791 2219 1656

316 2228 511 2293 expetita
545 2228 742 2276 sancitur
775 2247 802 2276 a
834 2229 1009 2293 legibus
1044 2228 1279 2285 civilibus,
1324 2239 1459 2294 atque
1499 2229 1684 2278 effectus
1723 2242 1794 2278 est

318 2303 465 2351 civilis
489 2302 698 2366 coniugii.
728 2305 867 2367 Igitur
889 2305 1012 2353 illius
1037 2305 1171 2353 etiam
1195 2305 1396 2353 executio
1420 2304 1477 2353 ad
1501 2305 1645 2354 forum
1661 2305 1793 2355 civile

318 2389 504 2446 spectat.

412 2455 632 2503 Adiicitur
666 2466 915 2520 praeterea,
954 2458 1074 2522 quod
1114 2458 1273 2506 debeat
1312 2427 1502 2506 ecclesia
1541 2474 1590 2505 se
1629 2458 1676 2504 in
1718 2457 1790 2505 his

317 2530 567 2579 immiscere
600 2531 656 2579 ob
689 2532 987 2579 conscientiae
1020 2533 1335 2597 obligationem
1368 2552 1422 2581 ex
1455 2540 1544 2598 qua
1574 2533 1788 2596 coniuges

317 2607 572 2656 cohabitare
595 2607 779 2666 debent,
808 2625 952 2673 neque
976 2628 1024 2657 se
1049 2620 1257 2674 separare
1282 2610 1353 2658 vel
1379 2609 1476 2659 sola
1500 2609 1631 2657 etiam
1662 2608 1787 2656 habi-

317 2684 481 2732 tatione
513 2694 724 2749 possunt,
762 2684 934 2750 absque
955 2686 1077 2748 gravi
1101 2703 1253 2734 causa.
1282 2688 1348 2734 Ita
1371 2684 1521 2751 plane;
1548 2701 1702 2733 verum
1739 2685 1787 2731 in

318 2759 439 2806 hunc
473 2760 606 2807 finem
640 2759 774 2808 habet
795 2759 986 2809 ecclesia
1009 2761 1153 2809 forum
1177 2761 1420 2818 internum,
1453 2760 1595 2809 forum
1628 2777 1789 2846 nempe

319 2835 647 2900 poenitentiale.
