1980 3260
305 255 395 300 146
621 265 701 296 LIB.
731 264 778 296 11.
807 263 921 295 SEGT.
950 264 980 295 1.
1010 263 1061 294 DE
1086 262 1251 294 Pornsr.
1281 264 1448 297 nectus.

396 347 551 393 Verum
597 359 714 389 nunc
758 342 950 389 dubitari
987 358 1075 388 non
1111 358 1245 405 posse
1289 341 1466 389 videtur
1498 342 1555 389 de
1593 337 1779 394 veritate

302 421 570 477 sententiae,
598 436 715 484 quae
736 428 868 481 negat
895 418 1014 464 hunc
1044 416 1388 481 propinquitatis
1419 417 1609 481 gradum
1632 435 1660 465 a
1682 420 1780 468 iure

301 496 490 546 naturali
522 495 707 543 vetitum
741 511 866 550 esse,
896 510 1103 558 quaeque
1136 493 1303 541 idcirco
1337 493 1556 552 affirmat,
1585 494 1780 543 affinita-

301 587 386 621 tem
415 572 623 620 dirimere
658 570 916 633 coniugium
939 587 992 616 ex
1018 569 1115 617 iure
1140 579 1311 616 tantum
1346 569 1540 634 positivo
1572 570 1780 619 ecclesia-

301 650 436 706 stico,
465 659 508 695 et
531 647 652 712 quod
676 663 957 711 consequens
982 656 1067 702 est,
1096 662 1232 710 posse
1251 664 1278 693 a
1296 645 1507 710 pontifice
1530 663 1714 694 romano
1730 647 1778 693 in

303 726 400 790 ipso
418 724 550 771 etiam
569 723 714 788 primo
732 722 873 786 gradu
890 722 1159 787 dispensari.
1183 722 1358 769 Etenim
1375 722 1641 770 Benedictus
1662 722 1773 770 XIV.

302 810 451 865 aperte
468 800 597 848 docet
624 799 955 847 matrimonium
974 799 1021 845 in
1045 799 1188 864 primo
1213 797 1447 846 affinitatis
1471 799 1612 863 gradu
1635 798 1781 848 lineae

302 888 448 925 rectae
482 877 575 923 iure
612 885 778 923 tantum
806 877 993 940 positivo
1028 875 1234 922 interdici
1278 877 1427 938 (108).
1460 877 1516 924 Et
1547 873 1707 924 iterum
1731 876 1779 924 in

302 970 440 1001 causa
472 953 667 1018 quadam
704 952 990 1016 frisingensi,
1018 970 1134 1018 quae
1167 952 1250 999 fuit
1283 953 1513 1017 proposita
1543 970 1781 1018 supremae

302 1029 633 1093 congregationi
689 1046 752 1077 ss.
800 1029 1104 1094 inquisitionis
1150 1028 1206 1075 de
1250 1028 1532 1076 matrimonio
1583 1029 1781 1077 ineundo

303 1105 419 1152 inter
450 1105 659 1153 vitricum
693 1115 737 1152 et
769 1104 1019 1170 privignam
1042 1143 1052 1161 ,
1100 1104 1312 1151 iudicium
1357 1121 1488 1151 suum
1522 1104 1595 1152 his
1628 1105 1779 1153 verbis

304 1170 477 1230 emisit:
504 1183 637 1230 «Non
661 1199 762 1230 esse
785 1181 1079 1229 dubitandum
1104 1180 1159 1228 de
1182 1191 1400 1246 potestate
1424 1181 1651 1246 pontificis
1674 1198 1781 1229 con-

304 1259 490 1306 cedendi
514 1259 894 1324 dispensationem
918 1258 963 1304 in
989 1257 1132 1322 primo
1166 1258 1308 1322 gradu
1335 1258 1568 1306 affinitatis
1591 1258 1639 1304 in
1662 1257 1780 1306 linea

305 1346 424 1382 recta
456 1335 590 1382 etiam
624 1353 677 1382 ex
710 1335 867 1399 copula
901 1334 1024 1381 licita
1058 1333 1171 1381 inter
1202 1334 1407 1382 vitricum
1432 1345 1476 1382 et
1499 1334 1775 1400 privignam,

304 1421 349 1457 et
371 1428 396 1458 e
423 1422 590 1458 contra.
616 1412 711 1458 Non
739 1410 947 1474 expedire
981 1410 1127 1457 tamen
1144 1449 1154 1468 ‚
1192 1411 1311 1475 quod
1345 1411 1565 1459 eiusmodi
1600 1412 1781 1476 dispen-

304 1486 500 1533 sationes
545 1485 843 1533 concedantur
887 1487 1076 1548 (109).»
1115 1486 1172 1533 Et
1209 1487 1366 1534 merito
1407 1487 1590 1552 quidem
1629 1487 1779 1553 quoad

303 1572 537 1627 utramque
570 1573 761 1628 partem,
801 1563 1012 1610 nimirum
1047 1563 1194 1628 quoad
1225 1574 1486 1629 potestatem
1521 1582 1612 1630 qua
1645 1564 1782 1630 pollet

305 1640 498 1704 pontifex
530 1640 576 1686 in
611 1639 696 1688 hoc
740 1639 971 1688 affinitatis
1016 1641 1158 1704 gradu
1186 1679 1196 1698 ‚
1234 1652 1278 1689 et
1316 1642 1464 1707 quoad
1499 1642 1779 1706 negationem

309 1715 677 1779 dispensationis.

400 1792 456 1840 Et
488 1792 670 1857 quidem
705 1803 908 1858 respectu
942 1793 1052 1840 iuris
1089 1794 1295 1858 positivi,
1323 1812 1412 1859 quo
1435 1794 1655 1842 eiusmodi
1680 1809 1782 1842 (3011-ν

309 1868 429 1930 iugia
472 1869 818 1927 interdicuntur,
856 1887 908 1917 ac
942 1870 1130 1935 proinde
1173 1871 1321 1936 quoad
1365 1880 1627 1937 potestatem
1670 1888 1783 1937 pon-

310 1943 443 1990 tificis
478 1943 704 1992 relaxandi
737 1946 784 1992 in
818 1945 903 1993 hoc
949 1946 1267 2011 impedimento
1296 1985 1306 2004 ,
1349 1957 1588 2011 utrumque
1627 1946 1780 1994 inferri

312 2018 414 2066 licet
437 2037 490 2066 ex
513 2021 793 2086 antiquorum
827 2021 1118 2070 conciliorum
1152 2023 1349 2070 statutis.
1377 2022 1551 2069 Etenim
1586 2032 1784 2087 praeter-

310 2095 464 2143 missis
488 2112 587 2143 can.
612 2099 687 2143 61.
710 2098 886 2146 concilii
911 2098 1170 2162 agathensis
1195 2100 1345 2162 (110),
1366 2108 1410 2146 et
1432 2115 1532 2146 ean.
1550 2099 1627 2145 30.
1649 2115 1776 2147 conc.

312 2171 579 2236 epaonensis
607 2174 733 2236 (111)
755 2212 765 2230 ,
792 2174 957 2239 quibus
981 2174 1065 2222 etsi
1089 2192 1299 2239 expresse
1322 2163 1612 2240 prohibeatur
1633 2174 1782 2222 matri-

313 2247 511 2294 monium
551 2265 651 2295 cum
684 2250 909 2314 privigna,
948 2269 1050 2299 cum
1084 2268 1271 2300 noverca
1310 2251 1463 2299 relicta
1500 2251 1677 2309 fratris,
1718 2268 1782 2299 re-

310 2322 502 2388 lictaque
534 2324 768 2381 avunculi,
798 2329 1069 2392 praecipitur
1091 2338 1263 2386 tamen,
1291 2346 1347 2376 ne
1369 2339 1474 2376 ante
1497 2345 1596 2375 eam
1626 2327 1783 2394 prohi-

309 2398 523 2447 bitionem
559 2411 783 2449 contracta
817 2404 1022 2466 coniugia
1055 2404 1385 2462 dissolvantur;
1423 2403 1527 2462 his,
1567 2405 1776 2470 inquam,

406 2560 493 2601 (108)
516 2561 564 2593 De
576 2560 705 2602 synodo
722 2560 864 2594 dioeces.
878 2562 935 2594 lib.
949 2564 1003 2595 lx.
1022 2572 1051 2596 c.
1062 2566 1149 2597 xm.
1161 2566 1194 2597 et
1206 2564 1326 2606 passim
1340 2563 1374 2595 in
1389 2564 1528 2600 Quae-st.
1542 2563 1729 2595 canonicis.

404 2611 492 2652 (109)
513 2612 564 2645 Gr.
582 2612 710 2655 Rigant.
734 2615 861 2646 comm.
888 2614 920 2646 in
948 2625 1011 2657 reg.
1035 2619 1147 2649 XLIX.
1170 2615 1323 2650 cancell.
1338 2624 1372 2648 n.
1392 2619 1430 2648 18
1452 2623 1545 2656 seqq.
1559 2623 1618 2647 nec
1636 2622 1703 2646 non
1722 2615 1781 2647 Be·

311 2663 387 2697 ned.
404 2667 489 2698 xlv.
505 2667 556 2698 De
566 2666 694 2708 synodo
708 2666 766 2699 lib.
779 2669 837 2700 lx.
851 2676 922 2710 cap.
936 2670 1023 2702 xm.
1038 2679 1073 2703 n.
1088 2673 1119 2703 4.
1775 2685 1780 2693 ·

407 2718 435 2759 (1
445 2717 495 2760 ιο)
511 2719 605 2761 Apud
620 2720 831 2753 Sirmundum
846 2722 947 2754 conc.
962 2724 1111 2765 antiqua
1127 2723 1274 2757 Galliae.
1291 2724 1373 2756 tom.
1389 2723 1416 2755 1.
1430 2731 1504 2764 pag.
1522 2725 1592 2755 172.

405 2771 493 2812 (111)
514 2772 598 2805 lbid.
617 2781 690 2814 pag.
706 2777 775 2807 199.
789 2774 893 2807 Ambo
907 2775 941 2807 hi
956 2784 1095 2809 canones
1107 2779 1156 2809 De
1169 2777 1307 2809 incestis
1322 2776 1455 2818 nuptiis
1470 2775 1587 2808 iisdem
1601 2775 1704 2808 ferme
1715 2783 1786 2808 ver·

317 2821 368 2855 bis
382 2824 504 2857 exarati
517 2826 604 2858 sunt.
619 2825 744 2858 Horum
757 2826 969 2860 conciliorum
983 2828 1120 2861 alterum
1133 2828 1330 2862 celebratum
1344 2829 1394 2862 est
1406 2836 1459 2861 an.
1474 2831 1546 2862 506.
1562 2828 1700 2861 alterum
1709 2835 1789 2860 vero

315 2883 370 2908 an.
388 2878 459 2908 517.
