1980 3260
325 266 414 312 326
643 277 723 309 un.
753 275 799 307 11.
830 275 942 307 sne-r.
973 276 1003 306 1.
1032 274 1085 305 m:
1111 273 1277 305 rornsr.
1303 273 1470 306 seems.

323 372 451 404 sacro
486 354 605 401 fonte
639 352 791 400 abluta
821 352 976 409 fuerit,
1018 360 1095 398 aut
1130 350 1281 398 seculo
1310 350 1524 397 nuncium
1548 355 1793 414 remittere,

322 442 399 479 aut
436 431 483 476 in
518 439 636 478 statu
670 429 902 477 viduitatis
937 428 1074 475 vitam
1103 427 1375 489 transigere,
1407 426 1512 474 licet
1534 444 1638 491 pars
1656 430 1799 486 ,altera

320 506 596 555 reconciliari
621 505 751 562 velit,
780 514 823 552 et
847 505 946 552 sine
968 503 1239 552 contumelia
1262 503 1484 551 Creatoris
1513 503 1800 561 cohabitare?

415 584 548 648 Resp.
587 583 831 645 Coniugem
873 582 929 628 ad
970 580 1104 628 fidem
1146 597 1407 629 conversam
1448 591 1491 629 et
1529 581 1800 646 baptizatam

319 677 453 726 posse
488 660 635 707 facere
670 658 935 714 divortium,
976 657 1125 722 quoad
1159 667 1300 705 torum
1320 696 1330 714 ,
1359 674 1386 704 a
1407 657 1596 721 coniuge
1628 658 1800 713 infideli

317 736 375 785 ο1)
410 736 677 785 adulterium
712 735 768 783 ab
803 753 855 783 eo
895 734 1187 782 commissum
1204 772 1214 791 ,
1263 734 1471 799 quamvis
1505 735 1590 784 iste
1621 736 1800 789 veniam

318 822 465 878 petat,
494 822 538 860 et
560 811 667 860 velit
699 811 955 859 cohabitare
989 810 1089 858 sine
1122 810 1392 858 contumelia
1426 811 1647 861 Creatoris
1670 813 1794 875 (48).

417 888 789 954 Quandoquidem
823 905 928 937 vero
962 888 1008 934 in
1043 897 1270 952 postremo
1301 887 1437 936 dubio
1478 899 1627 937 actum
1650 899 1720 937 est
1740 888 1799 937 de

319 965 537 1014 adulterio
554 1003 564 1023 ,
598 965 758 1014 iuverit
791 965 996 1013 adtexere
1020 982 1136 1030 quae
1158 965 1278 1012 circa
1301 964 1506 1013 adulterii
1535 982 1670 1014 casus
1694 982 1799 1031 pno-

318 1042 494 1108 positae
518 1052 623 1090 sunt
645 1042 949 1107 quaestiones,
973 1041 1310 1106 solutionesque
1335 1041 1501 1090 addere
1522 1059 1639 1107 quae
1655 1059 1683 1090 a
1699 1054 1794 1092 sac.

316 1118 737 1183 congregationibus
772 1117 1048 1182 prodierunt.

413 1196 657 1260 Supremae
691 1212 754 1243 ss.
788 1194 1096 1259 inquisitionis
1143 1194 1475 1257 congregationi
1519 1195 1798 1260 propositum

317 1270 403 1319 fuit
425 1271 613 1319 dubium
629 1310 639 1329 ‚
667 1281 717 1319 ut
739 1271 872 1336 paulo
897 1281 1000 1318 ante
1022 1271 1217 1319 vidimus
1233 1309 1244 1328 ,
1272 1271 1329 1318 de
1352 1270 1524 1319 infideli
1547 1271 1663 1337 «qui
1687 1271 1799 1321 fide-

314 1347 403 1396 lem
445 1349 680 1411 coniugem
716 1365 805 1395 non
840 1347 1061 1404 dimittit,
1108 1348 1187 1395 sed
1227 1347 1486 1395 cohabitare
1526 1348 1711 1414 pergit:v
1752 1359 1798 1397 at

314 1424 478 1471 coniux
516 1424 616 1471 sine
649 1421 920 1470 contumelia
953 1422 1201 1480 Creatoris,
1240 1424 1330 1472 imo
1363 1441 1466 1472 cum
1500 1442 1582 1490 spe
1614 1442 1798 1474 conver-

312 1500 476 1557 sionis,
515 1500 653 1565 idque
685 1499 743 1547 ad
778 1499 959 1563 longum
994 1509 1245 1565 tempus...
1269 1501 1377 1548 .Sed
1405 1511 1586 1566 postea,
1625 1500 1798 1551 mutata

313 1576 562 1634 voluntate,
599 1576 796 1624 infidelis
830 1576 1045 1633 discedit,
1080 1576 1178 1624 sive
1210 1577 1314 1624 odio
1346 1576 1475 1635 fidei,
1509 1577 1605 1627 sive
1629 1579 1723 1626 alia
1743 1578 1797 1627 de

314 1671 462 1701 causa.
492 1653 587 1701 Hac
616 1653 764 1718 posita
796 1653 900 1701 facti
935 1653 1084 1719 specie
1101 1692 1111 1711 ,
1149 1654 1472 1719 quaerebatur,
1510 1672 1569 1703 an
1601 1656 1652 1702 in
1684 1671 1798 1703 casu
1856 1705 1859 1708 ,

313 1729 543 1778 discessus
578 1731 624 1777 in
653 1730 800 1778 odium
821 1730 927 1795 fidei
955 1741 1155 1778 maneret
1183 1730 1403 1794 integrum
1428 1730 1500 1778 ius
1525 1731 1642 1796 parti
1672 1730 1795 1780 fideli

313 1807 468 1855 utendi
488 1807 724 1871 privilegio
743 1807 873 1865 fidei,
895 1825 983 1855 non
1000 1807 1207 1856 obstante
1231 1807 1421 1873 pacifica
1443 1807 1642 1856 infidelis
1665 1808 1797 1857 coha-

311 1882 529 1932 bitatione
552 1895 653 1950 post
676 1884 859 1932 alterius
894 1884 1038 1950 partis
1072 1884 1409 1933 conversionem
1431 1884 1489 1932 ad
1514 1884 1648 1933 fidem
1675 1884 1796 1933 chri-

315 1959 507 2008 stianam
524 1999 534 2018 ,
575 1978 628 2008 ac
660 1978 927 2026 responsum
961 1972 1056 2010 est:
1096 1962 1373 2027 affirmative.
1404 1961 1711 2018 Quaerebatur
1731 1962 1796 2010 in-

316 2053 452 2101 super
485 2047 631 2085 utrum
668 2038 784 2103 parti
818 2038 941 2086 fideli
975 2049 1175 2086 maneret
1207 2038 1375 2103 pariter
1406 2038 1629 2102 integrum
1662 2038 1796 2103 privi-

317 2111 484 2176 legium
521 2114 650 2171 fidei,
690 2115 864 2163 etiamsi
900 2115 1096 2163 infidelis
1131 2115 1188 2163 ab
1221 2133 1274 2163 ea
1307 2115 1557 2164 discederet
1588 2114 1647 2164 ob
1679 2114 1795 2165 alias

316 2205 480 2237 causas
517 2190 573 2237 ab
607 2192 706 2239 eius
739 2192 1029 2241 conversione
1062 2209 1115 2240 ac
1149 2191 1238 2240 fide
1261 2191 1635 2258 independentes,·
1661 2202 1706 2240 et
1726 2210 1796 2240 nc-

314 2267 460 2330 9ative
494 2283 759 2330 responsum
782 2269 890 2326 fuit,
919 2268 959 2316 si
983 2286 1088 2333 pars
1114 2267 1262 2316 fidelis
1286 2278 1390 2334 post
1411 2266 1593 2332 longum
1615 2279 1794 2334 tempus

314 2341 529 2407 pacificae
558 2343 899 2393 cohabitationis
937 2356 1038 2410 post
1071 2345 1407 2394 conversionem
1441 2345 1647 2410 praebuit
1678 2342 1792 2410 parti

315 2416 488 2464 infideli
521 2417 686 2464 iustam
719 2430 762 2466 et
795 2421 1105 2468 rationabilem
1139 2421 1401 2470 discedendi
1435 2437 1647 2479 causam,
1685 2431 1794 2486 puta

315 2510 396 2559 per
427 2493 721 2552 adulterium;
759 2495 817 2543 ob
851 2497 988 2562 idque
1020 2498 1224 2547 additum
1257 2498 1373 2548 fuit:
1412 2497 1655 2545 Dummodo
1681 2514 1792 2562 pars

413 2628 478 2670 (48)
500 2627 562 2661 Die
582 2632 613 2661 5.
632 2630 730 2662 Mart.
755 2633 844 2662 1816.
864 2639 924 2671 pro
942 2631 1100 2664 vicariatu
1122 2633 1301 2674 apostolico
1321 2630 1482 2664 Tunchini
1503 2629 1724 2663 occidentalis.
1743 2631 1792 2662 Ex

317 2681 525 2723 responsione
544 2681 586 2713 ad
608 2686 638 2714 5.
655 2682 793 2714 dubium
815 2684 903 2724 patet
919 2693 985 2715 non
1006 2686 1093 2717 recte
1113 2685 1250 2717 sensisse
1269 2683 1461 2724 nonnullos,
1483 2683 1542 2724 qui
1563 2682 1793 2716 existimarunt

315 2735 378 2768 hoe
399 2735 433 2767 in
451 2743 528 2768 casu
547 2744 642 2776 posse
661 2735 797 2768 dissolvi
810 2745 851 2768 ex
867 2738 956 2777 parte
971 2737 1060 2770 fideli
1080 2738 1269 2780 coniugium
1288 2736 1397 2778 quoad
1418 2736 1603 2776 vinculum,
1620 2735 1724 2768 innixi
1738 2737 1788 2769 illi

313 2789 475 2830 principio
496 2787 636 2830 generali
653 2789 799 2831 Gregorii
816 2791 875 2821 ΠΙ.
892 2798 963 2831 cap.
983 2792 1147 2824 Pervenit
1168 2796 1199 2823 2.
1216 2790 1260 2823 de
1280 2788 1527 2829 iureiurando,
1545 2790 1589 2822 ut
1601 2787 1790 2831 sranyenli

306 2840 515 2882 fldemfldes
524 2840 725 2884 sranyatur
741 2842 861 2876 eidem.
878 2843 1044 2885 Siquidem
1060 2853 1227 2886 perperam
1244 2843 1286 2876 ab
1300 2842 1379 2885 ipsis
1393 2842 1470 2876 huic
1482 2841 1572 2875 casui
1590 2841 1787 2887 principium

313 2894 402 2929 istud
424 2895 622 2937 applicatum
647 2895 720 2930 ruit.
