1980 3260
299 231 388 277 218
631 239 711 273 m.
740 240 787 272 ιι.
817 239 929 272 secr.
962 238 991 270 ι.
1021 238 1074 270 ni:
1110 237 1275 270 rornsr.
1306 238 1470 273 nectus.

294 333 454 371 statum
488 318 745 384 pristinum,
775 317 820 364 in
842 334 933 382 quo
957 316 1164 363 nimirum
1197 325 1323 363 erant
1351 327 1453 364 ante
1481 317 1614 367 edicti
1640 338 1762 369 nan-

297 394 493 443 netensis
510 393 848 450 revocationem,
870 392 958 439 iam
974 408 1079 439 vero
1096 400 1226 438 antea
1241 390 1306 438 uti
1324 390 1474 439 valida
1492 392 1668 442 illorum
1686 396 1763 445 ha·-

299 471 513 518 bebantur
529 469 733 532 coniugia
749 488 758 526 ;
781 485 885 532 ergo
901 467 1049 517 valida
1065 467 1198 515 etiam
1217 475 1372 531 postea
1390 468 1562 516 censeri
1581 468 1759 529 dehent;

299 549 343 594 2.
373 546 479 612 quia
510 546 568 593 ita
604 545 687 592 fert
719 545 948 608 analogia,
986 560 1101 609 quae
1135 543 1367 591 intercedit
1401 543 1515 592 inter
1547 545 1766 595 conditio-

298 639 398 669 nem
433 621 773 669 acatholicorum
798 620 842 666 in
862 620 1123 677 Hollandia‚
1153 637 1233 684 pro
1258 619 1422 685 quibus
1458 638 1586 668 suam
1609 622 1767 671 Decla-

297 697 509 744 rationem
543 697 666 744 dedit
692 696 1086 743 BenedictusXIV.
1106 705 1148 742 et
1171 713 1268 742 eam
1292 695 1336 742 in
1362 712 1451 760 qua
1483 695 1768 744 inveniuntur

297 771 530 820 acatholici
566 772 612 819 in
647 771 818 828 Galliis,
862 771 1063 836 adeoque
1097 771 1322 835 praesumi
1356 771 1487 818 dehet
1518 781 1561 819 et
1592 771 1650 819 ad
1682 771 1767 820 hos

296 847 619 896 conniventiam
642 847 968 896 benedictinam
993 865 1094 895 esse
1115 847 1458 905 extendendam3
1483 850 1527 895 3.
1544 848 1651 913 quia
1666 863 1767 896 cum

300 923 508 972 haeretici
534 923 580 971 in
604 923 757 972 Galliis
789 924 1043 972 societatem
1073 921 1328 971 distinctam
1352 940 1379 971 a
1401 924 1633 972 catholicis
1669 924 1766 973 effi-

299 999 417 1048 ciant
448 1017 549 1048 cum
582 999 677 1048 suis
706 1000 898 1065 propriis
933 999 1110 1065 templis
1135 1017 1186 1048 ac
1209 999 1452 1055 ministris,
1491 1001 1663 1049 censeri
1688 1001 1767 1050 de-

297 1075 403 1123 bent
427 1075 564 1124 veluti
597 1076 745 1141 adepti
779 1077 955 1141 plenam
988 1076 1133 1124 cultus
1167 1075 1414 1124 libertatem
1433 1114 1443 1133 ‚
1471 1077 1550 1141 qui
1575 1077 1767 1143 proinde

298 1152 504 1216 coniugia
537 1169 619 1201 sua
651 1153 773 1200 iuxta
805 1153 1008 1218 proprias
1042 1152 1164 1216 leges
1197 1151 1421 1200 celebrare
1454 1163 1666 1217 possunt,
1694 1153 1766 1202 sin

300 1228 448 1277 minus
490 1229 608 1278 licite
636 1268 647 1289 ‚
697 1230 853 1278 saltem
892 1229 1051 1277 valide.
1092 1230 1143 1294 In
1183 1228 1299 1277 hanc
1339 1229 1602 1278 sententiam
1636 1229 1683 1277 in
1717 1235 1767 1278 se

299 1314 540 1369 spectatam
567 1306 677 1355 satis
706 1305 966 1355 inclinatum
1000 1322 1049 1354 se
1082 1305 1313 1372 profitetur
1338 1306 1393 1354 D.
1417 1306 1617 1355 Carriere
1642 1307 1759 1369 (29).

947 1465 994 1528 5.
1035 1465 1091 1512 11.

324 1603 517 1643 Argumenta
531 1603 737 1644 proremutur
758 1613 870 1638 eorum
887 1605 945 1647 qui
959 1606 1167 1639 Matrimonia
1180 1607 1250 1640 sive
1264 1607 1382 1648 mixta,
1396 1607 1465 1640 sive
1482 1607 1738 1640 acatholicorum

408 1655 491 1688 inter
511 1664 546 1690 se
565 1656 657 1690 nulla
676 1665 715 1690 ac
735 1657 827 1691 irrita
846 1666 916 1691 esse
937 1658 1137 1692 contendunt
1156 1659 1214 1693 ubi
1236 1659 1401 1693 decretum
1422 1660 1648 1693 'tridentinum

883 1711 947 1744 ruit
966 1711 1177 1753 publicatum.

392 1819 614 1870 Hactenus
633 1833 834 1871 auctores
852 1824 1155 1872 recensuimus
1173 1825 1251 1890 qui
1268 1824 1462 1873 valorem
1486 1835 1766 1890 propugnant

298 1896 599 1960 coniugiorum
626 1899 683 1947 de
715 1900 880 1966 quibus
915 1900 1089 1964 agimus
1112 1911 1155 1949 et
1176 1911 1436 1965 argumenta
1468 1901 1639 1966 potiora
1661 1901 1763 1966 qui-

298 1970 382 2019 bus
410 1975 668 2023 sententiam
701 1994 829 2024 suam
863 1987 1056 2025 statuere
1088 1977 1235 2026 adnisi
1269 1987 1387 2025 sunt.
1417 1977 1467 2024 Id
1499 1977 1648 2042 ipsum
1671 1978 1762 2025 iam

300 2059 573 2111 praestemus
614 2063 783 2117 oportet
815 2063 907 2101 tum
940 2054 1087 2119 quoad
1121 2064 1321 2102 auctores
1355 2063 1448 2102 tum
1482 2053 1629 2119 quoad
1663 2054 1764 2102 fun-

300 2122 506 2173 damenta
550 2130 790 2179 sententiae
835 2132 1040 2196 negantis
1071 2130 1264 2180 valorem
1298 2131 1554 2180 eorumdem
1599 2148 1768 2181 connu-

297 2198 488 2248 biorum.

395 2275 482 2332 Qui
510 2277 643 2341 igitur
675 2281 838 2332 nullius
871 2284 1002 2349 plane
1033 2284 1199 2333 valoris
1233 2283 1452 2332 eiusmodi
1486 2283 1769 2333 matrimonia

298 2368 399 2399 esse
422 2355 689 2404 contendunt
712 2359 875 2422 pariter
892 2378 980 2412 non
999 2362 1129 2426 pauci
1154 2372 1279 2419 sunt3
1307 2361 1423 2408 inter
1440 2378 1554 2427 quos
1573 2361 1766 2409 eminent

300 2427 531 2492 Pignatelli
558 2432 989 2494 (30),car.Vincent.
1014 2438 1140 2486 Petra
1167 2439 1263 2502 (31)
1282 2476 1292 2495 ,
1320 2436 1608 2485 Reiffenstuel
1636 2438 1759 2500 (32),

394 2569 461 2612 (29)
481 2572 557 2604 Loc.
574 2572 630 2605 cit.

393 2623 462 2663 (3ο)
484 2624 737 2658 Consultation.
766 2630 964 2662 canonicar.
989 2631 1068 2664 tom.
1092 2634 1132 2664 v.
1156 2631 1304 2666 consult.
1325 2632 1465 2665 LXXIX.
1489 2639 1522 2663 n.
1547 2634 1586 2664 26
1613 2638 1705 2672 seqq.
1732 2630 1766 2663 et

297 2675 379 2708 tom.
398 2677 486 2709 vul.
501 2677 649 2711 consult.
665 2679 748 2712 clv,
761 2688 793 2712 n.
809 2685 839 2713 2.
946 2688 949 2694 ’

393 2728 461 2770 (31)
483 2731 716 2765 commentar.
732 2731 780 2765 ad
805 2736 984 2769 constitut.
1001 2737 1178 2780 apostolic.
1208 2739 1329 2771 Romae
1355 2739 1444 2770 1711.
1460 2737 1540 2770 tom.
1562 2737 1618 2770 lv.
1635 2734 1677 2768 ad
1691 2742 1768 2768 con-

296 2780 362 2814 stit.
380 2782 453 2815 xil.
466 2784 596 2817 Ioannis
612 2785 715 2818 xxn.
730 2794 763 2818 n.
777 2789 814 2819 24
830 2794 920 2829 seqq.

388 2834 456 2876 (ιι)
476 2836 547 2868 Lib.
564 2838 619 2869 ιν.
634 2837 686 2871 tit.
706 2839 760 2871 111.
777 2846 809 2871 n.
828 2841 896 2872 140.
