1980 3260
339 236 429 283 268
655 246 737 281 m.
765 246 813 280 11.
839 245 954 280 secr.
982 245 1013 278 1.
1041 244 1094 278 nr.
1118 243 1282 278 rorssr.
1312 243 1479 280 nectus.

429 329 573 393 Atque
605 325 715 375 haec
748 336 872 383 sunt,
901 342 1016 392 quae
1049 324 1257 389 colligere
1290 325 1415 390 potui
1448 325 1635 391 suisque
1666 328 1802 377 decu-

335 403 496 452 mentis
520 402 807 451 communire.
835 401 916 450 Ast
938 418 1027 449 non
1051 400 1161 448 satis
1184 400 1516 466 prospexissem
1539 400 1647 449 huic
1673 420 1804 468 argu-

335 488 481 529 mento
504 478 592 527 nisi
615 478 855 527 adiicerem
876 477 974 526 loca
996 476 1145 525 omnia
1167 477 1332 543 quibus
1356 495 1410 525 ex
1427 494 1466 526 s.
1485 477 1609 525 sedis
1632 478 1805 529 indulto

335 565 516 603 extensa
538 565 607 603 est
627 553 878 603 Declaratio
901 554 1007 601 data
1028 571 1056 602 a
1085 553 1325 602 Benedicto
1355 554 1467 600 XIV.
1494 554 1551 602 de
1583 554 1808 603 matrimo-

334 630 423 679 niis
455 629 735 678 Hollandiae.
764 629 886 678 Haec
917 629 1036 677 enim
1069 629 1284 678 historica
1318 629 1478 677 notitia
1517 646 1607 677 non
1646 646 1806 695 pamm

334 706 519 755 inservit
548 706 811 754 dirimendis
844 706 1204 772 quaestionibus,
1235 723 1352 771 quae
1385 706 1630 754 identidem
1663 706 1807 754 insur-

334 793 447 848 gunt
476 783 596 831 circa
625 782 820 831 valorem
854 783 1174 847 coniugiorum.
1204 784 1338 841 Nam,
1370 793 1421 831 ut
1451 783 1669 841 vidimus,
1697 783 1809 831 haec

334 859 582 908 Declaratio
619 859 724 908 data
755 870 825 908 est
863 860 920 908 ad
945 860 1176 909 connubia
1208 860 1304 908 sive
1334 860 1661 909 haereticorum
1694 860 1810 908 inter

335 952 407 994 se,
435 935 531 985 sive
562 935 621 984 ad
654 936 879 985 connubia
910 936 1048 985 mixta
1079 936 1230 984 valida
1262 936 1531 985 declaranda
1564 938 1660 986 sive
1692 954 1811 1003 quae

335 1012 383 1060 in
406 1012 659 1063 Foederatis
682 1013 922 1078 provinciis
940 1012 1205 1061 Hellandiae
1227 1012 1336 1059 inita
1358 1012 1523 1060 fuerint
1537 1051 1549 1070 ,
1577 1013 1672 1062 sive
1694 1022 1810 1079 quae

336 1086 385 1135 in
423 1098 650 1153 posterum
685 1088 903 1137 inirentur
941 1089 1039 1136 sine
1064 1088 1322 1154 'praesentia
1352 1087 1557 1153 parochi,
1604 1089 1809 1154 quamvis

335 1163 429 1212 illic
456 1164 732 1230 publicatum
760 1165 850 1213 iam
875 1165 1007 1213 fuerit
1031 1164 1207 1213 concilii
1237 1164 1463 1212 tridentini
1494 1164 1721 1213 decretum
1752 1165 1812 1224 de

333 1240 627 1289 matrimoniis
665 1240 972 1288 clandestinis.

432 1317 566 1365 Porro
587 1354 599 1374 ‚
641 1327 691 1364 ut
722 1317 999 1365 ostendimus
1039 1316 1187 1365 allatis
1226 1316 1504 1366 documentis
1537 1334 1590 1366 ac
1621 1317 1811 1367 decisio·

337 1391 472 1440 nibus
514 1409 683 1439 roman.
714 1393 1128 1456 congregationum,
1171 1392 1360 1441 ubilibet
1397 1393 1594 1442 locorum
1627 1394 1675 1441 in
1709 1395 1812 1460 qui-

335 1467 421 1516 bus
460 1467 637 1516 concilii
681 1468 912 1516 tridentini
950 1468 1175 1516 decretum
1210 1469 1538 1534 promulgatum
1566 1480 1635 1518 est
1655 1487 1709 1518 ac
1731 1471 1812 1519 ob-

335 1553 558 1593 servatum
580 1581 592 1602 ,
634 1544 766 1591 etiam
801 1545 841 1592 si
875 1544 1080 1608 regiones
1124 1544 1229 1592 illae
1272 1544 1320 1591 in
1353 1545 1564 1594 ditionem
1608 1546 1812 1595 venerint

335 1619 681 1677 haereticorum,
721 1619 955 1668 christiani
989 1637 1143 1668 omnes
1177 1619 1275 1684 lege
1308 1619 1385 1668 illa
1416 1631 1644 1679 tenentur,
1677 1632 1813 1687 atque

337 1696 439 1744 ideo
471 1696 679 1760 coniugia
715 1695 807 1743 illic
839 1695 1061 1743 celebrata
1084 1696 1183 1744 sine
1204 1696 1289 1744 hac
1312 1697 1475 1755 forma,
1503 1697 1662 1746 ceteris
1691 1698 1813 1763 pari·

336 1771 440 1830 bus,
478 1772 602 1820 nulla
634 1789 687 1819 ac
720 1771 846 1819 irrita
877 1771 1114 1820 habentur.

434 1848 490 1896 Ut
543 1847 649 1895 huic
693 1848 976 1896 incommodo
1020 1859 1301 1897 occurrerent
1349 1850 1521 1898 romani
1575 1849 1813 1914 pontifices

339 1923 579 1971 identidem
611 1923 963 1972 Declarationem
995 1923 1118 1972 illam
1134 1962 1145 1982 ,
1178 1941 1294 1990 quae
1331 1941 1412 1990 pro
1445 1923 1542 1973 sola
1573 1924 1813 1974 Hellandia

339 1999 545 2064 primitus
578 2000 681 2048 data
713 2011 782 2049 est
814 2001 871 2049 ad
906 2000 1018 2049 alias
1050 2001 1279 2065 regiones,
1308 2017 1426 2066 quae
1448 2000 1495 2048 in
1529 2000 1628 2066 pari
1662 2018 1813 2051 neces·

341 2075 471 2123 sitate
501 2076 791 2125 versabantur
804 2115 814 2135 ,
842 2076 1149 2126 extenderunt.

435 2151 603 2198 Eadem
640 2163 785 2201 autem
819 2152 1031 2202 methodo
1064 2153 1111 2200 in
1146 2152 1306 2202 horum
1328 2152 1528 2202 locorum
1550 2153 1814 2203 recensione

341 2237 541 2285 utemur,
564 2243 697 2292 quam
715 2229 938 2293 prosecuti
955 2246 1112 2278 sumus
1133 2229 1254 2278 circa
1275 2228 1620 2295 publicationem
1647 2229 1814 2279 decreti

342 2302 593 2361 tridentini,
615 2313 664 2350 ut
681 2304 823 2351 ordini
847 2316 892 2354 et
913 2305 1100 2354 claritati
1124 2305 1436 2364 inserviamus,
1465 2305 1729 2371 incipientes
1757 2305 1814 2354 ab

341 2378 534 2445 Europa.
563 2378 734 2444 Itaque:
1764 2385 1766 2387 ’
1787 2375 1789 2377 ’

438 2455 475 2500 1.
516 2454 566 2500 In
602 2454 773 2503 Eunom
806 2456 994 2521 ipsemet
1024 2458 1289 2507 Benedictus
1322 2457 1431 2505 XIV.
1464 2474 1554 2505 non
1587 2457 1732 2508 solum
1758 2457 1813 2503 ‘in

342 2529 665 2579 foederatorum
698 2530 903 2578 ordinum
936 2532 1077 2596 Belgii
1112 2533 1354 2599 provinciis
1391 2531 1541 2582 valida
1582 2549 1684 2580 esse
1719 2548 1813 2579 me-

343 2617 514 2655 morata
545 2606 751 2670 coniugia
774 2606 936 2665 edixit,
964 2608 1044 2656 sed
1077 2621 1321 2675 praeterea.

441 2684 488 2730 1.
507 2682 680 2731 Similia
695 2683 975 2732 matrimonia
997 2685 1146 2734 valida
1169 2703 1269 2735 esse
1291 2685 1423 2734 etiam
1445 2693 1669 2733 contracta
1690 2684 1811 2733 extra

346 2759 458 2807 fines
491 2758 677 2807 dominii
718 2759 973 2808 eorumdem
1019 2760 1340 2810 foederatorum
1386 2759 1594 2808 ordinum
1627 2758 1684 2807 ab
1715 2759 1774 2808 iis
1795 2798 1807 2818 ,

346 2835 423 2902 qui
457 2835 624 2885 addicti
658 2846 763 2884 sunt
794 2834 1060 2885 militaribus
1093 2837 1258 2903 copiis,
1286 2853 1401 2902 quae
1435 2836 1492 2885 ab
1525 2835 1686 2885 iisdem
1720 2835 1813 2885 foe-
