<?xml version="1.0" encoding="UTF-8"?>
<!DOCTYPE html PUBLIC "-//W3C//DTD XHTML 1.0 Transitional//EN"
    "http://www.w3.org/TR/xhtml1/DTD/xhtml1-transitional.dtd">
<html xmlns="http://www.w3.org/1999/xhtml" xml:lang="en" lang="en">
 <head>
  <title>
</title>
<meta http-equiv="Content-Type" content="text/html;charset=utf-8" />
  <meta name='ocr-system' content='tesseract 3.04.00' />
  <meta name='ocr-capabilities' content='ocr_page ocr_carea ocr_par ocr_line ocrx_word'/>
</head>
<body>
  <div class='ocr_page' id='page_1' title='image "a603380702perruoft_0059.png"; bbox 0 0 1980 3260; ppageno 0'>
   <div class='ocr_carea' id='block_1_1' title="bbox 277 205 1632 256">
    <p class='ocr_par' dir='ltr' id='par_1_1' title="bbox 277 205 1632 256">
     <span class='ocr_line' id='line_1_1' title="bbox 277 205 1632 256; baseline -0.003 0"><span class='ocrx_word' id='word_1_1' title='bbox 277 225 365 256; x_wconf 70' lang='lat' dir='ltr'>cn.</span> <span class='ocrx_word' id='word_1_2' title='bbox 383 225 427 255; x_wconf 90' lang='lat'>11.</span> <span class='ocrx_word' id='word_1_3' title='bbox 448 225 497 255; x_wconf 73' lang='lat' dir='ltr'>nr:</span> <span class='ocrx_word' id='word_1_4' title='bbox 518 223 630 255; x_wconf 71' lang='lat' dir='ltr'>neci..</span> <span class='ocrx_word' id='word_1_5' title='bbox 650 223 811 255; x_wconf 75' lang='lat' dir='ltr'>rornsr.</span> <span class='ocrx_word' id='word_1_6' title='bbox 828 221 971 254; x_wconf 69' lang='lat' dir='ltr'>consr.</span> <span class='ocrx_word' id='word_1_7' title='bbox 990 221 1075 253; x_wconf 80' lang='lat' dir='ltr'>mr.</span> <span class='ocrx_word' id='word_1_8' title='bbox 1094 221 1218 252; x_wconf 68' lang='lat' dir='ltr'>nnn.</span> <span class='ocrx_word' id='word_1_9' title='bbox 1237 220 1319 252; x_wconf 80' lang='lat' dir='ltr'>mn.</span> <span class='ocrx_word' id='word_1_10' title='bbox 1338 221 1429 253; x_wconf 70' lang='lat' dir='ltr'>Anr.</span> <span class='ocrx_word' id='word_1_11' title='bbox 1448 221 1493 253; x_wconf 86' lang='lat'>11.</span> <span class='ocrx_word' id='word_1_12' title='bbox 1576 205 1632 252; x_wconf 73' lang='lat'>55</span> 
     </span>
    </p>
   </div>
   <div class='ocr_carea' id='block_1_2' title="bbox 150 298 1641 2108">
    <p class='ocr_par' dir='ltr' id='par_1_2' title="bbox 175 298 1635 442">
     <span class='ocr_line' id='line_1_2' title="bbox 175 298 1635 366; baseline -0.001 -18"><span class='ocrx_word' id='word_1_13' title='bbox 175 302 289 349; x_wconf 91' lang='lat' dir='ltr'>hanc</span> <span class='ocrx_word' id='word_1_14' title='bbox 321 312 577 366; x_wconf 84' lang='lat' dir='ltr'>potestatem</span> <span class='ocrx_word' id='word_1_15' title='bbox 612 301 888 357; x_wconf 86' lang='lat' dir='ltr'>exercuisse,</span> <span class='ocrx_word' id='word_1_16' title='bbox 922 299 1017 347; x_wconf 83' lang='lat' dir='ltr'>sive</span> <span class='ocrx_word' id='word_1_17' title='bbox 1051 298 1098 344; x_wconf 90' lang='lat' dir='ltr'>in</span> <span class='ocrx_word' id='word_1_18' title='bbox 1134 298 1424 356; x_wconf 83' lang='lat' dir='ltr'>dirimendis,</span> <span class='ocrx_word' id='word_1_19' title='bbox 1464 298 1635 348; x_wconf 81' lang='lat' dir='ltr'>sivein</span> 
     </span>
     <span class='ocr_line' id='line_1_3' title="bbox 176 374 1216 442; baseline -0.002 -19"><span class='ocrx_word' id='word_1_20' title='bbox 176 377 464 442; x_wconf 79' lang='lat' dir='ltr'>prohibendis</span> <span class='ocrx_word' id='word_1_21' title='bbox 497 376 721 425; x_wconf 85' lang='lat' dir='ltr'>nonnullis</span> <span class='ocrx_word' id='word_1_22' title='bbox 756 375 951 423; x_wconf 88' lang='lat' dir='ltr'>fidelium</span> <span class='ocrx_word' id='word_1_23' title='bbox 982 374 1216 437; x_wconf 84' lang='lat' dir='ltr'>coniugiis.</span> 
     </span>
    </p>

    <p class='ocr_par' dir='ltr' id='par_1_3' title="bbox 171 450 1639 1199">
     <span class='ocr_line' id='line_1_4' title="bbox 240 450 1636 517; baseline 0 -18"><span class='ocrx_word' id='word_1_24' title='bbox 240 453 409 501; x_wconf 85' lang='lat' dir='ltr'>Exinde</span> <span class='ocrx_word' id='word_1_25' title='bbox 424 463 645 517; x_wconf 88' lang='lat' dir='ltr'>receptum</span> <span class='ocrx_word' id='word_1_26' title='bbox 664 462 751 509; x_wconf 88' lang='lat' dir='ltr'>est,</span> <span class='ocrx_word' id='word_1_27' title='bbox 779 462 827 498; x_wconf 91' lang='lat' dir='ltr'>ut</span> <span class='ocrx_word' id='word_1_28' title='bbox 850 467 1089 515; x_wconf 85' lang='lat' dir='ltr'>numquam</span> <span class='ocrx_word' id='word_1_29' title='bbox 1109 450 1400 514; x_wconf 89' lang='lat' dir='ltr'>interruptum</span> <span class='ocrx_word' id='word_1_30' title='bbox 1419 451 1636 500; x_wconf 89' lang='lat' dir='ltr'>eiusmodi</span> 
     </span>
     <span class='ocr_line' id='line_1_5' title="bbox 176 526 1639 594; baseline -0.001 -17"><span class='ocrx_word' id='word_1_31' title='bbox 176 531 405 594; x_wconf 89' lang='lat' dir='ltr'>potestatis</span> <span class='ocrx_word' id='word_1_32' title='bbox 437 530 690 577; x_wconf 85' lang='lat' dir='ltr'>exercitium</span> <span class='ocrx_word' id='word_1_33' title='bbox 725 529 854 576; x_wconf 88' lang='lat' dir='ltr'>fuerit</span> <span class='ocrx_word' id='word_1_34' title='bbox 882 527 1043 575; x_wconf 88' lang='lat' dir='ltr'>seculis</span> <span class='ocrx_word' id='word_1_35' title='bbox 1067 526 1421 591; x_wconf 86' lang='lat' dir='ltr'>insequentibus.</span> <span class='ocrx_word' id='word_1_36' title='bbox 1451 529 1543 574; x_wconf 90' lang='lat' dir='ltr'>lam</span> <span class='ocrx_word' id='word_1_37' title='bbox 1569 546 1639 576; x_wconf 91' lang='lat' dir='ltr'>su·</span> 
     </span>
     <span class='ocr_line' id='line_1_6' title="bbox 176 602 1636 670; baseline -0.001 -17"><span class='ocrx_word' id='word_1_38' title='bbox 176 623 257 670; x_wconf 88' lang='lat' dir='ltr'>pra</span> <span class='ocrx_word' id='word_1_39' title='bbox 283 608 407 670; x_wconf 89' lang='lat' dir='ltr'>(cap.</span> <span class='ocrx_word' id='word_1_40' title='bbox 433 607 477 650; x_wconf 92' lang='lat'>1.</span> <span class='ocrx_word' id='word_1_41' title='bbox 501 615 582 651; x_wconf 86' lang='lat' dir='ltr'>art.</span> <span class='ocrx_word' id='word_1_42' title='bbox 608 607 679 665; x_wconf 77' lang='lat'>2.)</span> <span class='ocrx_word' id='word_1_43' title='bbox 707 604 840 651; x_wconf 87' lang='lat' dir='ltr'>verba</span> <span class='ocrx_word' id='word_1_44' title='bbox 867 603 1183 667; x_wconf 86' lang='lat' dir='ltr'>descripsimus</span> <span class='ocrx_word' id='word_1_45' title='bbox 1209 620 1247 650; x_wconf 91' lang='lat' dir='ltr'>s.</span> <span class='ocrx_word' id='word_1_46' title='bbox 1270 602 1445 659; x_wconf 89' lang='lat' dir='ltr'>Basilii,</span> <span class='ocrx_word' id='word_1_47' title='bbox 1473 603 1636 668; x_wconf 87' lang='lat' dir='ltr'>quibus</span> 
     </span>
     <span class='ocr_line' id='line_1_7' title="bbox 174 678 1638 742; baseline -0.001 -14"><span class='ocrx_word' id='word_1_48' title='bbox 174 681 362 729; x_wconf 76' lang='lat' dir='ltr'>adstruit</span> <span class='ocrx_word' id='word_1_49' title='bbox 388 680 772 734; x_wconf 85' lang='lat' dir='ltr'>consuetudinem,</span> <span class='ocrx_word' id='word_1_50' title='bbox 803 696 881 725; x_wconf 92' lang='lat' dir='ltr'>seu</span> <span class='ocrx_word' id='word_1_51' title='bbox 915 695 1079 726; x_wconf 91' lang='lat' dir='ltr'>morem</span> <span class='ocrx_word' id='word_1_52' title='bbox 1111 680 1188 742; x_wconf 80' lang='lat' dir='ltr'>qui</span> <span class='ocrx_word' id='word_1_53' title='bbox 1214 679 1318 742; x_wconf 76' lang='lat' dir='ltr'>leqis</span> <span class='ocrx_word' id='word_1_54' title='bbox 1346 679 1436 725; x_wconf 79' lang='lat' dir='ltr'>vim</span> <span class='ocrx_word' id='word_1_55' title='bbox 1471 678 1638 727; x_wconf 88' lang='lat' dir='ltr'>obtinet</span> 
     </span>
     <span class='ocr_line' id='line_1_8' title="bbox 173 755 1639 822; baseline -0.001 -18"><span class='ocrx_word' id='word_1_56' title='bbox 173 756 452 822; x_wconf 86' lang='lat' dir='ltr'>repetendum</span> <span class='ocrx_word' id='word_1_57' title='bbox 471 773 498 802; x_wconf 89' lang='lat' dir='ltr'>a</span> <span class='ocrx_word' id='word_1_58' title='bbox 515 755 817 802; x_wconf 87' lang='lat' dir='ltr'>sanctionibus</span> <span class='ocrx_word' id='word_1_59' title='bbox 834 772 946 819; x_wconf 90' lang='lat' dir='ltr'>quas</span> <span class='ocrx_word' id='word_1_60' title='bbox 963 755 1046 801; x_wconf 86' lang='lat' dir='ltr'>viri</span> <span class='ocrx_word' id='word_1_61' title='bbox 1067 755 1206 802; x_wconf 82' lang='lat' dir='ltr'>sancti</span> <span class='ocrx_word' id='word_1_62' title='bbox 1225 755 1340 802; x_wconf 89' lang='lat' dir='ltr'>circa</span> <span class='ocrx_word' id='word_1_63' title='bbox 1358 755 1535 819; x_wconf 86' lang='lat' dir='ltr'>nuptias</span> <span class='ocrx_word' id='word_1_64' title='bbox 1556 765 1639 803; x_wconf 87' lang='lat' dir='ltr'>tra-</span> 
     </span>
     <span class='ocr_line' id='line_1_9' title="bbox 172 830 1637 887; baseline 0 -9"><span class='ocrx_word' id='word_1_65' title='bbox 172 832 393 879; x_wconf 86' lang='lat' dir='ltr'>diderunt.</span> <span class='ocrx_word' id='word_1_66' title='bbox 416 831 705 887; x_wconf 86' lang='lat' dir='ltr'>Quandonam</span> <span class='ocrx_word' id='word_1_67' title='bbox 728 848 831 877; x_wconf 84' lang='lat' dir='ltr'>vero</span> <span class='ocrx_word' id='word_1_68' title='bbox 849 830 1068 877; x_wconf 91' lang='lat' dir='ltr'>eiusmodi</span> <span class='ocrx_word' id='word_1_69' title='bbox 1085 830 1335 877; x_wconf 90' lang='lat' dir='ltr'>sanctiones</span> <span class='ocrx_word' id='word_1_70' title='bbox 1354 848 1380 877; x_wconf 89' lang='lat' dir='ltr'>a</span> <span class='ocrx_word' id='word_1_71' title='bbox 1397 831 1505 878; x_wconf 88' lang='lat' dir='ltr'>viris</span> <span class='ocrx_word' id='word_1_72' title='bbox 1530 847 1637 878; x_wconf 90' lang='lat' dir='ltr'>san-</span> 
     </span>
     <span class='ocr_line' id='line_1_10' title="bbox 171 904 1636 970; baseline -0.001 -16"><span class='ocrx_word' id='word_1_73' title='bbox 171 907 254 954; x_wconf 89' lang='lat' dir='ltr'>ctis</span> <span class='ocrx_word' id='word_1_74' title='bbox 271 906 476 955; x_wconf 90' lang='lat' dir='ltr'>constitui</span> <span class='ocrx_word' id='word_1_75' title='bbox 495 915 742 970; x_wconf 83' lang='lat' dir='ltr'>potuerunt,</span> <span class='ocrx_word' id='word_1_76' title='bbox 763 905 851 952; x_wconf 91' lang='lat' dir='ltr'>nisi</span> <span class='ocrx_word' id='word_1_77' title='bbox 870 904 1010 951; x_wconf 91' lang='lat' dir='ltr'>tribus</span> <span class='ocrx_word' id='word_1_78' title='bbox 1028 904 1252 968; x_wconf 85' lang='lat' dir='ltr'>prioribus</span> <span class='ocrx_word' id='word_1_79' title='bbox 1266 905 1444 961; x_wconf 84' lang='lat' dir='ltr'>seculis,</span> <span class='ocrx_word' id='word_1_80' title='bbox 1461 905 1636 967; x_wconf 84' lang='lat' dir='ltr'>vigente</span> 
     </span>
     <span class='ocr_line' id='line_1_11' title="bbox 172 980 1637 1047; baseline -0.003 -16"><span class='ocrx_word' id='word_1_81' title='bbox 172 984 319 1031; x_wconf 89' lang='lat' dir='ltr'>adhuc</span> <span class='ocrx_word' id='word_1_82' title='bbox 342 984 387 1030; x_wconf 92' lang='lat' dir='ltr'>in</span> <span class='ocrx_word' id='word_1_83' title='bbox 411 982 643 1030; x_wconf 87' lang='lat' dir='ltr'>ecclesiam</span> <span class='ocrx_word' id='word_1_84' title='bbox 677 981 1001 1047; x_wconf 88' lang='lat' dir='ltr'>persecutione,</span> <span class='ocrx_word' id='word_1_85' title='bbox 1031 997 1130 1027; x_wconf 89' lang='lat' dir='ltr'>cum</span> <span class='ocrx_word' id='word_1_86' title='bbox 1156 980 1253 1045; x_wconf 90' lang='lat' dir='ltr'>ipse</span> <span class='ocrx_word' id='word_1_87' title='bbox 1281 998 1319 1028; x_wconf 90' lang='lat' dir='ltr'>s.</span> <span class='ocrx_word' id='word_1_88' title='bbox 1345 980 1536 1027; x_wconf 87' lang='lat' dir='ltr'>Basilius</span> <span class='ocrx_word' id='word_1_89' title='bbox 1562 981 1637 1028; x_wconf 88' lang='lat' dir='ltr'>sso—</span> 
     </span>
     <span class='ocr_line' id='line_1_12' title="bbox 172 1056 1639 1121; baseline -0.003 -14"><span class='ocrx_word' id='word_1_90' title='bbox 172 1061 308 1107; x_wconf 87' lang='lat' dir='ltr'>ruerit</span> <span class='ocrx_word' id='word_1_91' title='bbox 331 1077 419 1107; x_wconf 91' lang='lat' dir='ltr'>sec.</span> <span class='ocrx_word' id='word_1_92' title='bbox 448 1058 660 1106; x_wconf 86' lang='lat' dir='ltr'>ecclesiae</span> <span class='ocrx_word' id='word_1_93' title='bbox 684 1058 751 1103; x_wconf 90' lang='lat' dir='ltr'>lv.</span> <span class='ocrx_word' id='word_1_94' title='bbox 786 1056 915 1119; x_wconf 54' lang='lat' dir='ltr'>(56st</span> <span class='ocrx_word' id='word_1_95' title='bbox 934 1057 999 1103; x_wconf 91' lang='lat' dir='ltr'>Ad</span> <span class='ocrx_word' id='word_1_96' title='bbox 1023 1057 1255 1103; x_wconf 91' lang='lat' dir='ltr'>minimum</span> <span class='ocrx_word' id='word_1_97' title='bbox 1280 1056 1475 1104; x_wconf 91' lang='lat' dir='ltr'>alludere</span> <span class='ocrx_word' id='word_1_98' title='bbox 1497 1066 1639 1121; x_wconf 90' lang='lat' dir='ltr'>potest</span> 
     </span>
     <span class='ocr_line' id='line_1_13' title="bbox 171 1131 1637 1199; baseline -0.003 -17"><span class='ocrx_word' id='word_1_99' title='bbox 171 1135 228 1182; x_wconf 95' lang='lat' dir='ltr'>ad</span> <span class='ocrx_word' id='word_1_100' title='bbox 251 1153 323 1191; x_wconf 92' lang='lat' dir='ltr'>ea,</span> <span class='ocrx_word' id='word_1_101' title='bbox 357 1153 472 1199; x_wconf 90' lang='lat' dir='ltr'>quae</span> <span class='ocrx_word' id='word_1_102' title='bbox 501 1135 669 1182; x_wconf 87' lang='lat' dir='ltr'>sancita</span> <span class='ocrx_word' id='word_1_103' title='bbox 700 1133 875 1180; x_wconf 86' lang='lat' dir='ltr'>suerunt</span> <span class='ocrx_word' id='word_1_104' title='bbox 907 1151 933 1180; x_wconf 88' lang='lat' dir='ltr'>a</span> <span class='ocrx_word' id='word_1_105' title='bbox 969 1150 1093 1180; x_wconf 87' lang='lat' dir='ltr'>conc.</span> <span class='ocrx_word' id='word_1_106' title='bbox 1128 1133 1393 1180; x_wconf 89' lang='lat' dir='ltr'>illiberitano</span> <span class='ocrx_word' id='word_1_107' title='bbox 1432 1131 1516 1179; x_wconf 90' lang='lat' dir='ltr'>sub</span> <span class='ocrx_word' id='word_1_108' title='bbox 1550 1132 1637 1179; x_wconf 88' lang='lat' dir='ltr'>ini-</span> 
     </span>
    </p>

    <p class='ocr_par' dir='ltr' id='par_1_4' title="bbox 150 1209 1641 2108">
     <span class='ocr_line' id='line_1_14' title="bbox 150 1209 1640 1277; baseline -0.003 -18"><span class='ocrx_word' id='word_1_109' title='bbox 150 1213 275 1273; x_wconf 83' lang='lat' dir='ltr'>tium</span> <span class='ocrx_word' id='word_1_110' title='bbox 299 1213 443 1277; x_wconf 91' lang='lat' dir='ltr'>quarti</span> <span class='ocrx_word' id='word_1_111' title='bbox 470 1211 628 1268; x_wconf 86' lang='lat' dir='ltr'>seculi,</span> <span class='ocrx_word' id='word_1_112' title='bbox 657 1221 704 1258; x_wconf 90' lang='lat' dir='ltr'>ut</span> <span class='ocrx_word' id='word_1_113' title='bbox 727 1210 919 1258; x_wconf 91' lang='lat' dir='ltr'>vidimus</span> <span class='ocrx_word' id='word_1_114' title='bbox 944 1210 1160 1257; x_wconf 92' lang='lat' dir='ltr'>celebrato</span> <span class='ocrx_word' id='word_1_115' title='bbox 1176 1248 1185 1266; x_wconf 92' lang='lat'>‚</span> <span class='ocrx_word' id='word_1_116' title='bbox 1212 1209 1282 1257; x_wconf 86' lang='lat' dir='ltr'>vel</span> <span class='ocrx_word' id='word_1_117' title='bbox 1312 1227 1338 1256; x_wconf 91' lang='lat' dir='ltr'>a</span> <span class='ocrx_word' id='word_1_118' title='bbox 1371 1209 1542 1274; x_wconf 81' lang='lat' dir='ltr'>synodo</span> <span class='ocrx_word' id='word_1_119' title='bbox 1566 1226 1640 1256; x_wconf 89' lang='lat' dir='ltr'>an-</span> 
     </span>
     <span class='ocr_line' id='line_1_15' title="bbox 167 1285 1639 1352; baseline -0.002 -18"><span class='ocrx_word' id='word_1_120' title='bbox 167 1298 330 1352; x_wconf 85' lang='lat' dir='ltr'>cyrana</span> <span class='ocrx_word' id='word_1_121' title='bbox 360 1306 387 1334; x_wconf 91' lang='lat' dir='ltr'>a</span> <span class='ocrx_word' id='word_1_122' title='bbox 413 1306 501 1352; x_wconf 91' lang='lat' dir='ltr'>qua</span> <span class='ocrx_word' id='word_1_123' title='bbox 530 1287 673 1335; x_wconf 88' lang='lat' dir='ltr'>editus</span> <span class='ocrx_word' id='word_1_124' title='bbox 703 1297 770 1334; x_wconf 90' lang='lat' dir='ltr'>est</span> <span class='ocrx_word' id='word_1_125' title='bbox 793 1304 934 1334; x_wconf 90' lang='lat' dir='ltr'>canon</span> <span class='ocrx_word' id='word_1_126' title='bbox 957 1286 1169 1334; x_wconf 88' lang='lat' dir='ltr'>adversus</span> <span class='ocrx_word' id='word_1_127' title='bbox 1201 1296 1396 1350; x_wconf 88' lang='lat' dir='ltr'>raptores</span> <span class='ocrx_word' id='word_1_128' title='bbox 1426 1287 1542 1347; x_wconf 77' lang='lat'>(57).</span> <span class='ocrx_word' id='word_1_129' title='bbox 1566 1285 1639 1332; x_wconf 92' lang='lat' dir='ltr'>Sic</span> 
     </span>
     <span class='ocr_line' id='line_1_16' title="bbox 166 1361 1637 1425; baseline -0.002 -15"><span class='ocrx_word' id='word_1_130' title='bbox 166 1363 295 1410; x_wconf 88' lang='lat' dir='ltr'>etiam</span> <span class='ocrx_word' id='word_1_131' title='bbox 325 1363 559 1410; x_wconf 90' lang='lat' dir='ltr'>concilium</span> <span class='ocrx_word' id='word_1_132' title='bbox 589 1362 949 1409; x_wconf 85' lang='lat' dir='ltr'>neocaesariense</span> <span class='ocrx_word' id='word_1_133' title='bbox 978 1378 1135 1424; x_wconf 88' lang='lat' dir='ltr'>reapse</span> <span class='ocrx_word' id='word_1_134' title='bbox 1164 1361 1315 1408; x_wconf 89' lang='lat' dir='ltr'>statuit</span> <span class='ocrx_word' id='word_1_135' title='bbox 1346 1361 1637 1425; x_wconf 83' lang='lat' dir='ltr'>impedimen·</span> 
     </span>
     <span class='ocr_line' id='line_1_17' title="bbox 166 1436 1535 1502; baseline -0.001 -18"><span class='ocrx_word' id='word_1_136' title='bbox 166 1447 256 1484; x_wconf 90' lang='lat' dir='ltr'>tum</span> <span class='ocrx_word' id='word_1_137' title='bbox 291 1437 519 1484; x_wconf 86' lang='lat' dir='ltr'>affinitatis</span> <span class='ocrx_word' id='word_1_138' title='bbox 554 1438 679 1484; x_wconf 89' lang='lat' dir='ltr'>cuius</span> <span class='ocrx_word' id='word_1_139' title='bbox 713 1437 876 1502; x_wconf 91' lang='lat' dir='ltr'>pariter</span> <span class='ocrx_word' id='word_1_140' title='bbox 910 1436 1093 1483; x_wconf 85' lang='lat' dir='ltr'>canonis</span> <span class='ocrx_word' id='word_1_141' title='bbox 1124 1436 1259 1484; x_wconf 86' lang='lat' dir='ltr'>verba</span> <span class='ocrx_word' id='word_1_142' title='bbox 1293 1436 1535 1483; x_wconf 87' lang='lat' dir='ltr'>attulimus.</span> 
     </span>
     <span class='ocr_line' id='line_1_18' title="bbox 262 1512 1631 1578; baseline 0.001 -19"><span class='ocrx_word' id='word_1_143' title='bbox 262 1513 346 1560; x_wconf 90' lang='lat' dir='ltr'>Sed</span> <span class='ocrx_word' id='word_1_144' title='bbox 372 1531 607 1578; x_wconf 80' lang='lat' dir='ltr'>pergamus</span> <span class='ocrx_word' id='word_1_145' title='bbox 633 1513 721 1559; x_wconf 89' lang='lat' dir='ltr'>alia</span> <span class='ocrx_word' id='word_1_146' title='bbox 744 1530 795 1559; x_wconf 87' lang='lat' dir='ltr'>ex</span> <span class='ocrx_word' id='word_1_147' title='bbox 822 1530 910 1560; x_wconf 88' lang='lat' dir='ltr'>sec.</span> <span class='ocrx_word' id='word_1_148' title='bbox 940 1514 1007 1559; x_wconf 88' lang='lat' dir='ltr'>lV.</span> <span class='ocrx_word' id='word_1_149' title='bbox 1030 1523 1072 1559; x_wconf 93' lang='lat' dir='ltr'>et</span> <span class='ocrx_word' id='word_1_150' title='bbox 1092 1513 1141 1558; x_wconf 93' lang='lat' dir='ltr'>V.</span> <span class='ocrx_word' id='word_1_151' title='bbox 1169 1513 1430 1559; x_wconf 90' lang='lat' dir='ltr'>documenta</span> <span class='ocrx_word' id='word_1_152' title='bbox 1459 1512 1631 1560; x_wconf 85' lang='lat' dir='ltr'>afferre.</span> 
     </span>
     <span class='ocr_line' id='line_1_19' title="bbox 171 1587 1637 1654; baseline 0.001 -20"><span class='ocrx_word' id='word_1_153' title='bbox 171 1590 215 1635; x_wconf 92' lang='lat' dir='ltr'>S.</span> <span class='ocrx_word' id='word_1_154' title='bbox 244 1589 428 1636; x_wconf 69' lang='lat' dir='ltr'>Sil-icius</span> <span class='ocrx_word' id='word_1_155' title='bbox 463 1589 825 1654; x_wconf 91' lang='lat' dir='ltr'>impedimentum</span> <span class='ocrx_word' id='word_1_156' title='bbox 853 1590 1054 1653; x_wconf 79' lang='lat' dir='ltr'>publicae</span> <span class='ocrx_word' id='word_1_157' title='bbox 1084 1590 1312 1635; x_wconf 77' lang='lat' dir='ltr'>honestatis</span> <span class='ocrx_word' id='word_1_158' title='bbox 1346 1588 1392 1634; x_wconf 90' lang='lat' dir='ltr'>in</span> <span class='ocrx_word' id='word_1_159' title='bbox 1416 1588 1546 1652; x_wconf 87' lang='lat' dir='ltr'>epist.</span> <span class='ocrx_word' id='word_1_160' title='bbox 1581 1587 1637 1636; x_wconf 88' lang='lat' dir='ltr'>ad</span> 
     </span>
     <span class='ocr_line' id='line_1_20' title="bbox 171 1664 1631 1731; baseline 0.001 -21"><span class='ocrx_word' id='word_1_161' title='bbox 171 1665 413 1711; x_wconf 88' lang='lat' dir='ltr'>Himerium</span> <span class='ocrx_word' id='word_1_162' title='bbox 432 1675 783 1713; x_wconf 87' lang='lat' dir='ltr'>tarraconensem</span> <span class='ocrx_word' id='word_1_163' title='bbox 803 1666 1061 1731; x_wconf 86' lang='lat' dir='ltr'>episcopum</span> <span class='ocrx_word' id='word_1_164' title='bbox 1081 1675 1229 1730; x_wconf 88' lang='lat' dir='ltr'>aperte</span> <span class='ocrx_word' id='word_1_165' title='bbox 1248 1664 1400 1712; x_wconf 88' lang='lat' dir='ltr'>statuit</span> <span class='ocrx_word' id='word_1_166' title='bbox 1416 1664 1631 1713; x_wconf 88' lang='lat' dir='ltr'>scribens:</span> 
     </span>
     <span class='ocr_line' id='line_1_21' title="bbox 179 1741 1640 1806; baseline 0.002 -22"><span class='ocrx_word' id='word_1_167' title='bbox 179 1760 202 1784; x_wconf 89' lang='lat'>«</span> <span class='ocrx_word' id='word_1_168' title='bbox 222 1741 288 1786; x_wconf 90' lang='lat' dir='ltr'>De</span> <span class='ocrx_word' id='word_1_169' title='bbox 309 1741 529 1804; x_wconf 81' lang='lat' dir='ltr'>coniugali</span> <span class='ocrx_word' id='word_1_170' title='bbox 550 1752 694 1788; x_wconf 90' lang='lat' dir='ltr'>autem</span> <span class='ocrx_word' id='word_1_171' title='bbox 718 1742 956 1789; x_wconf 90' lang='lat' dir='ltr'>violatione</span> <span class='ocrx_word' id='word_1_172' title='bbox 980 1741 1231 1806; x_wconf 89' lang='lat' dir='ltr'>requisisti:</span> <span class='ocrx_word' id='word_1_173' title='bbox 1262 1741 1301 1787; x_wconf 89' lang='lat' dir='ltr'>si</span> <span class='ocrx_word' id='word_1_174' title='bbox 1329 1741 1640 1804; x_wconf 89' lang='lat' dir='ltr'>desponsatam</span> 
     </span>
     <span class='ocr_line' id='line_1_22' title="bbox 174 1815 1641 1881; baseline 0.001 -19"><span class='ocrx_word' id='word_1_175' title='bbox 174 1815 248 1862; x_wconf 91' lang='lat' dir='ltr'>alii</span> <span class='ocrx_word' id='word_1_176' title='bbox 275 1815 467 1879; x_wconf 88' lang='lat' dir='ltr'>puellam</span> <span class='ocrx_word' id='word_1_177' title='bbox 491 1816 600 1863; x_wconf 88' lang='lat' dir='ltr'>alter</span> <span class='ocrx_word' id='word_1_178' title='bbox 622 1817 668 1862; x_wconf 92' lang='lat' dir='ltr'>in</span> <span class='ocrx_word' id='word_1_179' title='bbox 693 1818 1019 1864; x_wconf 88' lang='lat' dir='ltr'>matrimonium</span> <span class='ocrx_word' id='word_1_180' title='bbox 1043 1817 1188 1881; x_wconf 92' lang='lat' dir='ltr'>possit</span> <span class='ocrx_word' id='word_1_181' title='bbox 1211 1815 1439 1881; x_wconf 77' lang='lat' dir='ltr'>accipere?</span> <span class='ocrx_word' id='word_1_182' title='bbox 1463 1817 1558 1864; x_wconf 90' lang='lat' dir='ltr'>Hoc</span> <span class='ocrx_word' id='word_1_183' title='bbox 1586 1834 1641 1864; x_wconf 89' lang='lat' dir='ltr'>ne</span> 
     </span>
     <span class='ocr_line' id='line_1_23' title="bbox 176 1891 1638 1957; baseline 0.001 -19"><span class='ocrx_word' id='word_1_184' title='bbox 176 1891 277 1948; x_wconf 84' lang='lat' dir='ltr'>fiat,</span> <span class='ocrx_word' id='word_1_185' title='bbox 298 1891 443 1938; x_wconf 92' lang='lat' dir='ltr'>modis</span> <span class='ocrx_word' id='word_1_186' title='bbox 462 1892 668 1939; x_wconf 91' lang='lat' dir='ltr'>omnibus</span> <span class='ocrx_word' id='word_1_187' title='bbox 690 1892 965 1949; x_wconf 89' lang='lat' dir='ltr'>inhibemus;</span> <span class='ocrx_word' id='word_1_188' title='bbox 995 1894 1100 1957; x_wconf 89' lang='lat' dir='ltr'>quia</span> <span class='ocrx_word' id='word_1_189' title='bbox 1119 1893 1195 1939; x_wconf 87' lang='lat' dir='ltr'>illa</span> <span class='ocrx_word' id='word_1_190' title='bbox 1212 1893 1481 1949; x_wconf 88' lang='lat' dir='ltr'>benedictio,</span> <span class='ocrx_word' id='word_1_191' title='bbox 1504 1909 1638 1956; x_wconf 89' lang='lat' dir='ltr'>quam</span> 
     </span>
     <span class='ocr_line' id='line_1_24' title="bbox 174 1969 1639 2034; baseline 0.001 -21"><span class='ocrx_word' id='word_1_192' title='bbox 174 1976 386 2032; x_wconf 88' lang='lat' dir='ltr'>nupturae</span> <span class='ocrx_word' id='word_1_193' title='bbox 415 1969 622 2016; x_wconf 89' lang='lat' dir='ltr'>sacerdos</span> <span class='ocrx_word' id='word_1_194' title='bbox 657 1969 868 2034; x_wconf 89' lang='lat' dir='ltr'>imponit,</span> <span class='ocrx_word' id='word_1_195' title='bbox 908 1970 1025 2034; x_wconf 91' lang='lat' dir='ltr'>apud</span> <span class='ocrx_word' id='word_1_196' title='bbox 1051 1970 1205 2017; x_wconf 87' lang='lat' dir='ltr'>fideles</span> <span class='ocrx_word' id='word_1_197' title='bbox 1235 1969 1465 2017; x_wconf 91' lang='lat' dir='ltr'>cuiusdam</span> <span class='ocrx_word' id='word_1_198' title='bbox 1501 1969 1639 2017; x_wconf 88' lang='lat' dir='ltr'>sacri—</span> 
     </span>
     <span class='ocr_line' id='line_1_25' title="bbox 173 2041 1637 2108; baseline 0.002 -21"><span class='ocrx_word' id='word_1_199' title='bbox 173 2041 273 2105; x_wconf 81' lang='lat' dir='ltr'>legii</span> <span class='ocrx_word' id='word_1_200' title='bbox 299 2043 439 2091; x_wconf 88' lang='lat' dir='ltr'>instar</span> <span class='ocrx_word' id='word_1_201' title='bbox 461 2054 553 2100; x_wconf 84' lang='lat' dir='ltr'>est,</span> <span class='ocrx_word' id='word_1_202' title='bbox 578 2045 627 2091; x_wconf 91' lang='lat' dir='ltr'>·si</span> <span class='ocrx_word' id='word_1_203' title='bbox 652 2045 743 2092; x_wconf 91' lang='lat' dir='ltr'>ulla</span> <span class='ocrx_word' id='word_1_204' title='bbox 771 2045 1123 2108; x_wconf 80' lang='lat' dir='ltr'>transgressione</span> <span class='ocrx_word' id='word_1_205' title='bbox 1151 2045 1340 2093; x_wconf 88' lang='lat' dir='ltr'>violetur</span> <span class='ocrx_word' id='word_1_206' title='bbox 1364 2046 1480 2107; x_wconf 81' lang='lat'>(58).</span> <span class='ocrx_word' id='word_1_207' title='bbox 1500 2064 1522 2089; x_wconf 89' lang='lat'>»</span> <span class='ocrx_word' id='word_1_208' title='bbox 1552 2043 1637 2101; x_wconf 88' lang='lat' dir='ltr'>Qui</span> 
     </span>
    </p>
   </div>
   <div class='ocr_carea' id='block_1_3' title="bbox 167 2184 1640 2851">
    <p class='ocr_par' dir='ltr' id='par_1_5' title="bbox 170 2184 1638 2282">
     <span class='ocr_line' id='line_1_26' title="bbox 262 2184 1638 2226; baseline 0.002 -9"><span class='ocrx_word' id='word_1_209' title='bbox 262 2184 327 2226; x_wconf 81' lang='lat'><strong>(56)</strong></span> <span class='ocrx_word' id='word_1_210' title='bbox 348 2186 425 2218; x_wconf 86' lang='lat' dir='ltr'>Vita</span> <span class='ocrx_word' id='word_1_211' title='bbox 446 2186 532 2218; x_wconf 85' lang='lat' dir='ltr'>enlm</span> <span class='ocrx_word' id='word_1_212' title='bbox 560 2187 689 2219; x_wconf 77' lang='lat' dir='ltr'>(unctus</span> <span class='ocrx_word' id='word_1_213' title='bbox 712 2189 761 2219; x_wconf 76' lang='lat' dir='ltr'>est</span> <span class='ocrx_word' id='word_1_214' title='bbox 789 2197 840 2219; x_wconf 88' lang='lat' dir='ltr'>an.</span> <span class='ocrx_word' id='word_1_215' title='bbox 859 2191 928 2220; x_wconf 84' lang='grc'>378.</span> <span class='ocrx_word' id='word_1_216' title='bbox 951 2188 1001 2220; x_wconf 85' lang='lat' dir='ltr'>vel</span> <span class='ocrx_word' id='word_1_217' title='bbox 1028 2191 1098 2221; x_wconf 76' lang='lat'>379.</span> <span class='ocrx_word' id='word_1_218' title='bbox 1118 2188 1160 2221; x_wconf 81' lang='lat' dir='ltr'>cf.</span> <span class='ocrx_word' id='word_1_219' title='bbox 1183 2188 1356 2220; x_wconf 85' lang='lat' dir='ltr'>Baronium</span> <span class='ocrx_word' id='word_1_220' title='bbox 1379 2188 1418 2220; x_wconf 85' lang='lat' dir='ltr'>ad</span> <span class='ocrx_word' id='word_1_221' title='bbox 1442 2190 1494 2220; x_wconf 81' lang='lat' dir='ltr'>au‘.</span> <span class='ocrx_word' id='word_1_222' title='bbox 1517 2189 1587 2221; x_wconf 77' lang='grc'><strong>378.</strong></span> <span class='ocrx_word' id='word_1_223' title='bbox 1605 2190 1638 2220; x_wconf 83' lang='lat' dir='ltr'>et</span> 
     </span>
     <span class='ocr_line' id='line_1_27' title="bbox 170 2238 1492 2282; baseline 0.002 -12"><span class='ocrx_word' id='word_1_224' title='bbox 170 2238 345 2270; x_wconf 85' lang='lat' dir='ltr'>Tillemont</span> <span class='ocrx_word' id='word_1_225' title='bbox 367 2239 546 2272; x_wconf 69' lang='lat' dir='ltr'>Memoires</span> <span class='ocrx_word' id='word_1_226' title='bbox 562 2249 654 2281; x_wconf 78' lang='lat' dir='ltr'>pour</span> <span class='ocrx_word' id='word_1_227' title='bbox 667 2242 780 2272; x_wconf 79' lang='lat' dir='ltr'>servir</span> <span class='ocrx_word' id='word_1_228' title='bbox 795 2240 817 2272; x_wconf 83' lang='grc' dir='ltr'><em>ὰ</em></span> <span class='ocrx_word' id='word_1_229' title='bbox 831 2240 937 2273; x_wconf 76' lang='lat' dir='ltr'>l’hisc.</span> <span class='ocrx_word' id='word_1_230' title='bbox 955 2241 1140 2274; x_wconf 68' lang='lat' dir='ltr'>ecclesiast.</span> <span class='ocrx_word' id='word_1_231' title='bbox 1159 2241 1239 2273; x_wconf 86' lang='lat' dir='ltr'>tom.</span> <span class='ocrx_word' id='word_1_232' title='bbox 1255 2242 1310 2272; x_wconf 87' lang='lat' dir='ltr'>lx.</span> <span class='ocrx_word' id='word_1_233' title='bbox 1330 2249 1400 2282; x_wconf 87' lang='lat' dir='ltr'>pag.</span> <span class='ocrx_word' id='word_1_234' title='bbox 1422 2243 1492 2274; x_wconf 84' lang='lat'>278.</span> 
     </span>
    </p>

    <p class='ocr_par' dir='ltr' id='par_1_6' title="bbox 171 2291 1640 2595">
     <span class='ocr_line' id='line_1_28' title="bbox 262 2291 1639 2334; baseline 0.003 -12"><span class='ocrx_word' id='word_1_235' title='bbox 262 2291 327 2331; x_wconf 83' lang='lat'>(57)</span> <span class='ocrx_word' id='word_1_236' title='bbox 349 2291 550 2323; x_wconf 82' lang='lat' dir='ltr'>celebratum</span> <span class='ocrx_word' id='word_1_237' title='bbox 572 2293 621 2323; x_wconf 89' lang='lat' dir='ltr'>est</span> <span class='ocrx_word' id='word_1_238' title='bbox 640 2292 701 2324; x_wconf 90' lang='lat' dir='ltr'>hoc</span> <span class='ocrx_word' id='word_1_239' title='bbox 720 2292 893 2324; x_wconf 88' lang='lat' dir='ltr'>concilium</span> <span class='ocrx_word' id='word_1_240' title='bbox 911 2302 964 2325; x_wconf 83' lang='lat' dir='ltr'>an.</span> <span class='ocrx_word' id='word_1_241' title='bbox 982 2296 1051 2325; x_wconf 76' lang='lat'>314.</span> <span class='ocrx_word' id='word_1_242' title='bbox 1069 2293 1111 2325; x_wconf 83' lang='lat' dir='ltr'>cf.</span> <span class='ocrx_word' id='word_1_243' title='bbox 1131 2293 1215 2334; x_wconf 85' lang='lat' dir='ltr'>apud</span> <span class='ocrx_word' id='word_1_244' title='bbox 1242 2293 1444 2325; x_wconf 83' lang='lat' dir='ltr'>Harduinum</span> <span class='ocrx_word' id='word_1_245' title='bbox 1460 2295 1547 2326; x_wconf 79' lang='lat' dir='ltr'>Acta</span> <span class='ocrx_word' id='word_1_246' title='bbox 1563 2302 1639 2327; x_wconf 84' lang='lat' dir='ltr'>con·</span> 
     </span>
     <span class='ocr_line' id='line_1_29' title="bbox 174 2341 1639 2387; baseline 0.003 -14"><span class='ocrx_word' id='word_1_247' title='bbox 174 2341 232 2373; x_wconf 76' lang='lat' dir='ltr'>cil.</span> <span class='ocrx_word' id='word_1_248' title='bbox 251 2343 331 2374; x_wconf 87' lang='lat' dir='ltr'>tom.</span> <span class='ocrx_word' id='word_1_249' title='bbox 348 2344 373 2373; x_wconf 91' lang='lat'>1.</span> <span class='ocrx_word' id='word_1_250' title='bbox 392 2343 454 2374; x_wconf 90' lang='lat' dir='ltr'>col.</span> <span class='ocrx_word' id='word_1_251' title='bbox 474 2346 543 2375; x_wconf 85' lang='lat'>275.</span> <span class='ocrx_word' id='word_1_252' title='bbox 564 2344 629 2375; x_wconf 86' lang='lat' dir='ltr'>Etsi</span> <span class='ocrx_word' id='word_1_253' title='bbox 646 2343 796 2375; x_wconf 83' lang='lat' dir='ltr'>daremus</span> <span class='ocrx_word' id='word_1_254' title='bbox 817 2344 905 2385; x_wconf 87' lang='lat' dir='ltr'>quod</span> <span class='ocrx_word' id='word_1_255' title='bbox 919 2345 1064 2377; x_wconf 84' lang='lat' dir='ltr'>nonnulli</span> <span class='ocrx_word' id='word_1_256' title='bbox 1084 2345 1300 2386; x_wconf 87' lang='lat' dir='ltr'>contendunt,</span> <span class='ocrx_word' id='word_1_257' title='bbox 1317 2345 1380 2377; x_wconf 89' lang='lat' dir='ltr'>hoc</span> <span class='ocrx_word' id='word_1_258' title='bbox 1396 2354 1519 2378; x_wconf 87' lang='lat' dir='ltr'>canone</span> <span class='ocrx_word' id='word_1_259' title='bbox 1532 2347 1639 2387; x_wconf 78' lang='lat' dir='ltr'>patres</span> 
     </span>
     <span class='ocr_line' id='line_1_30' title="bbox 173 2396 1638 2439; baseline 0.003 -14"><span class='ocrx_word' id='word_1_260' title='bbox 173 2402 351 2433; x_wconf 76' lang='lat' dir='ltr'>ancyranos</span> <span class='ocrx_word' id='word_1_261' title='bbox 378 2404 442 2427; x_wconf 90' lang='lat' dir='ltr'>non</span> <span class='ocrx_word' id='word_1_262' title='bbox 467 2398 532 2427; x_wconf 85' lang='lat' dir='ltr'>tam</span> <span class='ocrx_word' id='word_1_263' title='bbox 560 2396 825 2437; x_wconf 83' lang='lat' dir='ltr'>impedimentum</span> <span class='ocrx_word' id='word_1_264' title='bbox 849 2397 1060 2438; x_wconf 87' lang='lat' dir='ltr'>constituere,</span> <span class='ocrx_word' id='word_1_265' title='bbox 1079 2407 1177 2439; x_wconf 87' lang='lat' dir='ltr'>quam</span> <span class='ocrx_word' id='word_1_266' title='bbox 1193 2398 1280 2439; x_wconf 87' lang='lat' dir='ltr'>quod</span> <span class='ocrx_word' id='word_1_267' title='bbox 1300 2398 1350 2430; x_wconf 89' lang='lat' dir='ltr'>ius</span> <span class='ocrx_word' id='word_1_268' title='bbox 1373 2399 1506 2430; x_wconf 82' lang='lat' dir='ltr'>naturae</span> <span class='ocrx_word' id='word_1_269' title='bbox 1526 2398 1568 2430; x_wconf 86' lang='lat' dir='ltr'>ob</span> <span class='ocrx_word' id='word_1_270' title='bbox 1583 2397 1638 2430; x_wconf 82' lang='lat' dir='ltr'>da·</span> 
     </span>
     <span class='ocr_line' id='line_1_31' title="bbox 173 2446 1640 2491; baseline 0.003 -13"><span class='ocrx_word' id='word_1_271' title='bbox 173 2448 239 2478; x_wconf 84' lang='lat' dir='ltr'>tam</span> <span class='ocrx_word' id='word_1_272' title='bbox 254 2446 348 2479; x_wconf 82' lang='lat' dir='ltr'>fidem</span> <span class='ocrx_word' id='word_1_273' title='bbox 364 2449 522 2489; x_wconf 86' lang='lat' dir='ltr'>postulat,</span> <span class='ocrx_word' id='word_1_274' title='bbox 536 2448 716 2489; x_wconf 84' lang='lat' dir='ltr'>declarare,</span> <span class='ocrx_word' id='word_1_275' title='bbox 732 2459 795 2482; x_wconf 90' lang='lat' dir='ltr'>non</span> <span class='ocrx_word' id='word_1_276' title='bbox 810 2451 917 2482; x_wconf 80' lang='lat' dir='ltr'>tamen</span> <span class='ocrx_word' id='word_1_277' title='bbox 935 2453 1136 2491; x_wconf 83' lang='lat' dir='ltr'>sequeretur,</span> <span class='ocrx_word' id='word_1_278' title='bbox 1148 2460 1223 2483; x_wconf 89' lang='lat' dir='ltr'>vere</span> <span class='ocrx_word' id='word_1_279' title='bbox 1237 2451 1338 2491; x_wconf 83' lang='lat' dir='ltr'>legem</span> <span class='ocrx_word' id='word_1_280' title='bbox 1354 2459 1417 2483; x_wconf 90' lang='lat' dir='ltr'>non</span> <span class='ocrx_word' id='word_1_281' title='bbox 1431 2451 1528 2483; x_wconf 81' lang='lat' dir='ltr'>tuisse</span> <span class='ocrx_word' id='word_1_282' title='bbox 1542 2450 1640 2482; x_wconf 83' lang='lat' dir='ltr'>latam</span> 
     </span>
     <span class='ocr_line' id='line_1_32' title="bbox 171 2500 1639 2545; baseline 0.003 -14"><span class='ocrx_word' id='word_1_283' title='bbox 171 2500 213 2532; x_wconf 80' lang='lat' dir='ltr'>ad</span> <span class='ocrx_word' id='word_1_284' title='bbox 234 2500 284 2532; x_wconf 84' lang='lat' dir='ltr'>ius</span> <span class='ocrx_word' id='word_1_285' title='bbox 302 2502 434 2533; x_wconf 81' lang='lat' dir='ltr'>naturae</span> <span class='ocrx_word' id='word_1_286' title='bbox 449 2501 715 2534; x_wconf 81' lang='lat' dir='ltr'>confirmandum.</span> <span class='ocrx_word' id='word_1_287' title='bbox 737 2505 885 2535; x_wconf 82' lang='lat' dir='ltr'>Ceterum</span> <span class='ocrx_word' id='word_1_288' title='bbox 908 2504 1023 2536; x_wconf 84' lang='lat' dir='ltr'>eratin</span> <span class='ocrx_word' id='word_1_289' title='bbox 1037 2504 1144 2544; x_wconf 86' lang='lat' dir='ltr'>sponsi</span> <span class='ocrx_word' id='word_1_290' title='bbox 1164 2505 1321 2545; x_wconf 80' lang='lat' dir='ltr'>potestate</span> <span class='ocrx_word' id='word_1_291' title='bbox 1339 2506 1462 2545; x_wconf 88' lang='lat' dir='ltr'>raptam</span> <span class='ocrx_word' id='word_1_292' title='bbox 1484 2503 1639 2544; x_wconf 84' lang='lat' dir='ltr'>virginem</span> 
     </span>
     <span class='ocr_line' id='line_1_33' title="bbox 172 2551 973 2595; baseline 0.006 -12"><span class='ocrx_word' id='word_1_293' title='bbox 172 2551 232 2583; x_wconf 82' lang='lat' dir='ltr'>sibi</span> <span class='ocrx_word' id='word_1_294' title='bbox 256 2552 434 2585; x_wconf 78' lang='lat' dir='ltr'>restitutam</span> <span class='ocrx_word' id='word_1_295' title='bbox 456 2554 524 2585; x_wconf 85' lang='lat' dir='ltr'>sive</span> <span class='ocrx_word' id='word_1_296' title='bbox 546 2554 706 2595; x_wconf 85' lang='lat' dir='ltr'>recipere,</span> <span class='ocrx_word' id='word_1_297' title='bbox 729 2555 797 2587; x_wconf 87' lang='lat' dir='ltr'>sive</span> <span class='ocrx_word' id='word_1_298' title='bbox 817 2564 973 2588; x_wconf 87' lang='lat' dir='ltr'>recusare.</span> 
     </span>
    </p>

    <p class='ocr_par' dir='ltr' id='par_1_7' title="bbox 167 2605 1640 2851">
     <span class='ocr_line' id='line_1_34' title="bbox 261 2605 1640 2651; baseline 0.004 -14"><span class='ocrx_word' id='word_1_299' title='bbox 261 2605 327 2646; x_wconf 79' lang='lat'><strong>(58)</strong></span> <span class='ocrx_word' id='word_1_300' title='bbox 347 2608 427 2648; x_wconf 79' lang='lat' dir='ltr'>cap.</span> <span class='ocrx_word' id='word_1_301' title='bbox 444 2608 499 2639; x_wconf 88' lang='lat' dir='ltr'>lv.</span> <span class='ocrx_word' id='word_1_302' title='bbox 515 2608 601 2648; x_wconf 80' lang='lat' dir='ltr'>apud</span> <span class='ocrx_word' id='word_1_303' title='bbox 617 2608 772 2640; x_wconf 80' lang='lat' dir='ltr'>coustant</span> <span class='ocrx_word' id='word_1_304' title='bbox 781 2608 844 2641; x_wconf 83' lang='lat' dir='ltr'>col.</span> <span class='ocrx_word' id='word_1_305' title='bbox 859 2613 930 2642; x_wconf 78' lang='lat'>628.</span> <span class='ocrx_word' id='word_1_306' title='bbox 941 2610 1094 2642; x_wconf 82' lang='lat' dir='ltr'>Nonnulli</span> <span class='ocrx_word' id='word_1_307' title='bbox 1109 2610 1275 2651; x_wconf 84' lang='lat' dir='ltr'>disputant</span> <span class='ocrx_word' id='word_1_308' title='bbox 1286 2610 1326 2642; x_wconf 88' lang='lat' dir='ltr'>de</span> <span class='ocrx_word' id='word_1_309' title='bbox 1340 2618 1405 2651; x_wconf 86' lang='lat' dir='ltr'>qua</span> <span class='ocrx_word' id='word_1_310' title='bbox 1419 2608 1640 2642; x_wconf 80' lang='lat' dir='ltr'>benedictione</span> 
     </span>
     <span class='ocr_line' id='line_1_35' title="bbox 170 2656 1636 2700; baseline 0.003 -12"><span class='ocrx_word' id='word_1_311' title='bbox 170 2656 323 2698; x_wconf 83' lang='lat' dir='ltr'>loquatur</span> <span class='ocrx_word' id='word_1_312' title='bbox 350 2657 403 2690; x_wconf 83' lang='lat' dir='ltr'>hic</span> <span class='ocrx_word' id='word_1_313' title='bbox 431 2666 577 2691; x_wconf 83' lang='lat' dir='ltr'>summus</span> <span class='ocrx_word' id='word_1_314' title='bbox 604 2660 770 2700; x_wconf 78' lang='lat' dir='ltr'>pontitex3</span> <span class='ocrx_word' id='word_1_315' title='bbox 795 2661 846 2693; x_wconf 76' lang='lat' dir='ltr'>ast</span> <span class='ocrx_word' id='word_1_316' title='bbox 871 2662 1030 2694; x_wconf 76' lang='lat' dir='ltr'>coustant</span> <span class='ocrx_word' id='word_1_317' title='bbox 1056 2661 1089 2693; x_wconf 90' lang='lat' dir='ltr'>in</span> <span class='ocrx_word' id='word_1_318' title='bbox 1116 2661 1214 2694; x_wconf 84' lang='lat' dir='ltr'>obvio</span> <span class='ocrx_word' id='word_1_319' title='bbox 1239 2670 1333 2694; x_wconf 89' lang='lat' dir='ltr'>sensu</span> <span class='ocrx_word' id='word_1_320' title='bbox 1358 2662 1398 2693; x_wconf 85' lang='lat' dir='ltr'>de</span> <span class='ocrx_word' id='word_1_321' title='bbox 1424 2660 1488 2693; x_wconf 81' lang='lat' dir='ltr'>alia</span> <span class='ocrx_word' id='word_1_322' title='bbox 1507 2659 1636 2694; x_wconf 84' lang='lat' dir='ltr'>benedi·</span> 
     </span>
     <span class='ocr_line' id='line_1_36' title="bbox 169 2709 1640 2755; baseline 0.003 -14"><span class='ocrx_word' id='word_1_323' title='bbox 169 2709 293 2750; x_wconf 77' lang='lat' dir='ltr'>ctione,</span> <span class='ocrx_word' id='word_1_324' title='bbox 307 2711 386 2744; x_wconf 84' lang='lat' dir='ltr'>haec</span> <span class='ocrx_word' id='word_1_325' title='bbox 400 2712 499 2744; x_wconf 79' lang='lat' dir='ltr'>verba</span> <span class='ocrx_word' id='word_1_326' title='bbox 515 2713 648 2753; x_wconf 85' lang='lat' dir='ltr'>intelligi</span> <span class='ocrx_word' id='word_1_327' title='bbox 663 2721 727 2745; x_wconf 90' lang='lat' dir='ltr'>non</span> <span class='ocrx_word' id='word_1_328' title='bbox 742 2722 836 2754; x_wconf 84' lang='lat' dir='ltr'>posse</span> <span class='ocrx_word' id='word_1_329' title='bbox 849 2713 990 2747; x_wconf 83' lang='lat' dir='ltr'>ostendit</span> <span class='ocrx_word' id='word_1_330' title='bbox 1005 2715 1066 2746; x_wconf 82' lang='lat' dir='ltr'>nisi</span> <span class='ocrx_word' id='word_1_331' title='bbox 1081 2714 1122 2746; x_wconf 90' lang='lat' dir='ltr'>de</span> <span class='ocrx_word' id='word_1_332' title='bbox 1137 2714 1378 2753; x_wconf 84' lang='lat' dir='ltr'>benedictione,</span> <span class='ocrx_word' id='word_1_333' title='bbox 1390 2721 1473 2754; x_wconf 84' lang='lat' dir='ltr'>quae</span> <span class='ocrx_word' id='word_1_334' title='bbox 1488 2712 1521 2745; x_wconf 87' lang='lat' dir='ltr'>in</span> <span class='ocrx_word' id='word_1_335' title='bbox 1535 2714 1640 2755; x_wconf 77' lang='lat' dir='ltr'>prima</span> 
     </span>
     <span class='ocr_line' id='line_1_37' title="bbox 169 2762 1638 2808; baseline 0.002 -13"><span class='ocrx_word' id='word_1_336' title='bbox 169 2762 428 2804; x_wconf 70' lang='lat' dir='ltr'>desponsatione,</span> <span class='ocrx_word' id='word_1_337' title='bbox 440 2774 496 2798; x_wconf 83' lang='lat' dir='ltr'>seu</span> <span class='ocrx_word' id='word_1_338' title='bbox 520 2766 554 2798; x_wconf 88' lang='lat' dir='ltr'>in</span> <span class='ocrx_word' id='word_1_339' title='bbox 581 2766 783 2806; x_wconf 85' lang='lat' dir='ltr'>sponsalibus</span> <span class='ocrx_word' id='word_1_340' title='bbox 802 2765 949 2799; x_wconf 78' lang='lat' dir='ltr'>dabatur.</span> <span class='ocrx_word' id='word_1_341' title='bbox 976 2767 1159 2800; x_wconf 82' lang='lat' dir='ltr'>Declaravit</span> <span class='ocrx_word' id='word_1_342' title='bbox 1178 2768 1345 2808; x_wconf 75' lang='lat' dir='ltr'>propterea</span> <span class='ocrx_word' id='word_1_343' title='bbox 1366 2767 1471 2798; x_wconf 84' lang='lat' dir='ltr'>virum</span> <span class='ocrx_word' id='word_1_344' title='bbox 1493 2769 1525 2799; x_wconf 86' lang='lat' dir='ltr'>et</span> <span class='ocrx_word' id='word_1_345' title='bbox 1545 2774 1638 2807; x_wconf 88' lang='lat' dir='ltr'>spon·</span> 
     </span>
     <span class='ocr_line' id='line_1_38' title="bbox 167 2816 1160 2851; baseline 0.004 -4"><span class='ocrx_word' id='word_1_346' title='bbox 167 2823 235 2847; x_wconf 75' lang='lat' dir='ltr'>sam</span> <span class='ocrx_word' id='word_1_347' title='bbox 262 2816 393 2848; x_wconf 77' lang='lat' dir='ltr'>alterius</span> <span class='ocrx_word' id='word_1_348' title='bbox 420 2817 460 2848; x_wconf 81' lang='lat' dir='ltr'>ad</span> <span class='ocrx_word' id='word_1_349' title='bbox 489 2818 594 2850; x_wconf 62' lang='lat' dir='ltr'>salide</span> <span class='ocrx_word' id='word_1_350' title='bbox 616 2818 869 2850; x_wconf 81' lang='lat' dir='ltr'>contrahendum</span> <span class='ocrx_word' id='word_1_351' title='bbox 898 2819 1054 2851; x_wconf 80' lang='lat' dir='ltr'>inhabites</span> <span class='ocrx_word' id='word_1_352' title='bbox 1079 2827 1160 2851; x_wconf 75' lang='lat' dir='ltr'>esse.</span> 
     </span>
    </p>
   </div>
  </div>
 </body>
</html>
