1980 3260
311 213 399 258 238
626 223 707 254 m.
737 223 782 254 11.
812 222 927 254 secr.
957 222 987 253 1.
1016 221 1070 253 ne
1093 221 1258 254 rorss'r.
1288 221 1453 256 cccmus.

310 308 475 351 mium
509 300 665 356 abest,
692 304 747 347 'ut
779 299 1024 364 apostolica
1065 298 1195 346 sedes
1238 297 1436 354 siluerit,
1485 302 1777 352 utinnume-

308 395 379 426 ras
419 394 531 442 pene
563 375 820 423 contrarias
851 374 1172 423 declarationes
1218 373 1278 421 ad
1319 374 1439 434 hanc
1475 377 1776 440 usquezssdiem

308 453 517 502 emiserit.
557 452 685 507 Quod
718 451 760 499 si
795 452 846 497 in.
874 450 1101 516 aliquibus
1135 449 1478 514 particularibus
1511 452 1778 503 casibusnex

307 529 565 595 prudentiae
601 528 753 591 regula
791 526 1072 575 matrimonia
1116 527 1288 574 isthaec
1330 527 1546 575 invalida
1569 527 1778 593 expresse

307 623 394 652 non
435 604 700 660 declaravit,
739 604 919 651 maioris
954 603 1106 651 damni
1141 603 1311 652 vitandi
1351 621 1490 652 causa
1518 642 1528 661 ‚
1569 603 1779 669 'privatim

307 681 427 728 nulla
450 699 502 728 ea
527 681 667 728 fuisse
689 680 854 737 edixit3
882 697 971 746 quo
1006 691 1176 745 spectat
1210 681 1286 728 illa
1320 680 1535 729 formula:
1573 680 1780 729 αάηιὶωι-ὀ

308 768 420 812 tem,·
462 757 632 804 deinde
665 756 890 804 subditur:
930 758 1046 804 niens‘
1081 767 1144 804 est
1181 775 1265 804 non
1297 775 1384 804 esse
1415 757 1581 804 valida
1607 757 1778 806 censuu-

306 831 363 879 da
386 832 692 894 (58).1d·circo
715 833 892 879 tertium
918 833 1084 897 pariter
1106 832 1192 880 hoc
1216 834 1523 896 argumentum
1542 832 1613 914 de
1622 833 1778 915 connis*

304 908 453 956 ventia
486 908 755 973 apostolicae
788 909 930 956 sedis
943 908 1265 956 eliminandum
1299 919 1382 956 est
1472 911 1475 914 ’

402 985 659 1048 Gregorium
694 1002 798 1034 vero
830 986 939 1032 xvl.
969 986 1016 1032 in
1049 985 1175 1034 Brevi
1209 985 1266 1033 ad
1301 985 1538 1050 episcopos
1558 986 1778 1035 ‘Bavariae

307 1078 565 1126 expressam
617 1080 656 1110 s.
686 1062 810 1109 sedis
851 1062 1175 1110 conniventiam
1215 1061 1339 1113 nulla
1383 1079 1578 1126 prorsus÷
1609 1062 1779 1111 ratione

310 1137 592 1201 significasse
616 1138 776 1186 exinde
799 1148 919 1203 patet
941 1137 1098 1202 quod
1086 1154 1133 1183 ιιι
1150 1154 1202 1185 eo
1219 1136 1276 1184 de
1293 1136 1658 1186 clandestinitate
1671 1155 1780 1186 con-

309 1213 528 1277 iugiorum
562 1232 619 1262 ne
649 1214 833 1262 verbum
866 1213 1048 1279 quidem
1071 1212 1305 1260 habeatur.
1333 1213 1468 1261 Totus
1492 1213 1642 1277 igitur
1645 1231 1776 1262 sum—

310 1304 410 1337 mus
434 1289 630 1354 pontifex
657 1290 768 1336 fuit
755 1308 802 1336 ιιι
819 1288 1060 1337 asserenda
1082 1289 1390 1352 coniugiorum
1414 1289 1640 1346 firmitate,
1662 1290 1778 1354 quae

307 1365 460 1412 semel
467 1364 662 1428 legitime
677 1383 730 1413 ac
745 1365 893 1413 valide
910 1366 1006 1414 sive
1023 1365 1083 1413 ab
1097 1365 1332 1414 haereticis
1350 1366 1465 1414 inter
1482 1383 1548 1423 se,
1563 1365 1660 1414 sive
1676 1381 1777 1414 cum

306 1440 536 1489 catholicis
554 1441 718 1488 fuerint
739 1440 975 1490 celebrata.
981 1441 1203 1507 Adeoque
1225 1453 1434 1489 extranea
1449 1441 1633 1500 omnino
1647 1451 1774 1499 sunt,

304 1518 418 1582 quae
450 1517 508 1564 ab
536 1517 806 1566 adversariis
843 1518 1111 1575 dicuntur,
1126 1535 1154 1565 a
1187 1517 1448 1584 quaestione
1483 1518 1568 1566 hac
1601 1526 1774 1579 nostra}

305 1593 397 1640 Imo
418 1594 507 1641 non
532 1593 708 1641 desunt
715 1593 996 1651 documenta„
1018 1611 1135 1659 quae
1154 1594 1365 1643 evincant
1385 1593 1642 1674 Gregorium
1657 1594 1771 1640 xvi.

304 1670 552 1735 oppositam
592 1687 775 1736 prorsus
815 1670 1078 1718 sententiani
1108 1671 1327 1728 tenuisse,
1364 1687 1481 1736 quac
1512 1668 1675 1735 purtim
1699 1669 1772 1717 ὶιῦἑ

304 1746 391 1795 lata
415 1757 544 1805 sunt,
574 1747 735 1812 partim
765 1747 1004 1796 afferentur
1024 1747 1142 1811 (59).
1165 1748 1306 1811 Igitur
1331 1758 1376 1795 et
1399 1747 1485 1795 hoc
1510 1746 1776 1806 fundamen·-

399 1867 463 1907 (58)
485 1867 535 1899 Cf.
558 1869 694 1908 Nepom.
711 1869 856 1909 Tropper
881 1875 921 1900 ex
941 1866 1014 1900 ord.
1030 1866 1110 1900 min.
1132 1868 1318 1901 stactatus
1338 1866 1409 1899 duo
1426 1867 1464 1898 in
1484 1853 1612 1908 quibas
1633 1839 1774 1908 impedi·

303 1922 420 1952 menta
435 1922 650 1954 matrimonii
670 1923 891 1954 contractum
910 1920 1134 1963 impedientia
1155 1922 1190 1979 et
1210 1919 1413 1954 dirimentia
1428 1918 1696 1978 explanantur.
1691 1916 1772 1952 uel

303 1972 410 2004 nachii
432 1976 520 2005 1653.
541 1975 622 2014 part.
640 1975 682 2006 11.
700 1983 733 2006 n.
751 1976 828 2018 557.

399 2024 537 2065 Reipsa
528 2034 560 2056 ιιι
579 2034 675 2058 causa
693 2014 906 2059 Hollandiae
920 2027 1236 2059 matrimoniorum.
1252 2014 1311 2058 25..
1318 2024 1454 2068 Augusti
1468 2029 1562 2058 1681.
1579 2024 1661 2065 etin
1674 2012 1774 2058 causa

302 2075 537 2110 Boscoducensi
557 2083 603 2110 13.
618 2079 711 2111 Febr.
731 2083 821 2112 1683.
834 2088 917 2111 sacr.
933 2087 1044 2120 congr.
1055 2071 1182 2112 censuit
1195 2077 1473 2111 abstinendumab
1486 2079 1642 2120 expressa
1651 2077 1774 2111 resolu-

303 2129 410 2171 tione,
425 2131 480 2162 sed
496 2131 673 2173 rescripsit·
688 2134 881 2167 secretario
894 2141 975 2166 cum
987 2130 1210 2166 sanctissimo
1221 2128 1270 2166 ad
1281 2134 1445 2170 mentem.
1458 2133 1631 2178 Utmutcm
1641 2130 1776 2174 exponit

301 2182 390 2214 card.
406 2183 501 2214 Petra
519 2183 580 2215 loc.
595 2185 649 2215 cit.
664 2193 697 2216 n.
715 2190 753 2217 23
769 2194 864 2226 seqn
856 2185 1051 2218 «Sententia
1060 2184 1204 2227 quidem
1214 2193 1280 2217 sac.
1291 2184 1547 2234 congregationis
1560 2175 1640 2226 erat,
1661 2184 1774 2216 matri·

304 2235 414 2282 monia
424 2234 657 2267 haereticorum
669 2245 744 2269 cum
758 2238 927 2271 catholicis
941 2247 1052 2271 coram
1062 2237 1212 2270 ministro
1228 2236 1412 2269 haeretico
1403 2237 1444 2269 iis
1454 2236 1489 2269 in
1497 2235 1580 2269 iocis
1593 2237 1774 2277 contracta,

302 2278 372 2321 etse
389 2287 548 2328 invalida,
564 2289 621 2321 sed
638 2290 745 2321 tamen
759 2299 823 2323 non
838 2292 990 2333 expedire
1008 2283 1195 2324 huiusmodi
1210 2290 1460 2362 declarationem
1481 2280 1599 2331 edeie,
1609 2294 1652 2324 ne
1665 2282 1775 2324 catho',

302 2340 358 2373 lici
380 2341 517 2374 nimium
540 2341 691 2382 gravibus
710 2342 927 2376 obiicerentur
947 2345 1132 2386 periculis.»

398 2393 464 2435 (59)
482 2394 565 2426 Sane
595 2393 629 2425 in
653 2395 794 2435 quodam
823 2397 901 2428 voto
924 2406 982 2437 pro
1003 2406 1154 2439 suprema
1183 2406 1210 2430 s
1231 2396 1330 2430 officii
1351 2404 1501 2437 congreg.
1520 2394 1569 2428 ιι.
1585 2380 1667 2437 Aug.
1683 2397 1773 2428 1825.

302 2444 333 2486 §.
350 2451 402 2479 25.
418 2446 465 2478 ita
487 2447 567 2479 tnnc
590 2445 642 2479 ab.
660 2448 793 2479 Maurus
812 2449 1013 2491 cappellari‚
1030 2451 1143 2491 postea
1157 2449 1333 2492 Gregorius
1349 2449 1435 2482 XVI.
1451 2449 1699 2493 mentensium
1713 2447 1776 2480 hnc

305 2507 401 2541 super
414 2507 449 2531 re
461 2499 639 2541 aperuitz«
622 2493 674 2532 «E
685 2499 728 2532 da
744 2502 919 2534 asservarsi
934 2502 994 2534 che
1008 2503 1040 2534 le
1054 2503 1261 2545 disposizioni
1277 2510 1296 2534 e
1310 2501 1547 2544 dichiarazioui
1555 2509 1622 2545 per
1625 2500 1651 2536 il
1663 2499 1776 2550 Belgio

303 2551 407 2583 servir
419 2560 559 2593 possono
577 2552 667 2585 bensi
681 2551 716 2584 di
728 2561 852 2585 norma
866 2562 923 2595 per
937 2555 1101 2595 giudicare
1115 2565 1150 2589 se
1162 2564 1329 2598 convenga
1341 2538 1508 2588 esiendere
1517 2551 1562 2586 ad
1577 2537 1653 2586 altri
1670 2547 1774 2585 deter-

302 2604 414 2637 minati
435 2605 548 2646 luoghi
567 2605 600 2637 la
614 2605 703 2638 detta
717 2605 936 2639 costituzione
950 2607 1215 2651 (Benedettinn),
1227 2617 1283 2641 ma
1296 2616 1363 2641 non
1380 2615 1438 2650 per
1450 2605 1598 2647 inferire,
1617 2605 1678 2638 che
1690 2604 1773 2637 dun-

301 2666 366 2699 que
379 2657 414 2690 in
427 2657 530 2699 perita
543 2656 579 2690 di
592 2657 874 2691 circostanzeseco
893 2659 996 2701 porti,
1021 2660 1083 2693 che
1104 2660 1209 2694 debba
1232 2661 1297 2694 ena
1320 2659 1498 2693 intendem
1523 2659 1638 2701 estoea,
1653 2665 1678 2690 a
1697 2658 1775 2691 ture

303 2710 386 2743 senz’
394 2710 477 2743 altra
488 2710 723 2744 dichiarazione
737 2710 823 2744 della
841 2719 868 2744 s.
883 2712 969 2753 sede,
982 2713 1216 2747 richiedendosi
1232 2722 1290 2755 per
1304 2711 1484 2746 oeteuderla
1494 2712 1620 2749 alti-ove
1629 2709 1776 2753 l’istessa

300 2771 464 2804 suprema
484 2763 658 2804 autor-ita,
680 2763 724 2797 da
743 2764 800 2797 cui
819 2764 934 2798 emano
954 2774 1010 2807 per
1031 2766 1052 2798 l’
1062 2766 1208 2808 manda,
1226 2765 1298 2800 cioe
1317 2765 1492 2807 l’autoriia
1509 2764 1710 2808 pontificis.»
1723 2765 1774 2797 Ex

302 2824 370 2857 quo
402 2816 564 2858 principio
593 2817 759 2850 concludit
781 2826 841 2859 pro
866 2817 1014 2852 nullitate
1035 2819 1172 2853 istorum
1201 2819 1481 2863 matrimoniorum
1514 2818 1571 2852 ubi
1590 2817 1774 2853 Declaratio

302 2869 465 2903 Benedicti
484 2871 568 2902 XIV.
585 2871 714 2903 extensa
730 2879 793 2903 non
809 2870 880 2903 fuit.
