1980 3260
256 251 346 281 cir.
365 250 425 281 ιιι.
443 250 493 281 mi
512 248 627 280 acer.
647 247 809 279 rorss'r.
826 246 929 279 msr.
948 246 989 278 m
1002 245 1088 278 mr.
1103 245 1227 276 uun.
1240 244 1324 275 mn.
1340 243 1432 275 Λιιτ.
1447 243 1492 275 ιι.
1535 227 1622 272 111

160 326 369 374 membris
386 366 396 383 ,
434 344 485 374 ac
510 325 696 392 proinde
730 336 876 373 actum
909 333 1028 371 esset
1049 322 1106 369 de
1129 321 1429 370 ecclesiastica
1461 320 1630 368 hierar—

159 403 261 451 chia
298 404 513 451 divinitus
560 403 762 451 instituta
808 401 925 464 (57).
953 420 976 444 »
1021 398 1195 457 Quibus
1235 398 1382 446 verbis
1428 414 1629 445 summus

158 480 353 544 pontifex
377 481 575 528 intimam
610 478 828 549 expressit
863 477 1077 525 rationem
1102 493 1241 541 quare
1275 475 1500 539 episcopis
1526 492 1631 522 con-

159 557 307 604 venire
331 568 521 622 nequeat
543 557 613 604 ius
639 554 866 620 proprium
891 551 1115 600 relaxandi
1142 552 1186 598 in
1212 551 1543 616 impedimentis
1569 551 1625 598 ab

159 633 348 680 ecclesia
374 632 572 678 statutis.
644 632 646 634 ’

255 707 467 763 Quartum
500 706 810 754 documentum
853 705 1109 769 suppeditat
1143 704 1246 752 Pius
1281 704 1371 750 Vll.
1418 704 1463 750 in
1498 705 1623 751 Brevi

160 782 367 829 27.Febr.
392 783 532 828 1809.
555 799 644 846 quo
667 782 723 829 de
741 781 1011 846 quibusdam
1035 781 1260 844 episcopis
1279 780 1409 843 gallis
1433 797 1626 845 conque-

159 859 293 915 ritur,
333 859 449 924 quod
479 858 581 905 licet
604 858 679 905 alii
705 858 855 923 plures
892 858 978 904 sibi
1014 857 1196 905 concedi
1225 857 1540 921 prorogarique
1569 858 1631 904 fa—

156 935 340 982 cultates
358 935 677 1000 postulaverint
693 934 750 981 ab
768 934 1012 999 apostolica
1037 933 1143 980 sede
1159 971 1168 989 ,
1197 933 1227 978 ii
1254 943 1398 979 tamen
1419 933 1463 978 id
1484 933 1630 981 facere

156 1010 410 1058 omiserint:
453 1031 474 1055 α
496 1009 790 1058 Dissimulare
813 1027 900 1057 non
926 1026 1194 1074 possumus,
1230 1009 1376 1074 inquit
1401 1009 1597 1073 pontifex
1615 1047 1625 1065 ,

157 1104 245 1135 non
275 1104 431 1152 parum
471 1086 599 1134 nobis
634 1085 917 1133 admirationi
946 1083 1111 1142 fuisse,
1141 1085 1262 1150 quod
1298 1085 1492 1149 plurium
1530 1085 1631 1132 Gal-

159 1163 244 1211 liae
276 1163 522 1210 antistitum
556 1163 726 1210 litterae
761 1163 943 1210 minime
976 1162 1033 1209 ad
1075 1180 1157 1209 nos
1199 1161 1396 1226 perlatae
1431 1162 1625 1218 fuerint,

159 1250 279 1286 tanta
311 1240 431 1286 enim
456 1239 714 1286 facultatum
750 1239 994 1286 necessitas
1011 1276 1020 1294 ,
1061 1248 1229 1302 quanta
1251 1237 1392 1302 premi
1429 1254 1529 1284 sese
1557 1255 1631 1285 ur-

157 1315 341 1379 gerique
365 1326 427 1362 tot
450 1314 527 1361 alii
552 1314 750 1362 eiusdem
783 1314 958 1379 imperii
983 1312 1214 1378 praesules
1250 1312 1379 1360 nobis
1414 1330 1632 1377 exposue-

158 1401 290 1447 runt,
338 1408 492 1438 omnes
534 1402 651 1439 certe
689 1391 745 1438 ad
788 1408 945 1438 novam
982 1408 1133 1438 earum
1180 1388 1513 1437 concessionem
1549 1389 1632 1436 im-

158 1467 417 1531 plorandam
454 1468 642 1515 suadere
677 1478 721 1515 et
751 1467 1070 1532 propemodum
1112 1465 1341 1531 impellere
1380 1466 1624 1514 debuisset.

158 1543 426 1592 Coniicimus
449 1545 629 1609 quidem
653 1544 963 1592 nonnullorum
984 1582 993 1600 ,
1037 1543 1115 1609 qui
1157 1543 1213 1590 ad
1240 1561 1321 1590 nos
1353 1543 1631 1607 scripserunt

159 1619 326 1667 litteras
345 1658 354 1676 ,
394 1631 470 1667 aut
493 1620 688 1668 nondum
717 1619 908 1685 perlatas
945 1620 1000 1666 ad
1027 1637 1108 1666 nos
1126 1658 1135 1674 ,
1168 1629 1245 1666 aut
1277 1618 1467 1666 fortasse
1500 1618 1631 1665 etiam

160 1694 298 1742 fuisse
336 1695 615 1759 deperditas;
645 1695 862 1742 nollemus
900 1706 1046 1742 tamen
1076 1695 1227 1760 (quod
1265 1706 1382 1742 certe
1415 1711 1503 1742 non
1535 1694 1632 1742 sine

158 1771 280 1833 gravi
306 1771 587 1836 suspicamur
609 1771 801 1834 indicio)
840 1772 1151 1836 episcoporum
1178 1771 1352 1836 aliquos
1378 1770 1546 1818 idcirco
1571 1771 1633 1818 sa-

157 1847 367 1894 cultatum
408 1848 761 1912 prorogationem
797 1848 854 1895 ab
890 1848 975 1896 hac
1010 1859 1163 1896 sancta
1197 1848 1311 1895 Sede
1346 1865 1435 1895 non
1477 1859 1632 1912 postu-

160 1923 303 1980 lasse,
331 1924 451 1988 quod
476 1941 728 1988 perversam
761 1924 1036 1989 periculique
1065 1925 1242 1988 plenam
1274 1924 1529 1989 opinionem
1555 1924 1633 1970 im-

159 1998 376 2057 biberint,
416 2018 550 2064 posse
585 2018 633 2048 se
662 2001 759 2048 iure
788 2001 965 2067 proprio
989 2001 1033 2047 in
1070 2000 1125 2048 iis
1151 2018 1331 2066 quoque
1368 2001 1633 2065 dispensare

159 2086 234 2123 aut
257 2076 485 2124 absolvere
504 2116 513 2134 ,
543 2095 659 2143 quae
682 2078 950 2141 generalium
975 2078 1263 2126 conciliorum
1299 2077 1626 2134 sanctionibus,

160 2169 429 2200 summorum
457 2154 714 2218 pontificum
741 2154 930 2201 decretis
947 2193 956 2209 ‚
985 2154 1195 2202 diuturno
1224 2171 1309 2201 usu
1341 2171 1420 2218 per
1456 2154 1634 2201 univer-

159 2245 254 2275 sam
289 2229 524 2276 ecclesiam
553 2241 757 2294 recepto,
798 2230 966 2277 romani
995 2230 1218 2294 pontificis
1255 2231 1461 2296 potestati
1499 2248 1635 2278 reser—

159 2315 259 2352 vata
283 2316 413 2352 sunt:
436 2315 482 2352 at
500 2306 586 2370 ipsi
612 2306 806 2352 viderint
827 2343 836 2361 ,
868 2306 905 2353 si
932 2306 1043 2354 forte
1064 2306 1199 2371 (quod
1220 2306 1354 2368 absit)
1389 2307 1433 2353 id
1461 2301 1545 2354 sibi
1570 2325 1635 2354 ar-

160 2381 408 2443 rogaverint
424 2381 494 2428 vel
514 2393 735 2444 arrogent,
763 2382 871 2446 quid
896 2382 1084 2446 egerint,
1102 2383 1303 2447 quidque
1327 2394 1460 2446 agant
1478 2385 1629 2444 (58).»

162 2457 293 2502 Porro
331 2457 492 2522 cuique
525 2470 805 2522 perspectum
832 2469 899 2506 est
930 2476 1153 2506 summum
1191 2459 1446 2524 pontificem
1485 2470 1635 2524 aperte

157 2532 292 2579 veluti
317 2532 455 2596 digito
486 2534 682 2582 indicare
706 2535 1066 2600 dispensationes
1092 2535 1382 2583 connubiales
1407 2574 1416 2587 ,
1446 2536 1502 2583 de
1535 2535 1635 2600 qui-

159 2608 242 2655 bus
272 2609 317 2655 in
345 2609 429 2657 hoc
453 2611 577 2657 Brevi
604 2610 885 2675 potissimum
910 2611 1070 2675 agitur.

247 2704 310 2744 (57)
333 2704 426 2745 Apud
447 2705 637 2746 Roskovany
653 2715 706 2746 op.
724 2708 756 2737 et
774 2705 835 2738 loc.
853 2706 909 2739 cit.
932 2716 963 2747 p.
983 2710 1053 2739 357.

248 2756 315 2797 (⁵8)
334 2757 428 2798 Apud
452 2759 560 2791 Moser
584 2758 616 2789 in
643 2758 782 2791 collect.
809 2758 1088 2793 declarationum
1103 2762 1138 2793 et
1161 2760 1379 2793 decretorum
1395 2768 1481 2793 rom.
1495 2760 1637 2802 pontisi—

158 2816 239 2840 cum
266 2811 361 2842 cirea
385 2812 488 2843 varia
508 2810 619 2843 dubia
642 2813 904 2845 matrimonium
930 2815 1183 2847 concernentia.
1206 2813 1257 2845 Ad
1282 2814 1402 2846 calcem
1431 2821 1484 2855 op.
1507 2815 1553 2846 De
1576 2815 1637 2845 im·

155 2861 340 2902 pediment.
359 2865 509 2894 maerim.
533 2872 563 2895 η.
583 2866 684 2895 XVH.
