1980 3260
328 250 419 300 150
639 261 719 292 un.
749 260 795 292 11.
825 259 937 292 secr.
965 259 997 291 1.
1030 259 1082 290 nn
1106 260 1273 292 rorsssr.
1303 262 1475 295 nectus.

324 342 502 390 illicitae
524 340 651 402 (121)
664 377 671 384 .
683 358 706 383 »
724 338 870 394 Quare
888 338 958 387 vel
977 338 1075 402 ipse
1090 338 1288 395 Pontius,
1305 340 1382 403 qui
1401 340 1681 390 adstruxerat
1698 359 1800 390 con-

325 419 493 481 iugium
528 415 642 463 inter
674 415 833 462 fratres
866 432 918 462 ac
953 431 1126 461 sorores
1161 414 1347 462 minime
1378 414 1551 462 irritum
1587 433 1687 464 esse
1720 435 1799 465 na-

324 504 448 541 turae
481 492 599 548 iure,
629 509 731 539 cum
765 490 1040 556 pervenisset
1058 490 1114 536 ad
1139 489 1226 536 sibi
1251 490 1469 538 obiectam
1492 490 1798 541 difficultatem

323 568 379 616 ab
420 567 671 615 indecentia
716 566 895 631 petitam
941 565 1210 630 respondet:
1255 585 1277 612 «
1305 565 1458 630 Aeque
1492 566 1642 630 gravis
1666 604 1686 624 ‚,
1716 568 1798 616 imo

322 640 499 708 qraoior
534 643 755 707 turpitudo
789 642 983 690 cernitur
1018 642 1063 689 in
1098 659 1150 703 eo
1185 642 1305 706 quod
1339 643 1442 708 quis
1466 649 1802 691 novercam'a'ut

325 720 574 785 privignam
620 718 754 766 ducat
795 735 999 776 uxorem⁷
1039 718 1110 766 vel
1149 718 1347 766 relictam
1385 719 1624 777 avunculi,
1656 729 1700 767 et
1725 730 1800 768 ta—

319 812 420 842 men
455 794 550 842 solo
584 794 888 842 ecclesiastico
922 794 1238 860 impedimento
1262 812 1315 841 ea
1340 795 1548 859 coniugia
1582 795 1799 843 dirimun-

323 867 394 918 tur
417 873 598 934 (122).»
616 873 825 929 Demum,
854 872 1011 919 ceteris
1037 871 1245 928 omissis,
1274 871 1533 935 Rigantius:
1567 873 1798 937 «Perpen—

317 946 475 995 dentes
503 948 762 1013 pontifices,
792 948 965 1013 inquit,
995 948 1115 1012 quod
1140 947 1344 1012 privigna
1379 958 1585 1012 respectu
1619 948 1790 1004 vitrici,

317 1023 548 1088 privignus
581 1034 788 1088 respectu
822 1041 1064 1081 novercae,
1095 1041 1233 1070 nurus
1257 1032 1461 1087 respectu
1488 1023 1628 1071 soceri
1660 1031 1795 1087 gener

318 1109 522 1163 respectu
549 1118 702 1148 socrus
739 1100 930 1148 filiorum
959 1100 1054 1147 loco
1084 1099 1226 1146 habiti
1255 1109 1381 1155 sunt,
1422 1116 1511 1163 qua
1544 1100 1717 1148 ratione
1738 1118 1795 1148 ex

316 1175 492 1222 illorum
515 1177 807 1223 coniunctione
839 1177 1034 1223 maa-ima
1068 1177 1253 1221 oriretur
1287 1174 1507 1238 turpitudo
1532 1184 1572 1220 et
1595 1174 1795 1222 indecen—

316 1252 393 1298 tia.
407 1290 414 1297 .
428 1290 436 1297 .
450 1251 508 1299 ab
525 1252 861 1317 dispensatione
885 1251 1169 1300 concedenda
1193 1268 1242 1299 se
1265 1251 1578 1298 abstinuerunt
1599 1252 1728 1314 (123)
1742 1261 1785 1297 ὲ»

410 1327 505 1376 Hac
538 1328 749 1375 nimirum
784 1328 840 1374 de
880 1344 1017 1375 causa
1059 1327 1223 1374 factum
1265 1343 1419 1375 revera
1451 1336 1544 1383 est,
1582 1336 1794 1375 ut'n'um—

312 1403 450 1468 quam
485 1420 595 1451 rom.
619 1404 852 1469 pontifices
880 1404 1136 1469 quempiam
1162 1402 1360 1451 relaxare
1382 1402 1686 1451 voluerint‘ab
1708 1403 1793 1451 hoc

313 1479 655 1544 impedimento,
694 1481 870 1528 etiamsi
908 1498 996 1528 non
1032 1480 1168 1528 semel
1201 1480 1286 1528 viri
1316 1479 1637 1545 potentissimi,
1664 1479 1789 1543 regia

310 1555 443 1602 etiam
479 1556 750 1621 quandoque
783 1558 834 1603 ac
868 1555 1089 1621 imperiali
1124 1556 1343 1619 dignitate
1388 1555 1614 1619 fulgentes·
1642 1554 1788 1606 enixis

309 1631 517 1696 precibus
542 1632 760 1680 eiusmodi
785 1632 1101 1679 relaxationem
1133 1633 1363 1697 petierint,
1391 1642 1524 1696 atque
1547 1632 1594 1678 in
1618 1630 1785 1680 talibus

306 1724 453 1755 rerum
477 1707 723 1766 adiunctis,
745 1719 793 1756 ut
823 1709 1016 1773 quadam
1041 1709 1173 1758 veluti
1197 1708 1462 1757 necessitate
1480 1708 1537 1756 ad
1555 1725 1657 1758 eam
1680 1725 1785 1761 cour

307 1784 549 1831 cedendam
576 1786 809 1850 pontifices
834 1785 1038 1850 compelli
1061 1786 1315 1833 viderentur
1337 1786 1485 1848 (124).
1507 1785 1616 1833 Vere
1633 1785 1784 1850 itaque

304 1859 566 1908 Benedictus
599 1862 709 1910 XIV.
748 1862 795 1908 in
835 1879 908 1927 op.
950 1863 1014 1909 De
1053 1862 1215 1927 synodo
1255 1862 1451 1911 dioeces.>
1476 1858 1705 1926 scripsit.»
1727 1860 1783 1909 At

305 1936 524 2001 quidquid
555 1939 613 1986 sit
636 1939 691 1986 de
715 1950 932 2004 potestate
968 1957 1078 1987 rom.
1103 1938 1354 2003 pontificis,
1393 1939 1477 1986 etsi
1511 1938 1679 2003 pluries
1705 1955 1777 1987 ro·-

305 2013 395 2074 gati
427 2013 734 2064 abstinuerunt
773 2018 955 2079 (125).»
984 2015 1278 2079 Congregatio
1315 2014 1492 2062 concilii
1535 2014 1580 2060 id
1627 2014 1778 2078 ipsum

307 2089 538 2137 confirmat
566 2091 746 2140 dicens:
779 2092 978 2141 «Obstat
1012 2110 1121 2140 sane
1155 2091 1413 2139 huiusmodi
1449 2090 1776 2155 dispensationi

304 2163 349 2210 in
385 2165 528 2229 primo
562 2168 700 2230 gradu
735 2169 965 2217 affinitatis
991 2169 1147 2216 lineae
1182 2179 1354 2225 rectae,
1395 2167 1516 2232 quod
1552 2167 1716 2215 centies
1751 2184 1777 2214 a

399 2336 486 2378 (121)
508 2338 585 2369 Loc.
602 2338 702 2370 cit.n.
722 2343 792 2371 110.

400 2387 487 2429 (122)
507 2389 579 2421 Lib.
594 2391 666 2422 Vll.
681 2398 752 2431 cap.
772 2396 866 2424 32.n.
884 2398 932 2426 11.

398 2440 486 2481 (123)
507 2440 634 2482 Rigant.
650 2441 704 2474 Ad
721 2443 834 2484 requl.
852 2445 1329 2480 canceller.x121x.tom.1v.
1345 2454 1378 2478 n.
1391 2449 1442 2478 22·
1461 2450 1511 2478 33.
1531 2448 1581 2479 24.

394 2493 482 2534 (124)
502 2494 661 2535 Inspectis
679 2504 795 2536 magna
813 2496 978 2538 diligentia
991 2499 1112 2532 tabulis
1131 2509 1186 2532 seu
1207 2499 1341 2540 regestis
1356 2498 1503 2530 omnium
1519 2498 1755 2530 relaxationum
1766 2521 1776 2538 ,

299 2554 383 2587 quae
404 2545 473 2578 sive
485 2555 505 2578 a
517 2548 669 2579 Dataria
689 2548 896 2590 apostolica,
913 2550 981 2582 sive
996 2560 1014 2583 a
1031 2561 1095 2584 sac.
1105 2551 1367 2592 Poenitentiaria,
1388 2550 1458 2583 sive
1470 2559 1489 2582 a
1501 2558 1652 2592 suprema
1669 2549 1775 2591 inqui-

298 2597 428 2630 sitionis
439 2599 686 2640 congregatione
697 2599 790 2632 datae
800 2602 891 2641 sunt,
903 2602 1030 2635 nullum
1042 2605 1090 2636 est
1104 2606 1267 2646 repertum
1281 2603 1465 2644 exemplum
1478 2601 1639 2634 eiusmodi
1652 2601 1777 2642 dispeu-

295 2650 443 2684 sationis.
460 2652 542 2684 Sane
554 2651 595 2684 ab
609 2660 695 2684 anno
712 2657 801 2685 1633.
811 2653 852 2685 ad
866 2662 919 2685 an.
930 2658 1019 2689 1841.
1031 2658 1164 2698 triginta
1176 2658 1316 2699 quatuor
1329 2665 1368 2689 ex
1382 2655 1542 2688 universis
1560 2663 1642 2696 pene
1664 2655 1774 2687 catho-

297 2703 354 2736 lici
368 2703 456 2737 orhis
470 2704 618 2746 partibus
633 2704 675 2737 ad
691 2706 901 2746 apostolicam
922 2708 1031 2741 sedem
1054 2709 1156 2743 libelli
1171 2711 1333 2752 supplices
1351 2709 1451 2742 delati
1471 2709 1548 2742 sunt
1565 2707 1607 2740 ad
1627 2707 1772 2740 obtinen-

294 2756 370 2788 dam
385 2756 426 2789 ab
440 2757 502 2789 hoc
516 2758 622 2798 primo
637 2757 803 2791 affinitatis
817 2759 919 2800 gradu
934 2760 1208 2803 dispensationem
1228 2763 1327 2797 etiam
1341 2771 1361 2795 a
1375 2762 1455 2795 viris
1481 2761 1679 2803 principibus
1705 2766 1772 2793 non

296 2810 408 2850 paucis
417 2834 427 2852 ,
441 2811 475 2843 et
487 2811 672 2844 constanter
683 2812 840 2845 relaxatio
852 2813 1007 2855 denegata
1022 2815 1093 2848 fuit.

393 2862 479 2904 (125)
501 2863 571 2895 Lib.
586 2865 643 2896 lX.
660 2873 730 2905 cap.
746 2865 834 2898 xm.
850 2874 882 2899 n.
902 2868 931 2897 4.
