<?xml version="1.0" encoding="UTF-8"?>
<!DOCTYPE html PUBLIC "-//W3C//DTD XHTML 1.0 Transitional//EN"
    "http://www.w3.org/TR/xhtml1/DTD/xhtml1-transitional.dtd">
<html xmlns="http://www.w3.org/1999/xhtml" xml:lang="en" lang="en">
 <head>
  <title>
</title>
<meta http-equiv="Content-Type" content="text/html;charset=utf-8" />
  <meta name='ocr-system' content='tesseract 3.04.00' />
  <meta name='ocr-capabilities' content='ocr_page ocr_carea ocr_par ocr_line ocrx_word'/>
</head>
<body>
  <div class='ocr_page' id='page_1' title='image "a603380702perruoft_0091.png"; bbox 0 0 1980 3260; ppageno 0'>
   <div class='ocr_carea' id='block_1_1' title="bbox 275 211 1627 255">
    <p class='ocr_par' dir='ltr' id='par_1_1' title="bbox 275 211 1627 255">
     <span class='ocr_line' id='line_1_1' title="bbox 275 211 1627 255; baseline 0 0"><span class='ocrx_word' id='word_1_1' title='bbox 275 223 363 255; x_wconf 59' lang='lat' dir='ltr'><strong>cir.</strong></span> <span class='ocrx_word' id='word_1_2' title='bbox 378 223 438 254; x_wconf 88' lang='grc' dir='ltr'><strong>ιιι.</strong></span> <span class='ocrx_word' id='word_1_3' title='bbox 455 223 504 253; x_wconf 73' lang='lat' dir='ltr'><strong>nr:</strong></span> <span class='ocrx_word' id='word_1_4' title='bbox 523 222 635 253; x_wconf 63' lang='lat' dir='ltr'><strong>ccci.</strong></span> <span class='ocrx_word' id='word_1_5' title='bbox 656 223 818 254; x_wconf 74' lang='lat' dir='ltr'><strong>rorsssr.</strong></span> <span class='ocrx_word' id='word_1_6' title='bbox 835 223 937 254; x_wconf 74' lang='lat' dir='ltr'><strong>nisi».</strong></span> <span class='ocrx_word' id='word_1_7' title='bbox 957 223 997 253; x_wconf 77' lang='lat' dir='ltr'><strong>m</strong></span> <span class='ocrx_word' id='word_1_8' title='bbox 1016 223 1101 254; x_wconf 81' lang='lat' dir='ltr'><strong>nur.</strong></span> <span class='ocrx_word' id='word_1_9' title='bbox 1118 223 1240 253; x_wconf 70' lang='lat' dir='ltr'><strong>nnn.</strong></span> <span class='ocrx_word' id='word_1_10' title='bbox 1261 223 1344 255; x_wconf 80' lang='lat' dir='ltr'><strong>nm.</strong></span> <span class='ocrx_word' id='word_1_11' title='bbox 1359 225 1449 255; x_wconf 71' lang='lat' dir='ltr'><strong>Aur.</strong></span> <span class='ocrx_word' id='word_1_12' title='bbox 1470 226 1497 255; x_wconf 89' lang='lat'><strong>1.</strong></span> <span class='ocrx_word' id='word_1_13' title='bbox 1571 211 1627 255; x_wconf 85' lang='lat'><strong>87</strong></span> 
     </span>
    </p>
   </div>
   <div class='ocr_carea' id='block_1_2' title="bbox 178 300 1644 2402">
    <p class='ocr_par' dir='ltr' id='par_1_2' title="bbox 178 300 1635 1041">
     <span class='ocr_line' id='line_1_2' title="bbox 180 300 1629 365; baseline 0.001 -19"><span class='ocrx_word' id='word_1_14' title='bbox 180 300 318 346; x_wconf 89' lang='lat' dir='ltr'><strong>tribus</strong></span> <span class='ocrx_word' id='word_1_15' title='bbox 347 318 451 346; x_wconf 90' lang='lat' dir='ltr'><strong>num</strong></span> <span class='ocrx_word' id='word_1_16' title='bbox 485 300 623 346; x_wconf 89' lang='lat' dir='ltr'><strong>satius</strong></span> <span class='ocrx_word' id='word_1_17' title='bbox 653 311 770 347; x_wconf 88' lang='lat' dir='ltr'><strong>esset</strong></span> <span class='ocrx_word' id='word_1_18' title='bbox 796 300 1042 365; x_wconf 88' lang='lat' dir='ltr'><strong>episcopis,</strong></span> <span class='ocrx_word' id='word_1_19' title='bbox 1076 317 1207 364; x_wconf 90' lang='lat' dir='ltr'><strong>quam</strong></span> <span class='ocrx_word' id='word_1_20' title='bbox 1236 317 1406 347; x_wconf 92' lang='lat' dir='ltr'><strong>summo</strong></span> <span class='ocrx_word' id='word_1_21' title='bbox 1435 301 1629 364; x_wconf 86' lang='lat' dir='ltr'><strong>pontifici</strong></span> 
     </span>
     <span class='ocr_line' id='line_1_3' title="bbox 180 375 1630 440; baseline 0.001 -19"><span class='ocrx_word' id='word_1_22' title='bbox 180 375 427 423; x_wconf 80' lang='lat' dir='ltr'><strong>facultatem</strong></span> <span class='ocrx_word' id='word_1_23' title='bbox 473 376 646 422; x_wconf 86' lang='lat' dir='ltr'><strong>laxandi</strong></span> <span class='ocrx_word' id='word_1_24' title='bbox 695 376 1009 440; x_wconf 89' lang='lat' dir='ltr'><strong>impedimenta</strong></span> <span class='ocrx_word' id='word_1_25' title='bbox 1054 392 1273 423; x_wconf 88' lang='lat' dir='ltr'><strong>reservare</strong></span> <span class='ocrx_word' id='word_1_26' title='bbox 1295 414 1304 432; x_wconf 94' lang='lat'><strong>,</strong></span> <span class='ocrx_word' id='word_1_27' title='bbox 1350 376 1630 440; x_wconf 87' lang='lat' dir='ltr'><strong>potissimum</strong></span> 
     </span>
     <span class='ocr_line' id='line_1_4' title="bbox 181 450 1631 515; baseline 0.002 -20"><span class='ocrx_word' id='word_1_28' title='bbox 181 450 283 497; x_wconf 87' lang='lat' dir='ltr'><strong>Pius</strong></span> <span class='ocrx_word' id='word_1_29' title='bbox 319 452 384 496; x_wconf 91' lang='lat' dir='ltr'><strong>lV.</strong></span> <span class='ocrx_word' id='word_1_30' title='bbox 420 468 560 515; x_wconf 90' lang='lat' dir='ltr'><strong>aequo</strong></span> <span class='ocrx_word' id='word_1_31' title='bbox 589 451 735 498; x_wconf 91' lang='lat' dir='ltr'><strong>animo</strong></span> <span class='ocrx_word' id='word_1_32' title='bbox 764 450 1102 507; x_wconf 82' lang='lat' dir='ltr'><strong>assentiebatur,</strong></span> <span class='ocrx_word' id='word_1_33' title='bbox 1131 461 1179 496; x_wconf 91' lang='lat' dir='ltr'><strong>ut</strong></span> <span class='ocrx_word' id='word_1_34' title='bbox 1201 452 1556 514; x_wconf 77' lang='lat' dir='ltr'><strong>consanguinitas</strong></span> <span class='ocrx_word' id='word_1_35' title='bbox 1587 452 1631 498; x_wconf 91' lang='lat' dir='ltr'><strong>in</strong></span> 
     </span>
     <span class='ocr_line' id='line_1_5' title="bbox 178 525 1632 589; baseline 0.002 -18"><span class='ocrx_word' id='word_1_36' title='bbox 178 537 333 589; x_wconf 89' lang='lat' dir='ltr'><strong>quarto</strong></span> <span class='ocrx_word' id='word_1_37' title='bbox 369 526 534 588; x_wconf 86' lang='lat' dir='ltr'><strong>gradu,</strong></span> <span class='ocrx_word' id='word_1_38' title='bbox 575 526 681 589; x_wconf 91' lang='lat' dir='ltr'><strong>quia</strong></span> <span class='ocrx_word' id='word_1_39' title='bbox 715 526 1007 589; x_wconf 83' lang='lat' dir='ltr'><strong>frequentior,</strong></span> <span class='ocrx_word' id='word_1_40' title='bbox 1045 543 1070 572; x_wconf 90' lang='lat' dir='ltr'><strong>a</strong></span> <span class='ocrx_word' id='word_1_41' title='bbox 1104 525 1340 589; x_wconf 85' lang='lat' dir='ltr'><strong>pontificiis</strong></span> <span class='ocrx_word' id='word_1_42' title='bbox 1375 528 1632 574; x_wconf 85' lang='lat' dir='ltr'><strong>reservatio—</strong></span> 
     </span>
     <span class='ocr_line' id='line_1_6' title="bbox 180 600 1633 665; baseline 0.001 -19"><span class='ocrx_word' id='word_1_43' title='bbox 180 601 308 648; x_wconf 90' lang='lat' dir='ltr'><strong>nibus</strong></span> <span class='ocrx_word' id='word_1_44' title='bbox 333 600 577 657; x_wconf 89' lang='lat' dir='ltr'><strong>tolleretur,</strong></span> <span class='ocrx_word' id='word_1_45' title='bbox 608 611 650 647; x_wconf 90' lang='lat' dir='ltr'><strong>et</strong></span> <span class='ocrx_word' id='word_1_46' title='bbox 678 602 982 664; x_wconf 90' lang='lat' dir='ltr'><strong>episcoporum</strong></span> <span class='ocrx_word' id='word_1_47' title='bbox 1009 601 1188 648; x_wconf 86' lang='lat' dir='ltr'><strong>arbitrio</strong></span> <span class='ocrx_word' id='word_1_48' title='bbox 1212 602 1544 665; x_wconf 83' lang='lat' dir='ltr'><strong>permitteretur.</strong></span> <span class='ocrx_word' id='word_1_49' title='bbox 1580 603 1633 649; x_wconf 91' lang='lat' dir='ltr'><strong>At</strong></span> 
     </span>
     <span class='ocr_line' id='line_1_7' title="bbox 180 675 1633 741; baseline 0.001 -18"><span class='ocrx_word' id='word_1_50' title='bbox 180 676 348 741; x_wconf 85' lang='lat' dir='ltr'><strong>synodo</strong></span> <span class='ocrx_word' id='word_1_51' title='bbox 364 675 504 737; x_wconf 87' lang='lat' dir='ltr'><strong>magis</strong></span> <span class='ocrx_word' id='word_1_52' title='bbox 527 675 692 739; x_wconf 86' lang='lat' dir='ltr'><strong>placuit</strong></span> <span class='ocrx_word' id='word_1_53' title='bbox 714 676 929 722; x_wconf 87' lang='lat' dir='ltr'><strong>sententia</strong></span> <span class='ocrx_word' id='word_1_54' title='bbox 952 677 1008 721; x_wconf 90' lang='lat' dir='ltr'><strong>M.</strong></span> <span class='ocrx_word' id='word_1_55' title='bbox 1032 677 1206 723; x_wconf 87' lang='lat' dir='ltr'><strong>Antonii</strong></span> <span class='ocrx_word' id='word_1_56' title='bbox 1224 677 1397 724; x_wconf 86' lang='lat' dir='ltr'><strong>Bobbae</strong></span> <span class='ocrx_word' id='word_1_57' title='bbox 1413 677 1633 740; x_wconf 85' lang='lat' dir='ltr'><strong>Augustae</strong></span> 
     </span>
     <span class='ocr_line' id='line_1_8' title="bbox 181 749 1635 817; baseline 0 -18"><span class='ocrx_word' id='word_1_58' title='bbox 181 750 424 799; x_wconf 67' lang='lat' dir='ltr'><strong>Praetoriae</strong></span> <span class='ocrx_word' id='word_1_59' title='bbox 451 749 646 814; x_wconf 84' lang='lat' dir='ltr'><strong>episcopi</strong></span> <span class='ocrx_word' id='word_1_60' title='bbox 681 762 724 797; x_wconf 87' lang='lat' dir='ltr'><strong>et</strong></span> <span class='ocrx_word' id='word_1_61' title='bbox 756 750 1000 797; x_wconf 90' lang='lat' dir='ltr'><strong>Sabaudiae</strong></span> <span class='ocrx_word' id='word_1_62' title='bbox 1043 752 1170 798; x_wconf 91' lang='lat' dir='ltr'><strong>ducis</strong></span> <span class='ocrx_word' id='word_1_63' title='bbox 1210 753 1372 815; x_wconf 86' lang='lat' dir='ltr'><strong>legati,</strong></span> <span class='ocrx_word' id='word_1_64' title='bbox 1419 754 1494 817; x_wconf 94' lang='lat' dir='ltr'><strong>qui</strong></span> <span class='ocrx_word' id='word_1_65' title='bbox 1539 755 1635 799; x_wconf 86' lang='lat' dir='ltr'><strong>ani-</strong></span> 
     </span>
     <span class='ocr_line' id='line_1_9' title="bbox 180 825 1635 890; baseline -0.001 -15"><span class='ocrx_word' id='word_1_66' title='bbox 180 827 408 874; x_wconf 80' lang='lat' dir='ltr'><strong>madvertit</strong></span> <span class='ocrx_word' id='word_1_67' title='bbox 435 825 526 872; x_wconf 88' lang='lat' dir='ltr'><strong>fore</strong></span> <span class='ocrx_word' id='word_1_68' title='bbox 550 836 616 881; x_wconf 89' lang='lat' dir='ltr'><strong>ut,</strong></span> <span class='ocrx_word' id='word_1_69' title='bbox 649 826 750 872; x_wconf 87' lang='lat' dir='ltr'><strong>data</strong></span> <span class='ocrx_word' id='word_1_70' title='bbox 775 826 995 890; x_wconf 90' lang='lat' dir='ltr'><strong>episcopis</strong></span> <span class='ocrx_word' id='word_1_71' title='bbox 1020 827 1102 873; x_wconf 90' lang='lat' dir='ltr'><strong>hac</strong></span> <span class='ocrx_word' id='word_1_72' title='bbox 1126 828 1350 885; x_wconf 83' lang='lat' dir='ltr'><strong>facultate,</strong></span> <span class='ocrx_word' id='word_1_73' title='bbox 1373 829 1507 875; x_wconf 91' lang='lat' dir='ltr'><strong>multo</strong></span> <span class='ocrx_word' id='word_1_74' title='bbox 1527 829 1635 876; x_wconf 84' lang='lat' dir='ltr'><strong>faci-</strong></span> 
     </span>
     <span class='ocr_line' id='line_1_10' title="bbox 181 901 1635 966; baseline 0.003 -19"><span class='ocrx_word' id='word_1_75' title='bbox 181 902 270 958; x_wconf 65' lang='lat' dir='ltr'><strong>lius</strong></span> <span class='ocrx_word' id='word_1_76' title='bbox 295 911 338 948; x_wconf 89' lang='lat' dir='ltr'><strong>et</strong></span> <span class='ocrx_word' id='word_1_77' title='bbox 369 901 665 966; x_wconf 83' lang='lat' dir='ltr'><strong>frequentius,</strong></span> <span class='ocrx_word' id='word_1_78' title='bbox 693 902 810 966; x_wconf 93' lang='lat' dir='ltr'><strong>quod</strong></span> <span class='ocrx_word' id='word_1_79' title='bbox 845 913 1014 965; x_wconf 90' lang='lat' dir='ltr'><strong>patrum</strong></span> <span class='ocrx_word' id='word_1_80' title='bbox 1050 903 1195 949; x_wconf 87' lang='lat' dir='ltr'><strong>studio</strong></span> <span class='ocrx_word' id='word_1_81' title='bbox 1235 914 1276 949; x_wconf 88' lang='lat' dir='ltr'><strong>et</strong></span> <span class='ocrx_word' id='word_1_82' title='bbox 1311 905 1532 966; x_wconf 89' lang='lat' dir='ltr'><strong>proposito</strong></span> <span class='ocrx_word' id='word_1_83' title='bbox 1562 905 1635 951; x_wconf 88' lang='lat' dir='ltr'><strong>ad-</strong></span> 
     </span>
     <span class='ocr_line' id='line_1_11' title="bbox 179 977 1429 1041; baseline 0.002 -18"><span class='ocrx_word' id='word_1_84' title='bbox 179 977 465 1033; x_wconf 78' lang='lat' dir='ltr'><strong>versabatur,</strong></span> <span class='ocrx_word' id='word_1_85' title='bbox 506 977 758 1024; x_wconf 90' lang='lat' dir='ltr'><strong>huiusmodi</strong></span> <span class='ocrx_word' id='word_1_86' title='bbox 793 978 948 1024; x_wconf 87' lang='lat' dir='ltr'><strong>veniae</strong></span> <span class='ocrx_word' id='word_1_87' title='bbox 976 979 1318 1025; x_wconf 87' lang='lat' dir='ltr'><strong>concederentur</strong></span> <span class='ocrx_word' id='word_1_88' title='bbox 1345 981 1429 1041; x_wconf 82' lang='lat'><strong>(7).</strong></span> 
     </span>
    </p>

    <p class='ocr_par' dir='ltr' id='par_1_3' title="bbox 181 1049 1640 1797">
     <span class='ocr_line' id='line_1_12' title="bbox 275 1049 1637 1117; baseline 0.002 -19"><span class='ocrx_word' id='word_1_89' title='bbox 275 1053 404 1100; x_wconf 91' lang='lat' dir='ltr'><strong>Haud</strong></span> <span class='ocrx_word' id='word_1_90' title='bbox 437 1052 573 1100; x_wconf 90' lang='lat' dir='ltr'><strong>multo</strong></span> <span class='ocrx_word' id='word_1_91' title='bbox 607 1063 707 1117; x_wconf 82' lang='lat' dir='ltr'><strong>post</strong></span> <span class='ocrx_word' id='word_1_92' title='bbox 737 1053 911 1100; x_wconf 90' lang='lat' dir='ltr'><strong>concilii</strong></span> <span class='ocrx_word' id='word_1_93' title='bbox 947 1049 1167 1101; x_wconf 85' lang='lat' dir='ltr'><strong>tridentini</strong></span> <span class='ocrx_word' id='word_1_94' title='bbox 1202 1055 1537 1101; x_wconf 88' lang='lat' dir='ltr'><strong>celebrationem</strong></span> <span class='ocrx_word' id='word_1_95' title='bbox 1568 1056 1637 1101; x_wconf 91' lang='lat' dir='ltr'><strong>ius</strong></span> 
     </span>
     <span class='ocr_line' id='line_1_13' title="bbox 182 1128 1639 1195; baseline 0.001 -20"><span class='ocrx_word' id='word_1_96' title='bbox 182 1128 493 1192; x_wconf 88' lang='lat' dir='ltr'><strong>impedimenta</strong></span> <span class='ocrx_word' id='word_1_97' title='bbox 525 1129 787 1176; x_wconf 86' lang='lat' dir='ltr'><strong>matrimonii</strong></span> <span class='ocrx_word' id='word_1_98' title='bbox 822 1130 1072 1177; x_wconf 86' lang='lat' dir='ltr'><strong>removendi</strong></span> <span class='ocrx_word' id='word_1_99' title='bbox 1109 1141 1275 1177; x_wconf 87' lang='lat' dir='ltr'><strong>tantum</strong></span> <span class='ocrx_word' id='word_1_100' title='bbox 1310 1131 1354 1176; x_wconf 89' lang='lat' dir='ltr'><strong>in</strong></span> <span class='ocrx_word' id='word_1_101' title='bbox 1390 1148 1497 1178; x_wconf 91' lang='lat' dir='ltr'><strong>rom.</strong></span> <span class='ocrx_word' id='word_1_102' title='bbox 1530 1148 1639 1195; x_wconf 89' lang='lat' dir='ltr'><strong>pon-</strong></span> 
     </span>
     <span class='ocr_line' id='line_1_14' title="bbox 183 1204 1638 1268; baseline 0.002 -18"><span class='ocrx_word' id='word_1_103' title='bbox 183 1204 299 1252; x_wconf 88' lang='lat' dir='ltr'><strong>tifice</strong></span> <span class='ocrx_word' id='word_1_104' title='bbox 334 1205 483 1268; x_wconf 89' lang='lat' dir='ltr'><strong>reipsa</strong></span> <span class='ocrx_word' id='word_1_105' title='bbox 517 1217 786 1268; x_wconf 87' lang='lat' dir='ltr'><strong>agnoverunt</strong></span> <span class='ocrx_word' id='word_1_106' title='bbox 808 1206 993 1253; x_wconf 89' lang='lat' dir='ltr'><strong>concilia</strong></span> <span class='ocrx_word' id='word_1_107' title='bbox 1017 1217 1251 1254; x_wconf 85' lang='lat' dir='ltr'><strong>turonense</strong></span> <span class='ocrx_word' id='word_1_108' title='bbox 1274 1207 1339 1254; x_wconf 90' lang='lat' dir='ltr'><strong>tit.</strong></span> <span class='ocrx_word' id='word_1_109' title='bbox 1366 1208 1438 1252; x_wconf 88' lang='lat' dir='ltr'><strong>IX.</strong></span> <span class='ocrx_word' id='word_1_110' title='bbox 1466 1207 1523 1253; x_wconf 91' lang='lat' dir='ltr'><strong>de</strong></span> <span class='ocrx_word' id='word_1_111' title='bbox 1546 1225 1638 1253; x_wconf 88' lang='lat' dir='ltr'><strong>ma-</strong></span> 
     </span>
     <span class='ocr_line' id='line_1_15' title="bbox 182 1282 1640 1348; baseline 0.001 -21"><span class='ocrx_word' id='word_1_112' title='bbox 182 1282 386 1328; x_wconf 85' lang='lat' dir='ltr'><strong>trimonio</strong></span> <span class='ocrx_word' id='word_1_113' title='bbox 404 1292 447 1328; x_wconf 91' lang='lat' dir='ltr'><strong>et</strong></span> <span class='ocrx_word' id='word_1_114' title='bbox 469 1282 713 1329; x_wconf 91' lang='lat' dir='ltr'><strong>tolosanum</strong></span> <span class='ocrx_word' id='word_1_115' title='bbox 738 1294 849 1346; x_wconf 90' lang='lat' dir='ltr'><strong>part.</strong></span> <span class='ocrx_word' id='word_1_116' title='bbox 875 1284 930 1329; x_wconf 92' lang='lat' dir='ltr'><strong>Il.</strong></span> <span class='ocrx_word' id='word_1_117' title='bbox 953 1300 1049 1348; x_wconf 92' lang='lat' dir='ltr'><strong>cap.</strong></span> <span class='ocrx_word' id='word_1_118' title='bbox 1079 1284 1189 1328; x_wconf 89' lang='lat' dir='ltr'><strong>Vlll.</strong></span> <span class='ocrx_word' id='word_1_119' title='bbox 1220 1285 1282 1344; x_wconf 91' lang='lat'><strong>(8)</strong></span> <span class='ocrx_word' id='word_1_120' title='bbox 1304 1302 1312 1337; x_wconf 86' lang='lat'>;</span> <span class='ocrx_word' id='word_1_121' title='bbox 1343 1300 1527 1347; x_wconf 90' lang='lat' dir='ltr'><strong>quorum</strong></span> <span class='ocrx_word' id='word_1_122' title='bbox 1554 1282 1640 1346; x_wconf 90' lang='lat' dir='ltr'><strong>ple-</strong></span> 
     </span>
     <span class='ocr_line' id='line_1_16' title="bbox 181 1357 1636 1422; baseline 0 -19"><span class='ocrx_word' id='word_1_123' title='bbox 181 1357 306 1421; x_wconf 86' lang='lat' dir='ltr'><strong>rique</strong></span> <span class='ocrx_word' id='word_1_124' title='bbox 323 1369 468 1421; x_wconf 87' lang='lat' dir='ltr'><strong>patres</strong></span> <span class='ocrx_word' id='word_1_125' title='bbox 487 1358 670 1405; x_wconf 88' lang='lat' dir='ltr'><strong>concilio</strong></span> <span class='ocrx_word' id='word_1_126' title='bbox 689 1358 922 1405; x_wconf 88' lang='lat' dir='ltr'><strong>tridentino</strong></span> <span class='ocrx_word' id='word_1_127' title='bbox 943 1359 1241 1414; x_wconf 88' lang='lat' dir='ltr'><strong>interfuerunt,</strong></span> <span class='ocrx_word' id='word_1_128' title='bbox 1261 1358 1458 1422; x_wconf 88' lang='lat' dir='ltr'><strong>adeoque</strong></span> <span class='ocrx_word' id='word_1_129' title='bbox 1471 1358 1636 1422; x_wconf 90' lang='lat' dir='ltr'><strong>optime</strong></span> 
     </span>
     <span class='ocr_line' id='line_1_17' title="bbox 183 1434 1630 1498; baseline 0.001 -20"><span class='ocrx_word' id='word_1_130' title='bbox 183 1443 392 1480; x_wconf 86' lang='lat' dir='ltr'><strong>noverant</strong></span> <span class='ocrx_word' id='word_1_131' title='bbox 425 1434 532 1498; x_wconf 91' lang='lat' dir='ltr'><strong>quid</strong></span> <span class='ocrx_word' id='word_1_132' title='bbox 567 1435 712 1498; x_wconf 92' lang='lat' dir='ltr'><strong>ipsum</strong></span> <span class='ocrx_word' id='word_1_133' title='bbox 747 1434 792 1479; x_wconf 90' lang='lat' dir='ltr'><strong>in</strong></span> <span class='ocrx_word' id='word_1_134' title='bbox 827 1434 914 1480; x_wconf 88' lang='lat' dir='ltr'><strong>illis</strong></span> <span class='ocrx_word' id='word_1_135' title='bbox 944 1435 1105 1497; x_wconf 89' lang='lat' dir='ltr'><strong>regulis</strong></span> <span class='ocrx_word' id='word_1_136' title='bbox 1130 1434 1355 1481; x_wconf 86' lang='lat' dir='ltr'><strong>tradendis</strong></span> <span class='ocrx_word' id='word_1_137' title='bbox 1384 1434 1630 1480; x_wconf 88' lang='lat' dir='ltr'><strong>intenderit.</strong></span> 
     </span>
     <span class='ocr_line' id='line_1_18' title="bbox 182 1508 1632 1573; baseline 0 -18"><span class='ocrx_word' id='word_1_138' title='bbox 182 1508 458 1573; x_wconf 79' lang='lat' dir='ltr'><strong>Quapropter</strong></span> <span class='ocrx_word' id='word_1_139' title='bbox 482 1510 584 1556; x_wconf 87' lang='lat' dir='ltr'><strong>Pius</strong></span> <span class='ocrx_word' id='word_1_140' title='bbox 606 1509 677 1556; x_wconf 88' lang='lat' dir='ltr'><strong>vl.</strong></span> <span class='ocrx_word' id='word_1_141' title='bbox 706 1509 859 1556; x_wconf 88' lang='lat' dir='ltr'><strong>litteris</strong></span> <span class='ocrx_word' id='word_1_142' title='bbox 884 1510 999 1556; x_wconf 89' lang='lat' dir='ltr'><strong>datis</strong></span> <span class='ocrx_word' id='word_1_143' title='bbox 1028 1509 1099 1556; x_wconf 92' lang='lat' dir='ltr'><strong>die</strong></span> <span class='ocrx_word' id='word_1_144' title='bbox 1128 1512 1203 1556; x_wconf 81' lang='lat'><strong>26.</strong></span> <span class='ocrx_word' id='word_1_145' title='bbox 1232 1510 1463 1558; x_wconf 83' lang='lat' dir='ltr'><strong>Novembr.</strong></span> <span class='ocrx_word' id='word_1_146' title='bbox 1494 1511 1632 1555; x_wconf 80' lang='lat'>1786.</span> 
     </span>
     <span class='ocr_line' id='line_1_19' title="bbox 183 1584 1636 1649; baseline 0.001 -20"><span class='ocrx_word' id='word_1_147' title='bbox 183 1584 297 1630; x_wconf 86' lang='lat' dir='ltr'><strong>inter</strong></span> <span class='ocrx_word' id='word_1_148' title='bbox 329 1595 493 1632; x_wconf 86' lang='lat' dir='ltr'><strong>ceteros</strong></span> <span class='ocrx_word' id='word_1_149' title='bbox 527 1585 665 1649; x_wconf 79' lang='lat' dir='ltr'><strong>Eyhel</strong></span> <span class='ocrx_word' id='word_1_150' title='bbox 699 1602 868 1631; x_wconf 89' lang='lat' dir='ltr'><strong>errores</strong></span> <span class='ocrx_word' id='word_1_151' title='bbox 902 1595 944 1631; x_wconf 89' lang='lat' dir='ltr'><strong>et</strong></span> <span class='ocrx_word' id='word_1_152' title='bbox 978 1585 1095 1631; x_wconf 92' lang='lat' dir='ltr'><strong>hunc</strong></span> <span class='ocrx_word' id='word_1_153' title='bbox 1126 1586 1416 1649; x_wconf 87' lang='lat' dir='ltr'><strong>proscripsit,</strong></span> <span class='ocrx_word' id='word_1_154' title='bbox 1457 1584 1636 1648; x_wconf 81' lang='lat' dir='ltr'><strong>dispen-</strong></span> 
     </span>
     <span class='ocr_line' id='line_1_20' title="bbox 184 1658 1640 1724; baseline -0.001 -19"><span class='ocrx_word' id='word_1_155' title='bbox 184 1659 403 1706; x_wconf 88' lang='lat' dir='ltr'><strong>sationum</strong></span> <span class='ocrx_word' id='word_1_156' title='bbox 428 1660 743 1707; x_wconf 87' lang='lat' dir='ltr'><strong>reservationes</strong></span> <span class='ocrx_word' id='word_1_157' title='bbox 778 1660 997 1707; x_wconf 88' lang='lat' dir='ltr'><strong>indebitas</strong></span> <span class='ocrx_word' id='word_1_158' title='bbox 1031 1677 1130 1707; x_wconf 88' lang='lat' dir='ltr'><strong>esse</strong></span> <span class='ocrx_word' id='word_1_159' title='bbox 1163 1671 1294 1724; x_wconf 88' lang='lat' dir='ltr'><strong>atque</strong></span> <span class='ocrx_word' id='word_1_160' title='bbox 1327 1660 1546 1724; x_wconf 86' lang='lat' dir='ltr'><strong>episcopis</strong></span> <span class='ocrx_word' id='word_1_161' title='bbox 1573 1658 1640 1703; x_wconf 89' lang='lat' dir='ltr'><strong>in-</strong></span> 
     </span>
     <span class='ocr_line' id='line_1_21' title="bbox 185 1735 495 1797; baseline 0.003 -18"><span class='ocrx_word' id='word_1_162' title='bbox 185 1735 385 1782; x_wconf 81' lang='lat' dir='ltr'><strong>iuriosas</strong></span> <span class='ocrx_word' id='word_1_163' title='bbox 413 1737 495 1797; x_wconf 80' lang='lat'><strong>(9).</strong></span> 
     </span>
    </p>

    <p class='ocr_par' dir='ltr' id='par_1_4' title="bbox 184 1809 1644 2402">
     <span class='ocr_line' id='line_1_22' title="bbox 279 1809 1640 1875; baseline -0.001 -20"><span class='ocrx_word' id='word_1_164' title='bbox 279 1810 334 1855; x_wconf 91' lang='lat' dir='ltr'><strong>Et</strong></span> <span class='ocrx_word' id='word_1_165' title='bbox 368 1809 478 1857; x_wconf 90' lang='lat' dir='ltr'><strong>haec</strong></span> <span class='ocrx_word' id='word_1_166' title='bbox 510 1811 565 1856; x_wconf 92' lang='lat' dir='ltr'><strong>de</strong></span> <span class='ocrx_word' id='word_1_167' title='bbox 598 1811 739 1875; x_wconf 89' lang='lat' dir='ltr'><strong>prima</strong></span> <span class='ocrx_word' id='word_1_168' title='bbox 762 1811 1043 1874; x_wconf 77' lang='lat' dir='ltr'><strong>probatione3</strong></span> <span class='ocrx_word' id='word_1_169' title='bbox 1078 1828 1192 1858; x_wconf 89' lang='lat' dir='ltr'><strong>nunc</strong></span> <span class='ocrx_word' id='word_1_170' title='bbox 1226 1818 1418 1872; x_wconf 88' lang='lat' dir='ltr'><strong>praestat</strong></span> <span class='ocrx_word' id='word_1_171' title='bbox 1447 1809 1640 1873; x_wconf 91' lang='lat' dir='ltr'><strong>idipsum</strong></span> 
     </span>
     <span class='ocr_line' id='line_1_23' title="bbox 185 1883 1644 1948; baseline -0.001 -17"><span class='ocrx_word' id='word_1_172' title='bbox 185 1896 440 1947; x_wconf 86' lang='lat' dir='ltr'><strong>argumento</strong></span> <span class='ocrx_word' id='word_1_173' title='bbox 473 1903 500 1932; x_wconf 85' lang='lat' dir='ltr'><strong>a</strong></span> <span class='ocrx_word' id='word_1_174' title='bbox 522 1888 775 1948; x_wconf 74' lang='lat' dir='ltr'><strong>posteriori,</strong></span> <span class='ocrx_word' id='word_1_175' title='bbox 816 1885 894 1932; x_wconf 89' lang='lat' dir='ltr'><strong>seu</strong></span> <span class='ocrx_word' id='word_1_176' title='bbox 936 1905 988 1933; x_wconf 86' lang='lat' dir='ltr'><strong>ex</strong></span> <span class='ocrx_word' id='word_1_177' title='bbox 1022 1887 1147 1932; x_wconf 88' lang='lat' dir='ltr'><strong>factis</strong></span> <span class='ocrx_word' id='word_1_178' title='bbox 1181 1885 1454 1932; x_wconf 84' lang='lat' dir='ltr'><strong>confirmare.</strong></span> <span class='ocrx_word' id='word_1_179' title='bbox 1484 1883 1644 1939; x_wconf 87' lang='lat' dir='ltr'><strong>Quam—</strong></span> 
     </span>
     <span class='ocr_line' id='line_1_24' title="bbox 184 1959 1642 2024; baseline -0.001 -18"><span class='ocrx_word' id='word_1_180' title='bbox 184 1960 253 2006; x_wconf 87' lang='lat' dir='ltr'><strong>vis</strong></span> <span class='ocrx_word' id='word_1_181' title='bbox 282 1977 412 2023; x_wconf 88' lang='lat' dir='ltr'><strong>porro</strong></span> <span class='ocrx_word' id='word_1_182' title='bbox 439 1960 589 2024; x_wconf 89' lang='lat' dir='ltr'><strong>aliquo</strong></span> <span class='ocrx_word' id='word_1_183' title='bbox 615 1978 749 2007; x_wconf 87' lang='lat' dir='ltr'><strong>sensu</strong></span> <span class='ocrx_word' id='word_1_184' title='bbox 781 1978 931 2007; x_wconf 88' lang='lat' dir='ltr'><strong>verum</strong></span> <span class='ocrx_word' id='word_1_185' title='bbox 966 1962 1023 2007; x_wconf 89' lang='lat' dir='ltr'><strong>sit</strong></span> <span class='ocrx_word' id='word_1_186' title='bbox 1057 1961 1211 2024; x_wconf 88' lang='lat' dir='ltr'><strong>primis</strong></span> <span class='ocrx_word' id='word_1_187' title='bbox 1246 1959 1457 2006; x_wconf 89' lang='lat' dir='ltr'><strong>ecclesiae</strong></span> <span class='ocrx_word' id='word_1_188' title='bbox 1481 1959 1642 2005; x_wconf 87' lang='lat' dir='ltr'><strong>seculis</strong></span> 
     </span>
     <span class='ocr_line' id='line_1_25' title="bbox 185 2034 1643 2099; baseline 0 -19"><span class='ocrx_word' id='word_1_189' title='bbox 185 2034 446 2083; x_wconf 82' lang='lat' dir='ltr'><strong>documenta</strong></span> <span class='ocrx_word' id='word_1_190' title='bbox 478 2036 730 2084; x_wconf 89' lang='lat' dir='ltr'><strong>istiusmodi</strong></span> <span class='ocrx_word' id='word_1_191' title='bbox 763 2036 1075 2083; x_wconf 82' lang='lat' dir='ltr'><strong>relaxationum</strong></span> <span class='ocrx_word' id='word_1_192' title='bbox 1103 2054 1189 2082; x_wconf 88' lang='lat' dir='ltr'><strong>non</strong></span> <span class='ocrx_word' id='word_1_193' title='bbox 1215 2034 1418 2099; x_wconf 87' lang='lat' dir='ltr'><strong>reperiri,</strong></span> <span class='ocrx_word' id='word_1_194' title='bbox 1454 2044 1643 2081; x_wconf 89' lang='lat' dir='ltr'><strong>attamen</strong></span> 
     </span>
     <span class='ocr_line' id='line_1_26' title="bbox 187 2109 1643 2174; baseline -0.001 -18"><span class='ocrx_word' id='word_1_195' title='bbox 187 2110 337 2172; x_wconf 85' lang='lat' dir='ltr'><strong>negari</strong></span> <span class='ocrx_word' id='word_1_196' title='bbox 371 2110 489 2157; x_wconf 88' lang='lat' dir='ltr'><strong>haud</strong></span> <span class='ocrx_word' id='word_1_197' title='bbox 518 2128 651 2174; x_wconf 89' lang='lat' dir='ltr'><strong>posse</strong></span> <span class='ocrx_word' id='word_1_198' title='bbox 673 2111 847 2158; x_wconf 89' lang='lat' dir='ltr'><strong>videtur</strong></span> <span class='ocrx_word' id='word_1_199' title='bbox 864 2148 874 2166; x_wconf 92' lang='lat'><strong>,</strong></span> <span class='ocrx_word' id='word_1_200' title='bbox 907 2128 1056 2157; x_wconf 91' lang='lat' dir='ltr'><strong>earum</strong></span> <span class='ocrx_word' id='word_1_201' title='bbox 1082 2110 1268 2173; x_wconf 87' lang='lat' dir='ltr'><strong>vestigia</strong></span> <span class='ocrx_word' id='word_1_202' title='bbox 1291 2127 1379 2156; x_wconf 92' lang='lat' dir='ltr'><strong>non</strong></span> <span class='ocrx_word' id='word_1_203' title='bbox 1410 2109 1566 2156; x_wconf 88' lang='lat' dir='ltr'><strong>deesse</strong></span> <span class='ocrx_word' id='word_1_204' title='bbox 1600 2109 1643 2155; x_wconf 89' lang='lat' dir='ltr'><strong>in</strong></span> 
     </span>
     <span class='ocr_line' id='line_1_27' title="bbox 186 2186 1643 2250; baseline 0 -19"><span class='ocrx_word' id='word_1_205' title='bbox 186 2186 481 2250; x_wconf 85' lang='lat' dir='ltr'><strong>remotissima</strong></span> <span class='ocrx_word' id='word_1_206' title='bbox 510 2187 772 2250; x_wconf 87' lang='lat' dir='ltr'><strong>antiquitate</strong></span> <span class='ocrx_word' id='word_1_207' title='bbox 806 2187 843 2232; x_wconf 92' lang='lat' dir='ltr'><strong>si</strong></span> <span class='ocrx_word' id='word_1_208' title='bbox 880 2186 1011 2232; x_wconf 89' lang='lat' dir='ltr'><strong>fidem</strong></span> <span class='ocrx_word' id='word_1_209' title='bbox 1047 2186 1326 2248; x_wconf 88' lang='lat' dir='ltr'><strong>adiungimus</strong></span> <span class='ocrx_word' id='word_1_210' title='bbox 1351 2186 1406 2232; x_wconf 90' lang='lat' dir='ltr'><strong>iis</strong></span> <span class='ocrx_word' id='word_1_211' title='bbox 1441 2203 1555 2250; x_wconf 89' lang='lat' dir='ltr'><strong>quae</strong></span> <span class='ocrx_word' id='word_1_212' title='bbox 1589 2186 1643 2231; x_wconf 88' lang='lat' dir='ltr'><strong>ad</strong></span> 
     </span>
     <span class='ocr_line' id='line_1_28' title="bbox 188 2260 1640 2325; baseline -0.001 -16"><span class='ocrx_word' id='word_1_213' title='bbox 188 2260 518 2317; x_wconf 51' lang='lat' dir='ltr'><strong>qunselmum</strong></span> <span class='ocrx_word' id='word_1_214' title='bbox 553 2261 704 2309; x_wconf 89' lang='lat' dir='ltr'><strong>scribit</strong></span> <span class='ocrx_word' id='word_1_215' title='bbox 737 2262 965 2308; x_wconf 87' lang='lat' dir='ltr'><strong>Paschalis</strong></span> <span class='ocrx_word' id='word_1_216' title='bbox 996 2263 1050 2308; x_wconf 92' lang='lat'><strong>11.</strong></span> <span class='ocrx_word' id='word_1_217' title='bbox 1079 2261 1156 2325; x_wconf 91' lang='lat' dir='ltr'><strong>qui</strong></span> <span class='ocrx_word' id='word_1_218' title='bbox 1190 2260 1363 2308; x_wconf 89' lang='lat' dir='ltr'><strong>illarum</strong></span> <span class='ocrx_word' id='word_1_219' title='bbox 1393 2261 1607 2324; x_wconf 81' lang='lat' dir='ltr'><strong>originem</strong></span> <span class='ocrx_word' id='word_1_220' title='bbox 1633 2300 1640 2316; x_wconf 89' lang='lat'>‚</span> 
     </span>
     <span class='ocr_line' id='line_1_29' title="bbox 189 2337 1638 2402; baseline -0.001 -20"><span class='ocrx_word' id='word_1_221' title='bbox 189 2337 340 2402; x_wconf 73' lang='lat' dir='ltr'><strong>saltem</strong></span> <span class='ocrx_word' id='word_1_222' title='bbox 364 2338 409 2383; x_wconf 91' lang='lat' dir='ltr'><strong>in</strong></span> <span class='ocrx_word' id='word_1_223' title='bbox 434 2355 591 2400; x_wconf 79' lang='lat' dir='ltr'><strong>genere</strong></span> <span class='ocrx_word' id='word_1_224' title='bbox 619 2337 676 2384; x_wconf 90' lang='lat' dir='ltr'><strong>ab</strong></span> <span class='ocrx_word' id='word_1_225' title='bbox 705 2337 945 2401; x_wconf 90' lang='lat' dir='ltr'><strong>apostolica</strong></span> <span class='ocrx_word' id='word_1_226' title='bbox 976 2339 1074 2401; x_wconf 88' lang='lat' dir='ltr'><strong>ipsa</strong></span> <span class='ocrx_word' id='word_1_227' title='bbox 1099 2338 1254 2402; x_wconf 88' lang='lat' dir='ltr'><strong>repetit</strong></span> <span class='ocrx_word' id='word_1_228' title='bbox 1287 2348 1427 2384; x_wconf 89' lang='lat' dir='ltr'><strong>aetate</strong></span> <span class='ocrx_word' id='word_1_229' title='bbox 1462 2337 1638 2384; x_wconf 89' lang='lat' dir='ltr'><strong>dicens:</strong></span> 
     </span>
    </p>
   </div>
   <div class='ocr_carea' id='block_1_3' title="bbox 187 2447 1652 2854">
    <p class='ocr_par' dir='ltr' id='par_1_5' title="bbox 251 2447 1648 2489">
     <span class='ocr_line' id='line_1_30' title="bbox 251 2447 1648 2489; baseline -0.001 -10"><span class='ocrx_word' id='word_1_230' title='bbox 251 2460 254 2465; x_wconf 95' lang='lat'>·</span> <span class='ocrx_word' id='word_1_231' title='bbox 278 2448 322 2486; x_wconf 89' lang='grc'><strong>(7)</strong></span> <span class='ocrx_word' id='word_1_232' title='bbox 343 2447 394 2479; x_wconf 72' lang='lat' dir='ltr'><strong>Cf.</strong></span> <span class='ocrx_word' id='word_1_233' title='bbox 409 2448 595 2480; x_wconf 69' lang='lat' dir='ltr'><strong>Palaeotum</strong></span> <span class='ocrx_word' id='word_1_234' title='bbox 612 2449 643 2480; x_wconf 85' lang='lat' dir='ltr'><strong>iu</strong></span> <span class='ocrx_word' id='word_1_235' title='bbox 662 2450 737 2480; x_wconf 77' lang='lat' dir='ltr'><strong>Ace.</strong></span> <span class='ocrx_word' id='word_1_236' title='bbox 753 2457 846 2481; x_wconf 85' lang='lat' dir='ltr'><strong>conc.</strong></span> <span class='ocrx_word' id='word_1_237' title='bbox 865 2448 945 2481; x_wconf 74' lang='lat' dir='ltr'><strong>trid.</strong></span> <span class='ocrx_word' id='word_1_238' title='bbox 962 2447 1010 2481; x_wconf 83' lang='lat' dir='ltr'><strong>ad</strong></span> <span class='ocrx_word' id='word_1_239' title='bbox 1024 2448 1113 2480; x_wconf 72' lang='lat' dir='ltr'><strong>diem</strong></span> <span class='ocrx_word' id='word_1_240' title='bbox 1131 2452 1177 2481; x_wconf 92' lang='lat'><strong>17.</strong></span> <span class='ocrx_word' id='word_1_241' title='bbox 1190 2450 1337 2489; x_wconf 76' lang='lat' dir='ltr'><strong>Auyusti</strong></span> <span class='ocrx_word' id='word_1_242' title='bbox 1357 2457 1409 2479; x_wconf 87' lang='lat' dir='ltr'><strong>an.</strong></span> <span class='ocrx_word' id='word_1_243' title='bbox 1432 2452 1519 2480; x_wconf 83' lang='lat'><strong>¹563.</strong></span> <span class='ocrx_word' id='word_1_244' title='bbox 1533 2448 1566 2479; x_wconf 86' lang='lat' dir='ltr'><strong>et</strong></span> <span class='ocrx_word' id='word_1_245' title='bbox 1580 2447 1648 2478; x_wconf 79' lang='lat' dir='ltr'><strong>Pal-</strong></span> 
     </span>
    </p>

    <p class='ocr_par' dir='ltr' id='par_1_6' title="bbox 190 2499 1555 2592">
     <span class='ocr_line' id='line_1_31' title="bbox 190 2499 1555 2533; baseline 0.001 -4"><span class='ocrx_word' id='word_1_246' title='bbox 190 2499 377 2531; x_wconf 71' lang='lat' dir='ltr'><strong>lavicinium</strong></span> <span class='ocrx_word' id='word_1_247' title='bbox 396 2502 490 2532; x_wconf 77' lang='lat' dir='ltr'><strong>Hise.</strong></span> <span class='ocrx_word' id='word_1_248' title='bbox 514 2509 607 2532; x_wconf 84' lang='lat' dir='ltr'><strong>conc.</strong></span> <span class='ocrx_word' id='word_1_249' title='bbox 630 2501 713 2533; x_wconf 73' lang='lat' dir='ltr'><strong>trid.</strong></span> <span class='ocrx_word' id='word_1_250' title='bbox 728 2501 785 2533; x_wconf 85' lang='lat' dir='ltr'><strong>lib.</strong></span> <span class='ocrx_word' id='word_1_251' title='bbox 805 2503 920 2533; x_wconf 79' lang='lat' dir='ltr'><strong>xxm.</strong></span> <span class='ocrx_word' id='word_1_252' title='bbox 938 2503 976 2533; x_wconf 86' lang='lat' dir='ltr'><strong>C.</strong></span> <span class='ocrx_word' id='word_1_253' title='bbox 997 2503 1052 2533; x_wconf 79' lang='lat' dir='ltr'><strong>lx.</strong></span> <span class='ocrx_word' id='word_1_254' title='bbox 1072 2510 1103 2532; x_wconf 93' lang='lat' dir='ltr'><strong>n.</strong></span> <span class='ocrx_word' id='word_1_255' title='bbox 1125 2504 1171 2533; x_wconf 87' lang='lat'><strong>17.</strong></span> <span class='ocrx_word' id='word_1_256' title='bbox 1190 2501 1304 2532; x_wconf 86' lang='lat' dir='ltr'><strong>Devoti</strong></span> <span class='ocrx_word' id='word_1_257' title='bbox 1320 2501 1382 2532; x_wconf 88' lang='lat' dir='ltr'><strong>loc.</strong></span> <span class='ocrx_word' id='word_1_258' title='bbox 1399 2500 1454 2531; x_wconf 84' lang='lat' dir='ltr'><strong>cit.</strong></span> <span class='ocrx_word' id='word_1_259' title='bbox 1476 2508 1508 2530; x_wconf 89' lang='lat' dir='ltr'><strong>n.</strong></span> <span class='ocrx_word' id='word_1_260' title='bbox 1526 2503 1555 2531; x_wconf 89' lang='lat'><strong>7.</strong></span> 
     </span>
     <span class='ocr_line' id='line_1_32' title="bbox 279 2552 1348 2592; baseline 0.002 -9"><span class='ocrx_word' id='word_1_261' title='bbox 279 2552 323 2591; x_wconf 83' lang='lat'><strong>(8)</strong></span> <span class='ocrx_word' id='word_1_262' title='bbox 346 2553 441 2592; x_wconf 79' lang='lat' dir='ltr'><strong>Apud</strong></span> <span class='ocrx_word' id='word_1_263' title='bbox 459 2553 618 2585; x_wconf 79' lang='lat' dir='ltr'><strong>Hardiiin.</strong></span> <span class='ocrx_word' id='word_1_264' title='bbox 633 2555 721 2585; x_wconf 75' lang='lat' dir='ltr'><strong>Acta</strong></span> <span class='ocrx_word' id='word_1_265' title='bbox 734 2553 855 2585; x_wconf 69' lang='lat' dir='ltr'><strong>concil.</strong></span> <span class='ocrx_word' id='word_1_266' title='bbox 870 2554 948 2586; x_wconf 90' lang='lat' dir='ltr'><strong>tom.</strong></span> <span class='ocrx_word' id='word_1_267' title='bbox 966 2555 1006 2586; x_wconf 85' lang='lat' dir='ltr'><strong>X.</strong></span> <span class='ocrx_word' id='word_1_268' title='bbox 1024 2554 1085 2585; x_wconf 88' lang='lat' dir='ltr'><strong>col.</strong></span> <span class='ocrx_word' id='word_1_269' title='bbox 1107 2556 1195 2585; x_wconf 74' lang='lat'><strong>1405.</strong></span> <span class='ocrx_word' id='word_1_270' title='bbox 1211 2555 1243 2585; x_wconf 87' lang='lat' dir='ltr'><strong>et</strong></span> <span class='ocrx_word' id='word_1_271' title='bbox 1261 2556 1348 2585; x_wconf 70' lang='lat'><strong>1824.</strong></span> 
     </span>
    </p>

    <p class='ocr_par' dir='ltr' id='par_1_7' title="bbox 187 2603 1652 2854">
     <span class='ocr_line' id='line_1_33' title="bbox 264 2603 1652 2645; baseline -0.001 -10"><span class='ocrx_word' id='word_1_272' title='bbox 264 2603 324 2642; x_wconf 87' lang='grc'>·(9)</span> <span class='ocrx_word' id='word_1_273' title='bbox 346 2603 397 2636; x_wconf 79' lang='lat' dir='ltr'><strong>Cf.</strong></span> <span class='ocrx_word' id='word_1_274' title='bbox 417 2605 633 2636; x_wconf 81' lang='lat' dir='ltr'><strong>Mamachium</strong></span> <span class='ocrx_word' id='word_1_275' title='bbox 655 2605 688 2636; x_wconf 89' lang='lat' dir='ltr'><strong>in</strong></span> <span class='ocrx_word' id='word_1_276' title='bbox 703 2613 756 2645; x_wconf 84' lang='lat' dir='ltr'><strong>op.</strong></span> <span class='ocrx_word' id='word_1_277' title='bbox 772 2605 990 2645; x_wconf 80' lang='lat' dir='ltr'><strong>pseudonymo</strong></span> <span class='ocrx_word' id='word_1_278' title='bbox 1010 2607 1099 2637; x_wconf 75' lang='lat' dir='ltr'><strong>Pisei</strong></span> <span class='ocrx_word' id='word_1_279' title='bbox 1117 2604 1246 2636; x_wconf 73' lang='lat' dir='ltr'><strong>Aletini</strong></span> <span class='ocrx_word' id='word_1_280' title='bbox 1267 2606 1378 2636; x_wconf 86' lang='lat' dir='ltr'><strong>contra</strong></span> <span class='ocrx_word' id='word_1_281' title='bbox 1399 2604 1561 2635; x_wconf 85' lang='lat' dir='ltr'><strong>auctorem</strong></span> <span class='ocrx_word' id='word_1_282' title='bbox 1576 2611 1652 2644; x_wconf 85' lang='lat' dir='ltr'><strong>opu-</strong></span> 
     </span>
     <span class='ocr_line' id='line_1_34' title="bbox 187 2654 1652 2698; baseline 0 -12"><span class='ocrx_word' id='word_1_283' title='bbox 187 2655 280 2686; x_wconf 77' lang='lat' dir='ltr'><strong>sculi:</strong></span> <span class='ocrx_word' id='word_1_284' title='bbox 290 2654 385 2692; x_wconf 71' lang='lat' dir='ltr'><strong>Quid</strong></span> <span class='ocrx_word' id='word_1_285' title='bbox 397 2658 447 2688; x_wconf 81' lang='lat' dir='ltr'><strong>est</strong></span> <span class='ocrx_word' id='word_1_286' title='bbox 458 2658 581 2698; x_wconf 73' lang='lat' dir='ltr'><strong>Papa?</strong></span> <span class='ocrx_word' id='word_1_287' title='bbox 595 2666 646 2689; x_wconf 84' lang='lat' dir='ltr'><strong>an.</strong></span> <span class='ocrx_word' id='word_1_288' title='bbox 664 2660 752 2689; x_wconf 81' lang='grc'>1787.</span> <span class='ocrx_word' id='word_1_289' title='bbox 763 2666 834 2697; x_wconf 82' lang='lat' dir='ltr'><strong>cap.</strong></span> <span class='ocrx_word' id='word_1_290' title='bbox 845 2659 901 2689; x_wconf 87' lang='lat'><strong>111.</strong></span> <span class='ocrx_word' id='word_1_291' title='bbox 911 2657 962 2698; x_wconf 81' lang='lat'><strong>§§.</strong></span> <span class='ocrx_word' id='word_1_292' title='bbox 976 2662 1021 2690; x_wconf 87' lang='grc'><strong>11.</strong></span> <span class='ocrx_word' id='word_1_293' title='bbox 1037 2663 1084 2690; x_wconf 74' lang='grc'><strong>18.</strong></span> <span class='ocrx_word' id='word_1_294' title='bbox 1105 2663 1153 2689; x_wconf 79' lang='grc'><strong>19.</strong></span> <span class='ocrx_word' id='word_1_295' title='bbox 1169 2667 1228 2689; x_wconf 87' lang='lat' dir='ltr'><strong>nec</strong></span> <span class='ocrx_word' id='word_1_296' title='bbox 1242 2666 1305 2689; x_wconf 89' lang='lat' dir='ltr'><strong>non</strong></span> <span class='ocrx_word' id='word_1_297' title='bbox 1319 2659 1442 2688; x_wconf 81' lang='lat' dir='ltr'><strong>auctor.</strong></span> <span class='ocrx_word' id='word_1_298' title='bbox 1456 2663 1652 2695; x_wconf 83' lang='lat' dir='ltr'><strong>anonymum</strong></span> 
     </span>
     <span class='ocr_line' id='line_1_35' title="bbox 191 2708 1651 2751; baseline 0.001 -12"><span class='ocrx_word' id='word_1_299' title='bbox 191 2709 450 2741; x_wconf 69' lang='lat' dir='ltr'><strong>Dissertationis</strong></span> <span class='ocrx_word' id='word_1_300' title='bbox 474 2718 546 2751; x_wconf 80' lang='lat' dir='ltr'><strong>qua</strong></span> <span class='ocrx_word' id='word_1_301' title='bbox 558 2709 761 2750; x_wconf 75' lang='lat' dir='ltr'><strong>defenditur</strong></span> <span class='ocrx_word' id='word_1_302' title='bbox 780 2719 866 2742; x_wconf 82' lang='lat' dir='ltr'><strong>rom.</strong></span> <span class='ocrx_word' id='word_1_303' title='bbox 881 2711 1053 2751; x_wconf 74' lang='lat' dir='ltr'><strong>pontificis</strong></span> <span class='ocrx_word' id='word_1_304' title='bbox 1066 2712 1258 2743; x_wconf 74' lang='lat' dir='ltr'><strong>auctoritas</strong></span> <span class='ocrx_word' id='word_1_305' title='bbox 1273 2712 1309 2742; x_wconf 84' lang='lat' dir='ltr'><strong>in</strong></span> <span class='ocrx_word' id='word_1_306' title='bbox 1324 2708 1567 2750; x_wconf 58' lang='lat' dir='ltr'><strong>impedi-menta</strong></span> <span class='ocrx_word' id='word_1_307' title='bbox 1580 2717 1651 2740; x_wconf 81' lang='lat' dir='ltr'><strong>ma·</strong></span> 
     </span>
     <span class='ocr_line' id='line_1_36' title="bbox 191 2759 1651 2801; baseline -0.001 -10"><span class='ocrx_word' id='word_1_308' title='bbox 191 2760 393 2801; x_wconf 60' lang='lat' dir='ltr'><strong>&amp;timonium</strong></span> <span class='ocrx_word' id='word_1_309' title='bbox 413 2760 624 2794; x_wconf 67' lang='lat' dir='ltr'><strong>dirimenua.</strong></span> <span class='ocrx_word' id='word_1_310' title='bbox 647 2762 825 2794; x_wconf 84' lang='lat' dir='ltr'><strong>Gerdilium</strong></span> <span class='ocrx_word' id='word_1_311' title='bbox 846 2763 880 2795; x_wconf 83' lang='lat' dir='ltr'><strong>in</strong></span> <span class='ocrx_word' id='word_1_312' title='bbox 905 2764 1062 2795; x_wconf 73' lang='lat' dir='ltr'><strong>Tractaco</strong></span> <span class='ocrx_word' id='word_1_313' title='bbox 1081 2762 1139 2794; x_wconf 84' lang='lat' dir='ltr'><strong>del</strong></span> <span class='ocrx_word' id='word_1_314' title='bbox 1159 2763 1380 2794; x_wconf 72' lang='lat' dir='ltr'><strong>matrimonio</strong></span> <span class='ocrx_word' id='word_1_315' title='bbox 1403 2762 1482 2800; x_wconf 83' lang='lat' dir='ltr'><strong>part.</strong></span> <span class='ocrx_word' id='word_1_316' title='bbox 1499 2759 1583 2799; x_wconf 83' lang='lat'><strong>11.§.</strong></span> <span class='ocrx_word' id='word_1_317' title='bbox 1603 2764 1651 2791; x_wconf 88' lang='grc' dir='ltr'><strong>1ο.</strong></span> 
     </span>
     <span class='ocr_line' id='line_1_37' title="bbox 189 2812 1652 2854; baseline 0.001 -12"><span class='ocrx_word' id='word_1_318' title='bbox 189 2812 390 2844; x_wconf 78' lang='lat' dir='ltr'><strong>zacchariam</strong></span> <span class='ocrx_word' id='word_1_319' title='bbox 406 2812 438 2844; x_wconf 89' lang='lat' dir='ltr'><strong>in</strong></span> <span class='ocrx_word' id='word_1_320' title='bbox 452 2822 505 2853; x_wconf 80' lang='lat' dir='ltr'><strong>op.</strong></span> <span class='ocrx_word' id='word_1_321' title='bbox 515 2816 559 2846; x_wconf 83' lang='lat' dir='ltr'><strong>Lc</strong></span> <span class='ocrx_word' id='word_1_322' title='bbox 572 2816 678 2846; x_wconf 76' lang='lat' dir='ltr'><strong>storle</strong></span> <span class='ocrx_word' id='word_1_323' title='bbox 692 2814 764 2846; x_wconf 69' lang='lat' dir='ltr'><strong>idac</strong></span> <span class='ocrx_word' id='word_1_324' title='bbox 774 2813 1003 2846; x_wconf 72' lang='lat' dir='ltr'><strong>racldrizzace.</strong></span> <span class='ocrx_word' id='word_1_325' title='bbox 1018 2815 1150 2854; x_wconf 80' lang='lat' dir='ltr'><strong>Foligno</strong></span> <span class='ocrx_word' id='word_1_326' title='bbox 1167 2816 1255 2846; x_wconf 74' lang='grc'>1734.</span> <span class='ocrx_word' id='word_1_327' title='bbox 1270 2821 1339 2852; x_wconf 82' lang='lat' dir='ltr'><strong>cap.</strong></span> <span class='ocrx_word' id='word_1_328' title='bbox 1349 2813 1407 2844; x_wconf 82' lang='grc' dir='ltr'><strong>ΙΙΙ.</strong></span> <span class='ocrx_word' id='word_1_329' title='bbox 1418 2820 1487 2852; x_wconf 84' lang='lat' dir='ltr'><strong>pag.</strong></span> <span class='ocrx_word' id='word_1_330' title='bbox 1496 2814 1549 2844; x_wconf 86' lang='lat'><strong>107</strong></span> <span class='ocrx_word' id='word_1_331' title='bbox 1562 2819 1652 2850; x_wconf 79' lang='lat' dir='ltr'><strong>seqq.</strong></span> 
     </span>
    </p>
   </div>
  </div>
 </body>
</html>
