1980 3260
356 239 446 285 170
671 248 752 280 Lm.
781 248 827 280 11.
858 247 971 280 sacr.
1000 248 1029 279 1.
1058 246 1111 278 m:
1135 246 1301 279 rorasr.
1332 247 1497 281 nectus.

451 329 603 391 ltaque
636 342 690 373 ex
724 325 940 374 ecclesiae
977 324 1136 389 praxi,
1179 340 1233 370 ex
1266 323 1494 372 doctorum
1529 330 1787 378 auctoritate
1809 369 1821 387 ‚

355 415 487 468 atque
518 419 571 449 ex
604 401 700 449 iure
733 400 831 466 ipso
866 399 1101 447 deducitur
1138 416 1272 464 posse
1307 416 1540 447 romanum
1574 405 1824 467 pontificem

355 477 635 528 matrimonia
674 477 720 524 in
754 477 903 524 radice
937 493 1122 533 sanare⁷
1161 475 1387 541 simulque
1409 493 1463 523 ex
1494 477 1625 525 dictis
1659 482 1828 529 eruitur

356 556 473 603 hanc
505 563 767 618 potestatem
791 553 849 600 ad
875 553 1023 601 omnia
1055 552 1374 617 impedimenta
1401 553 1706 603 ecclesiastica
1728 573 1827 605 sese

356 631 578 696 porrigere
599 669 609 687 ‚
647 640 783 694 atque
807 629 865 676 ad
890 627 1034 676 solum
1058 645 1169 676 rom.
1193 629 1446 693 pontificem
1471 630 1694 693 pertinere
1715 649 1724 677 ε
1747 632 1827 680 sed

354 716 551 772 praestat
581 706 670 753 duo
693 705 805 753 haec
827 715 1052 770 postrema
1075 704 1307 752 corollaria
1330 705 1505 770 plenius
1539 706 1758 755 evolvere.

449 782 613 830 Baston
646 780 990 829 iurisconsultus
1012 780 1126 827 duas
1150 780 1567 845 impedimentorum
1594 783 1830 832 canonico-

355 849 453 906 rum
487 857 656 905 classes
691 856 956 920 distinguit,
995 872 1185 921 quorum
1231 856 1319 904 alia
1351 874 1568 921 personas
1602 858 1825 907 inhabiles

360 935 458 984 sive
489 933 691 982 absolute
724 933 821 981 sive
854 932 1037 981 relative
1068 933 1124 980 ad
1160 932 1508 981 contrahendum
1541 933 1739 983 efficiunt
1771 934 1830 984 ob

348 1011 541 1076 positiva
568 1009 781 1074 quaedam
809 1009 1054 1064 obstacula,
1094 1025 1210 1074 quae
1232 1009 1402 1056 destrui
1426 1020 1646 1074 oporteret
1666 1021 1716 1059 ut
1736 1011 1830 1060 ido-

354 1103 466 1134 neae
482 1086 539 1134 ad
563 1084 914 1134 contrahendum
938 1085 1192 1149 coniugium
1217 1085 1373 1132 fierent
1394 1104 1403 1132 :
1426 1085 1516 1133 alia
1548 1104 1653 1136 vero
1675 1088 1734 1136 ad
1755 1105 1830 1137 va·

355 1162 573 1211 liditatem
606 1163 802 1226 coniugii
835 1162 1134 1211 conditionem
1170 1161 1409 1226 quamdam
1442 1162 1677 1227 requirunt
1697 1201 1708 1220 ,
1747 1180 1828 1212 seu

357 1239 667 1288 formalitatem
689 1277 700 1297 ‚
737 1250 787 1287 ut
802 1248 963 1287 vocant
979 1276 989 1295 ‚
1016 1255 1043 1285 a
1066 1237 1164 1301 lege
1192 1238 1514 1303 praescriptam
1536 1277 1546 1297 ‚
1575 1239 1828 1289 cuiusmodi

354 1325 425 1363 est
456 1314 694 1363 celebratio
725 1314 919 1377 coniugii
943 1313 989 1360 in
1021 1313 1136 1361 facie
1167 1313 1382 1361 ecclesiae
1402 1352 1412 1371 ‚
1450 1324 1527 1362 aut
1560 1325 1715 1380 raptae
1736 1332 1830 1363 mu-

356 1390 478 1439 lieris
514 1391 561 1436 in
594 1390 838 1437 libertatem
872 1389 1108 1438 restitutio.
1146 1390 1427 1438 Matrimonia
1450 1391 1550 1439 sine
1571 1391 1658 1439 hac
1679 1390 1830 1440 condi-

356 1467 477 1515 tione
499 1483 580 1514 seu
613 1465 878 1514 formalitate
901 1465 1013 1514 inita
1034 1504 1045 1524 ,
1083 1466 1232 1514 sanari
1260 1467 1382 1514 iuxta
1409 1468 1572 1515 Baston
1602 1468 1649 1514 in
1679 1468 1831 1516 radice

355 1554 568 1609 possunt,
590 1560 677 1591 non
701 1553 848 1591 autem
881 1542 959 1590 illa
987 1542 1151 1608 quibus
1182 1543 1422 1608 positivum
1445 1543 1724 1592 obstaculum
1748 1560 1829 1593 seu

354 1620 718 1687 impedimentum
761 1619 1015 1685 opponitur.
1061 1619 1263 1667 Indidem
1299 1619 1434 1668 infert
1466 1620 1741 1668 sanationem
1781 1621 1829 1667 in

354 1696 506 1744 radice
528 1714 616 1745 non
650 1713 785 1761 posse
809 1696 992 1744 concedi
1017 1695 1107 1743 nisi
1126 1696 1172 1742 in
1197 1696 1516 1761 impedimento
1548 1696 1833 1744 clandestini-

357 1772 462 1820 tatis
480 1810 490 1830 ,
528 1782 605 1820 aut
634 1772 767 1820 etiam
804 1782 958 1838 raptus
997 1773 1114 1835 (23).
1154 1773 1263 1819 Item
1295 1773 1458 1820 Baston
1487 1783 1614 1838 putat
1636 1772 1682 1819 in
1703 1772 1831 1821 hisce

359 1848 688 1913 impedimentis
711 1887 721 1905 ‚
768 1859 953 1912 urgente
988 1848 1280 1906 necessitate,
1321 1865 1455 1913 posse
1492 1848 1728 1913 episcopos
1761 1848 1832 1896 di-

359 1924 687 1989 spensationem
711 1924 758 1971 in
793 1924 944 1972 radice
975 1924 1253 1973 concedere:
1291 1924 1413 1989 qu'od
1447 1923 1629 1989 quidem
1663 1924 1741 1971 alii
1757 1923 1829 1972 vel

361 1999 520 2048 docent
540 2000 609 2048 vel
634 2001 877 2055 insinuant,
898 2000 968 2049 vel
986 2000 1144 2049 saltem
1163 2000 1392 2066 probabile
1408 2018 1511 2049 esse
1528 2010 1686 2066 putant
1706 2001 1751 2063 (2
1759 2002 1824 2064 4).

453 2076 510 2123 At
542 2077 650 2142 quin
684 2078 773 2126 alia
807 2078 971 2127 addere
993 2095 1177 2126 necesse
1201 2078 1287 2136 sit,
1315 2077 1508 2144 priorem
1537 2076 1830 2125 assertionem

357 2152 598 2203 excludunt
614 2164 705 2201 tum
730 2155 926 2204 rationes
950 2166 1043 2204 tum
1059 2154 1261 2221 exempla
1284 2172 1401 2220 quae
1423 2153 1655 2202 attulimus
1671 2153 1718 2200 in
1736 2154 1831 2219 qui—

357 2229 444 2278 bus
477 2229 778 2296 dispensatio,
816 2250 896 2280 seu
931 2233 1104 2281 sanatio
1139 2250 1167 2280 a
1199 2232 1349 2280 radice
1371 2230 1629 2280 conceditur
1655 2247 1682 2279 a
1715 2247 1826 2278 rom.

358 2305 646 2371 pontificibus
687 2306 1075 2356 indiscriminatim
1116 2326 1144 2356 a
1187 2308 1346 2374 quovis
1387 2307 1602 2355 canonico
1640 2305 1832 2372 impedi-

357 2392 521 2431 mento.
559 2382 641 2430 His
676 2381 804 2447 plura
827 2384 917 2431 alia
947 2385 1140 2433 adiicere
1173 2384 1304 2433 facile
1334 2400 1601 2449 possemus;
1629 2382 1740 2431 satis
1769 2382 1829 2431 sit

355 2493 428 2526 ned.
450 2494 536 2527 XW.
552 2492 650 2534 dum,
667 2494 705 2526 ut
724 2493 867 2527 vidimus
881 2519 890 2535 ‚
906 2496 1056 2536 scripsit:
1083 2509 1099 2524 «
1114 2496 1259 2530 Ecclesia
1273 2494 1479 2528 matrimonia
1493 2495 1601 2534 sanat,
1617 2502 1683 2527 non
1699 2491 1832 2535 quidem

357 2546 482 2588 agendo
510 2548 549 2579 nt
574 2546 817 2584 matrimonium
837 2546 970 2579 nulliter
994 2549 1217 2590 contractum,
1243 2557 1308 2581 non
1331 2548 1377 2580 ita
1401 2547 1603 2579 contractum
1631 2545 1751 2586 fuerit,
1773 2544 1831 2577 sed

354 2598 506 2639 effectus
530 2599 611 2632 mos
636 2598 810 2638 tollendo,
834 2600 892 2640 qui
915 2599 957 2632 ob
982 2600 1168 2634 huiusmodi
1190 2599 1390 2634 matrimonii
1407 2598 1590 2631 nullitatem
1618 2599 1700 2630 ante
1720 2597 1827 2630 indul·

355 2652 422 2683 tam
444 2650 735 2694 dispensationem,
763 2659 802 2684 ac
826 2652 924 2684 etiam
950 2652 984 2684 in
1011 2653 1082 2694 ipso
1114 2652 1329 2686 contrahendi
1355 2650 1553 2684 matrimonii
1582 2651 1656 2682 actu
1681 2649 1832 2691 producti

356 2703 496 2737 fuerant.
513 2717 529 2732 ι»

446 2767 514 2809 (23)
536 2767 776 2803 concordance
799 2767 859 2802 des
884 2768 948 2802 lois
970 2769 1090 2803 civiles
1113 2771 1148 2803 ec
1168 2770 1228 2803 des
1250 2769 1314 2803 lois
1343 2768 1617 2810 ecclesiastiques
1637 2767 1680 2800 de
1694 2768 1834 2801 France

358 2819 527 2855 touchant
548 2820 581 2854 le
599 2822 767 2864 manaae.
793 2821 884 2855 Paris
908 2824 998 2856 1824.
1018 2831 1094 2864 pag.
1111 2827 1182 2856 221.

446 2872 513 2915 (24)
534 2873 617 2908 lbid.
644 2883 717 2918 pag.
735 2879 807 2910 829.
825 2874 965 2908 Bouvier
994 2875 1109 2909 Theol.
1125 2875 1177 2908 ed.
1194 2875 1250 2910 cit.
1267 2875 1363 2908 tract.
1386 2875 1434 2908 De
1448 2874 1602 2908 matrim.
1619 2880 1691 2915 pag.
1707 2875 1779 2907 280.
