1980 3260
380 211 479 265 <368
600 246 602 248 -
643 231 723 263 ιιιι.
753 230 800 262 ιι.
828 229 942 261 sacr.
971 227 1142 261 Διτιιιυι.
1171 226 1224 260 ns
1256 227 1421 260 rorssr.
1449 228 1590 262 clvm.

386 301 662 358 Contrarium
694 307 830 355 immo
851 323 955 355 vero
979 316 1126 371 patres
1150 305 1426 371 profitentur.
1450 305 1523 352 Sic
1545 306 1665 353 enim
1687 307 1851 356 ibidem

384 384 571 448 legitur:
603 404 626 429 «
643 382 963 448 Metropolitani
1000 399 1155 430 omnes
1195 381 1425 429 dixerunt:
1462 382 1556 429 Deo
1589 382 1849 441 auxiliante,

386 457 609 508 communi
648 459 965 507 deliberatione
1009 458 1187 522 singula
1203 496 1213 516 ,
1251 475 1368 523 quae
1403 457 1657 505 necessaria
1692 470 1800 507 sunt
1825 477 1856 507 a

384 536 507 583 *nobis
540 535 810 600 definientur.
839 535 934 583 Hoc
961 535 1197 583 universae
1221 530 1485 583 fraternitati
1506 544 1680 582 vestrae
1702 534 1858 582 suade—

388 629 488 659 mus
503 649 514 668 ,
546 621 594 659 ut
616 629 669 659 ea
689 629 798 676 quae
823 612 995 675 Spiritu
1027 612 1185 659 Sancto
1221 610 1431 666 dictante,
1460 627 1541 675 per
1563 627 1640 658 ora
1662 609 1859 662 omnium

387 696 586 736 nostrum
604 687 838 735 terminata
854 686 1036 744 fuerint,
1059 704 1140 751 per
1154 703 1309 735 omnes
1327 685 1542 735 ecclesias
1561 687 1856 743 innotescant,

385 772 438 810 ut
459 763 772 828 unusquisque
794 763 904 828 quid
928 762 1166 811 observare
1199 762 1382 820 debeat,
1421 763 1518 810 sine
1547 762 1699 828 aliqua
1729 778 1861 810 excu-

382 839 559 888 satione
581 839 810 887 condiscat
831 840 980 902 (30).»
998 838 1043 885 Si
1061 839 1226 905 Spiritu
1239 839 1398 887 Sancto
1416 838 1612 887 dictante
1634 837 1861 886 constituti

382 925 495 964 sunt
537 932 730 964 canones
746 954 756 973 ‚
796 932 899 963 ιιοιι
930 915 1066 979 igitur
1109 914 1256 979 legum
1301 915 1568 963 secularium
1604 913 1863 972 auctoritate

384 985 623 1057 propositi.
662 992 894 1039 Eiusmodi
928 991 1075 1056 legum
1109 992 1241 1039 unice
1268 991 1317 1039 fit
1346 989 1511 1039 mentio
1545 990 1603 1038 ad
1629 990 1863 1038 ostenden-

383 1067 492 1115 dam
515 1067 691 1116 illorum
715 1068 1024 1132 coniugiorum
1040 1067 1391 1132 improbitatem,
1415 1067 1494 1114 sed
1512 1064 1863 1131 propriaauoto-

390 1143 519 1192 ritate
557 1161 750 1194 canones
775 1162 802 1191 a
821 1144 1011 1192 concilio
1045 1144 1388 1192 constituuntur.
1412 1142 1542 1199 Quod
1572 1143 1716 1207 magis
1745 1142 1865 1208 patet

387 1237 444 1268 ex
477 1220 677 1269 eiusdem
695 1221 878 1269 concilii
909 1238 1008 1269 can.
1037 1221 1146 1268 XVI.
1174 1237 1264 1285 quo
1299 1220 1528 1268 irritantur
1560 1218 1768 1283 coniugia
1798 1219 1865 1268 vi-

384 1293 586 1344 duarum-
608 1295 1000 1353 subdiaconorum,
1021 1296 1342 1344 exorcistarum
1365 1306 1411 1343 et
1434 1295 1743 1361 acolythorum
1765 1306 1866 1361 post

387 1372 574 1420 istorum
609 1371 804 1429 obitum,
842 1369 966 1420 nulla
999 1372 1146 1436 legum
1180 1373 1344 1421 iniecta
1376 1373 1600 1421 mentione
1620 1373 1766 1435 (31).-.

485 1448 616 1496 Hunc
649 1448 854 1496 eumdem
898 1466 1113 1497 canonem
1156 1459 1338 1497 renovat
1380 1448 1617 1497 concilium
1652 1447 1864 1495 antissio-

335 1553 338 1555 *
384 1525 594 1582 dorense,
611 1519 746 1573 ‘cuius
764 1525 899 1572 etiam
916 1525 1119 1572 meminit
1134 1525 1428 1591 Spalatensis.
1451 1525 1568 1572 Hinc
1590 1524 1687 1572 iure
1710 1524 1865 1572 merito

388 1600 571 1650 adnotat
587 1601 756 1650 Natalis
785 1601 908 1649 Alex.
927 1601 1047 1666 quod
1076 1622 1098 1647 α
1113 1602 1264 1650 Canon
1289 1602 1536 1666 vigesimus
1559 1601 1715 1650 tertius
1738 1603 1866 1663 (con-

388 1672 490 1726 cilii
512 1673 837 1740 antissiodor.)
875 1678 1033 1726 viduas
1068 1678 1454 1744 presbyterorum,
1495 1678 1786 1726 diaconorum
1803 1686 1866 1731 *et

384 1753 768 1802 subdiaconorum
790 1764 892 1818 post
915 1771 1066 1802 eorum
1100 1754 1269 1803 obitum
1303 1754 1473 1801 nubere
1503 1754 1645 1811 vetat3
1675 1763 1863 1819 quarum

383 1830 670 1878 *matrimonia
703 1830 827 1878 irrita
859 1830 1160 1879 declaraverat
1193 1831 1394 1896 synodus
1428 1829 1771 1878 matisconensis
1794 1831 1866 1876 se4—

387 1906 536 1954 cunda
563 1924 663 1954 can.
687 1909 765 1954 16.
789 1925 879 1973 quo
909 1908 983 1956 vix
1015 1907 1158 1955 ullum
1181 1918 1248 1956 est
1271 1907 1492 1955 illustrius
1525 1908 1859 1970 argumentum,

382 1999 480 2047 quo
514 1983 722 2047 probetur
754 1984 989 2032 ecclesiam
1024 1984 1204 2049 proprio
1237 1984 1334 2030 iure
1354 1994 1399 2031 et
1425 1983 1686 2031 auctoritate
1716 1982 1863 2064 impe·

389 2057 586 2107 dimenta
619 2060 875 2109 dirimentia
909 2059 1190 2108 matrimonio
1227 2060 1495 2125 apposuisse
1516 2059 1634 2121 (32)
1644 2078 1667 2104 ιι

482 2255 611 2296 (30)1ιι
632 2256 689 2288 cit.
707 2257 849 2290 collect.
864 2257 1019 2300 ampliss.
1033 2257 1158 2290 concil.
1174 2257 1254 2289 tom
1270 2257 1327 2289 IX.
1339 2256 1403 2289 col.
1415 2258 1486 2289 949.

488 2307 555 2349 (at)
576 2309 623 2339 En
645 2307 805 2350 integrum
825 2314 999 2343 canonem:
1017 2309 1130 2342 «illud
1149 2318 1282 2352 quoque
1301 2310 1426 2342 rectum
1446 2307 1555 2341 nobis
1562 2307 1669 2341 visum
1688 2307 1739 2341 esi
1751 2293 1865 2349 dispo-

392 2368 486 2401 nere,
501 2361 539 2392 ut
552 2369 636 2401 quae
653 2370 736 2393 uxor
755 2362 964 2404 subdiaconi,
980 2364 1033 2396 vel
1053 2364 1251 2404 exorcistae,
1273 2363 1325 2395 vel
1347 2362 1489 2403 acolythi
1510 2362 1638 2402 fuerat,
1654 2362 1783 2394 mortuo
1796 2360 1866 2400 ino.

393 2411 537 2444 secundo
561 2421 597 2444 se
617 2421 682 2444 non
704 2413 822 2446 audeat
841 2415 965 2448 sociare
990 2415 1209 2448 matrimonio.
1239 2415 1336 2453 Quod
1356 2414 1383 2448 si
1404 2414 1543 2455 fecerit,
1573 2415 1757 2456 separetur,
1778 2414 1812 2446 et
1831 2412 1866 2444 in

389 2464 559 2497 coenobiis
580 2464 771 2506 puellarum
791 2466 851 2498 Dei
874 2467 1039 2508 tradatur,
1056 2470 1096 2508 vet
1117 2468 1239 2501 ibidem
1260 2476 1364 2508 usque
1383 2467 1426 2500 ad
1447 2466 1570 2499 exitum
1591 2466 1678 2499 vitae
1697 2473 1776 2499 suae
1796 2473 1866 2506 per·

387 2518 552 2550 maneatu-
563 2516 648 2550 ibid.
663 2517 728 2550 col.
742 2522 816 2551 956.

491 2571 557 2612 (32)
580 2572 674 2603 Hist.
691 2570 810 2603 eccles.
825 2579 910 2604 saec.
926 2574 983 2605 VI.
1001 2582 1073 2614 cap.
1089 2576 1130 2606 V.
1147 2575 1209 2607 art.
1222 2575 1339 2606 xxix.
1350 2574 1464 2607 Canon
1477 2580 1571 2605 conc.
1587 2570 1868 2618 aniioeIodorensis

382 2623 547 2658 *celebrati
566 2632 620 2655 an.
638 2626 711 2656 578.
726 2623 768 2656 de
787 2632 853 2664 quo
875 2623 1007 2658 disserit
1022 2627 1096 2659 Nat.
1105 2627 1265 2660 Alexand.
1282 2627 1316 2659 in
1337 2625 1482 2661 cont-‚iliis
1494 2624 1619 2657 Galliae
1637 2624 1801 2659 sirmondi
1817 2625 1868 2657 est

382 2685 529 2716 :numero
549 2678 652 2709 xxu.
674 2676 727 2709 his
746 2676 859 2709 verbis
879 2685 1066 2719 expressus:
1083 2682 1179 2712 «Non
1199 2681 1277 2712 licet
1296 2679 1427 2712 relictae
1448 2677 1643 2720 presbyteri,
1658 2686 1719 2711 nec
1736 2677 1868 2715 refluae

385 2729 619 2771 .diaooni,.nec
637 2728 829 2762 subdiaconi
848 2731 925 2771 post
945 2730 1016 2763 eius
1036 2733 1175 2764 mortem
1195 2733 1350 2765 maritum
1366 2731 1671 2772 accipere-»sermo
1683 2731 1795 2766 antem
1804 2730 1866 2774 not,

396 2783 433 2814 ut
451 2782 540 2823 patet
558 2790 598 2815 ex
620 2788 744 2816 canone
761 2782 986 2825 praecedenti,
1005 2783 1047 2816 de
1067 2785 1224 2818 uxoribus
1243 2793 1326 2826 quas
1347 2783 1542 2826 presbyteri,
1563 2783 1691 2817 diaconi
1713 2784 1772 2818 aut
1790 2781 1866 2821 aab·

393 2834 523 2868 diaconi
544 2835 703 2869 habebant
724 2837 799 2869 ante
818 2836 962 2878 ipsorum
980 2836 1229 2870 ordinationem.
