1980 3260
336 240 424 285 300
646 250 726 281 mn.
756 249 802 281 11.
832 249 945 281 SECT.
974 250 1004 280 1.
1033 249 1085 280 DE
1110 248 1275 280 POTEST.
1304 248 1468 280 seems.
1527 257 1529 259 ’

333 330 467 378 menti
505 327 855 391 significatione,
893 326 1009 391 quod
1045 335 1192 373 tamen
1225 324 1314 372 dici
1348 342 1436 372 non
1471 328 1712 391 potuisset,
1751 329 1789 376 si

331 405 504 453 illorum
543 403 871 450 matrimonium
905 419 984 466 per
1016 400 1287 465 baptismum
1320 418 1409 448 non
1443 400 1603 448 suisset
1630 403 1688 450 ad
1720 422 1795 452 sa-

331 478 541 527 cramenti
565 478 824 541 dignitatem
849 486 1063 524 evectum.
1087 476 1304 532 Quocirca
1323 477 1361 523 si
1380 476 1663 540 ephesiorum
1678 514 1689 534 ,
1715 496 1795 527 seu

331 556 376 601 in
410 571 569 618 genere
603 553 850 600 infidelium
875 552 1130 615 coniugium
1155 570 1232 617 per
1253 552 1477 617 baptisma
1500 552 1706 600 effectum
1729 559 1799 603 est

331 646 433 676 vere
464 638 509 675 et
540 628 717 693 proprie
750 638 1076 675 sacramentum
1098 665 1108 679 ,
1146 644 1234 675 non
1280 626 1541 691 intelligitur
1573 628 1796 692 quomodo

330 704 418 752 tale
450 703 545 751 fieri
573 703 737 769 pariter
769 721 857 751 non
887 703 1032 768 possit
1063 703 1317 767 coniugium
1346 703 1520 752 illorum
1538 742 1548 761 ‚
1577 704 1655 769 qui
1679 711 1797 752 nunc

330 796 384 828 ex
427 779 686 828 infidelitate
730 779 787 826 ad
828 779 1051 827 Christum
1097 789 1408 827 convertuntur
1455 779 1796 845 suscipiuntque

331 856 570 921 baptisma.
1442 875 1446 878 ⁴

427 933 679 980 Praeterea:
703 943 924 998 receptum
949 944 1032 991 est,
1049 944 1099 980 ut
1121 933 1449 980 matrimonium
1472 931 1798 997 baptizatorum

330 1007 533 1057 absolute
564 1016 878 1056 sacramentum
911 1019 1191 1074 nuncupetur
1207 1047 1217 1066 ,
1256 1008 1456 1073 adeoque
1488 1026 1576 1056 non
1611 1017 1800 1072 possunt

330 1083 388 1133 ad
423 1083 556 1131 fidem
592 1085 792 1132 conversi
825 1084 994 1150 absque
1028 1084 1218 1132 evidenti
1254 1084 1424 1131 ratione
1458 1083 1632 1130 excludi
1665 1101 1693 1130 a
1726 1101 1800 1131 sa-=

331 1159 588 1208 eramentali
614 1161 756 1224 gratia
777 1161 956 1208 omnino
982 1160 1236 1208 necessaria
1257 1160 1313 1207 ad
1341 1170 1482 1207 status
1506 1159 1641 1206 huius
1666 1176 1800 1207 onera

332 1234 520 1283 fideliter
548 1236 833 1292 sustinenda,
863 1252 914 1283 eo
938 1235 1006 1282 vel
1035 1234 1178 1298 magis
1204 1235 1323 1300 quod
1351 1234 1482 1298 longe
1505 1235 1708 1299 graviora
1728 1251 1801 1286 ao-

331 1309 482 1357 cidant
512 1309 730 1362 eiusmodi
764 1327 898 1358 onera
933 1310 989 1357 iis
1024 1310 1102 1374 qui
1137 1327 1190 1357 ex
1223 1310 1483 1357 infidelitate
1506 1310 1563 1358 ad
1588 1310 1720 1358 fidem
1751 1327 1800 1358 se

333 1385 584 1449 recipiunt,
626 1403 759 1450 quam
801 1386 882 1443 iis,
922 1385 999 1450 qui
1036 1403 1210 1452 semper
1244 1386 1399 1435 fideles
1435 1386 1672 1435 eXtiterunt
1693 1425 1704 1444 ‚
1742 1386 1799 1435 ob

331 1478 492 1525 pravas
533 1462 886 1526 inveteratasque
927 1462 1272 1510 consuetudines
1316 1462 1480 1528 quibus
1520 1462 1700 1510 fuerunt
1733 1461 1798 1509 illi

333 1554 440 1602 prae
486 1537 586 1585 istis
625 1536 819 1585 obnoxii.
864 1537 984 1584 Haec
1017 1554 1120 1585 vero
1154 1555 1311 1586 novam
1346 1538 1490 1585 lucem
1535 1538 1794 1603 acquirunt,

332 1614 371 1661 si
405 1613 615 1671 addatur,
652 1614 773 1661 iuxta
804 1615 1150 1662 communiorem
1178 1631 1418 1679 veramque
1449 1615 1714 1663 sententiam
1741 1614 1799 1662 de

330 1688 694 1738 contrahentibus
739 1689 980 1745 ministris,
1023 1689 1069 1735 in
1111 1689 1295 1737 istorum
1332 1689 1655 1753 baptizatorum
1693 1705 1799 1737 con-

331 1765 451 1829 iugio
485 1764 595 1812 nihil
630 1782 782 1813 eorum
815 1765 972 1813 deesse
990 1803 1000 1821 ,
1034 1783 1149 1830 quae
1183 1766 1240 1812 ad
1275 1776 1601 1813 sacramentum
1635 1766 1800 1814 consti-

332 1841 541 1889 tuendum
576 1842 860 1907 requiruntur
894 1852 938 1889 et
972 1841 1226 1898 sufficiunt,
1273 1841 1502 1890 materiam
1524 1879 1534 1898 ,
1576 1841 1761 1889 sormam
1782 1879 1793 1898 ,

331 1916 585 1974 ministros;
618 1917 754 1982 idque
781 1918 1002 1982 apertius,
1031 1918 1070 1964 si
1096 1927 1327 1965 renovetur
1360 1934 1605 1969 consensus
1630 1928 1672 1964 et
1693 1934 1799 1965 con-

332 2002 494 2040 tractus
521 1994 783 2057 coniugalis.
812 1993 914 2041 Dixi
940 1995 1164 2058 apertius;
1191 2011 1293 2040 nam
1317 1993 1543 2050 absolute,
1576 1993 1796 2041 eiusmodi

331 2067 486 2115 saltem
509 2086 719 2133 expressa
742 2070 989 2127 renovatio,
1018 2069 1269 2117 necessaria
1291 2086 1379 2117 non
1404 2080 1499 2126 est,
1527 2068 1798 2134 quandoque

333 2144 465 2191 etiam
500 2162 586 2192 non
622 2146 879 2211 expediens.

430 2220 497 2266 Ad
524 2220 634 2268 haec
661 2223 831 2270 accedit
862 2223 982 2287 quod
1011 2240 1063 2270 ex
1091 2240 1190 2287 cap.
1215 2223 1385 2278 Quanto
1409 2222 1460 2269 de
1484 2221 1683 2275 divortiis
1705 2239 1799 2275 ma·

332 2296 584 2345 trimonium
614 2297 860 2345 infidelium
883 2317 1031 2346 verum
1053 2299 1234 2364 quidem
1259 2299 1454 2355 dicatur,
1477 2297 1794 2354 seu3validum,

331 2383 376 2419 at
410 2389 498 2420 non
530 2382 694 2428 ratum,
735 2374 817 2421 hoc-
851 2386 919 2422 est
951 2393 1038 2423 non
1074 2374 1328 2423 omnimodo
1360 2374 1534 2421 firmum
1569 2390 1622 2421 ac
1655 2373 1798 2421 indis-

330 2446 544 2505 solubile,
583 2448 643 2495 ita
676 2458 725 2495 ut
758 2448 977 2496 interdum
1001 2450 1186 2498 dissolvi
1212 2460 1427 2515 nequeat,
1455 2448 1707 2496 cuiusmodi
1731 2458 1798 2496 est

330 2522 584 2585 coniugium
619 2534 971 2570 consummatum
1006 2526 1221 2573 fidelium.
1250 2526 1305 2573 Et
1333 2542 1441 2573 sane
1469 2525 1515 2570 in
1541 2524 1795 2572 alterutrius

330 2597 532 2662 coniugis
575 2598 771 2646 infidelis
807 2600 1092 2648 conversione
1126 2602 1182 2648 ad
1218 2601 1382 2657 fidem,
1420 2599 1557 2648 altero
1602 2601 1795 2647 converti

329 2673 530 2731 nolente,
564 2673 749 2722 dissolvi
785 2685 945 2739 potest.
968 2675 1022 2722 At
1054 2694 1157 2725 vero
1191 2688 1292 2741 post
1325 2677 1510 2725 istorum
1544 2676 1796 2738 conversio-

330 2767 429 2797 nem
462 2749 716 2814 coniugium
752 2750 868 2797 hanc
890 2752 1090 2798 eamdem
1125 2753 1371 2800 absolutam
1407 2751 1657 2799 firmitatem
1679 2789 1689 2808 ,
1727 2752 1796 2798 in-

329 2819 805 2891 dissolubilitatemque
827 2826 1095 2890 assequitur.
1121 2827 1262 2882 Quam
1285 2826 1465 2891 quidem
1483 2827 1794 2892 proprietatem
