<?xml version="1.0" encoding="UTF-8"?>
<!DOCTYPE html PUBLIC "-//W3C//DTD XHTML 1.0 Transitional//EN"
    "http://www.w3.org/TR/xhtml1/DTD/xhtml1-transitional.dtd">
<html xmlns="http://www.w3.org/1999/xhtml" xml:lang="en" lang="en">
 <head>
  <title>
</title>
<meta http-equiv="Content-Type" content="text/html;charset=utf-8" />
  <meta name='ocr-system' content='tesseract 3.04.00' />
  <meta name='ocr-capabilities' content='ocr_page ocr_carea ocr_par ocr_line ocrx_word'/>
</head>
<body>
  <div class='ocr_page' id='page_1' title='image "a603380702perruoft_0241.png"; bbox 0 0 1980 3260; ppageno 0'>
   <div class='ocr_carea' id='block_1_1' title="bbox 270 225 1666 278">
    <p class='ocr_par' dir='ltr' id='par_1_1' title="bbox 270 225 1666 278">
     <span class='ocr_line' id='line_1_1' title="bbox 270 225 1666 278; baseline -0.001 0"><span class='ocrx_word' id='word_1_1' title='bbox 270 245 361 278; x_wconf 68' lang='lat' dir='ltr'><strong>cn.</strong></span> <span class='ocrx_word' id='word_1_2' title='bbox 377 246 434 278; x_wconf 83' lang='lat' dir='ltr'><strong>vl.</strong></span> <span class='ocrx_word' id='word_1_3' title='bbox 455 246 506 277; x_wconf 78' lang='lat' dir='ltr'><strong>DE</strong></span> <span class='ocrx_word' id='word_1_4' title='bbox 524 245 649 277; x_wconf 70' lang='lat' dir='ltr'><strong>nnn.</strong></span> <span class='ocrx_word' id='word_1_5' title='bbox 666 225 942 278; x_wconf 39' lang='lat' dir='ltr'><strong>anamiim.</strong></span> <span class='ocrx_word' id='word_1_6' title='bbox 959 244 1006 278; x_wconf 76' lang='lat' dir='ltr'><strong>SE</strong></span> <span class='ocrx_word' id='word_1_7' title='bbox 1025 244 1104 277; x_wconf 78' lang='lat' dir='ltr'><strong>vm.</strong></span> <span class='ocrx_word' id='word_1_8' title='bbox 1121 244 1204 278; x_wconf 70' lang='lat' dir='ltr'><strong>CUM</strong></span> <span class='ocrx_word' id='word_1_9' title='bbox 1218 245 1340 278; x_wconf 68' lang='lat' dir='ltr'><strong>cun.</strong></span> <span class='ocrx_word' id='word_1_10' title='bbox 1358 245 1451 278; x_wconf 69' lang='grc' dir='ltr'><strong>ΛΒΤ.</strong></span> <span class='ocrx_word' id='word_1_11' title='bbox 1466 245 1510 278; x_wconf 84' lang='lat'><strong>11.</strong></span> <span class='ocrx_word' id='word_1_12' title='bbox 1574 229 1666 277; x_wconf 69' lang='lat'><strong>237</strong></span> 
     </span>
    </p>
   </div>
   <div class='ocr_carea' id='block_1_2' title="bbox 204 322 1678 2737">
    <p class='ocr_par' dir='ltr' id='par_1_2' title="bbox 205 322 1673 616">
     <span class='ocr_line' id='line_1_2' title="bbox 208 322 1667 388; baseline 0.001 -19"><span class='ocrx_word' id='word_1_13' title='bbox 208 322 337 371; x_wconf 78' lang='lat' dir='ltr'><strong>suerit</strong></span> <span class='ocrx_word' id='word_1_14' title='bbox 370 340 499 370; x_wconf 90' lang='lat' dir='ltr'><strong>suum</strong></span> <span class='ocrx_word' id='word_1_15' title='bbox 534 323 759 371; x_wconf 84' lang='lat' dir='ltr'><strong>decretum</strong></span> <span class='ocrx_word' id='word_1_16' title='bbox 793 322 1089 388; x_wconf 81' lang='lat' dir='ltr'><strong>publicatum3</strong></span> <span class='ocrx_word' id='word_1_17' title='bbox 1128 322 1325 388; x_wconf 87' lang='lat' dir='ltr'><strong>alioquin</strong></span> <span class='ocrx_word' id='word_1_18' title='bbox 1360 323 1524 371; x_wconf 84' lang='lat' dir='ltr'><strong>frustra</strong></span> <span class='ocrx_word' id='word_1_19' title='bbox 1547 322 1667 371; x_wconf 89' lang='lat' dir='ltr'><strong>illam</strong></span> 
     </span>
     <span class='ocr_line' id='line_1_3' title="bbox 209 398 1672 464; baseline 0 -17"><span class='ocrx_word' id='word_1_20' title='bbox 209 399 507 447; x_wconf 89' lang='lat' dir='ltr'><strong>conditionem</strong></span> <span class='ocrx_word' id='word_1_21' title='bbox 542 399 842 464; x_wconf 82' lang='lat' dir='ltr'><strong>apposuisset.</strong></span> <span class='ocrx_word' id='word_1_22' title='bbox 889 400 1117 447; x_wconf 86' lang='lat' dir='ltr'><strong>Praeterea</strong></span> <span class='ocrx_word' id='word_1_23' title='bbox 1155 399 1201 445; x_wconf 92' lang='lat' dir='ltr'><strong>id</strong></span> <span class='ocrx_word' id='word_1_24' title='bbox 1239 399 1386 464; x_wconf 89' lang='lat' dir='ltr'><strong>ipsum</strong></span> <span class='ocrx_word' id='word_1_25' title='bbox 1428 398 1672 447; x_wconf 82' lang='lat' dir='ltr'>luculenter</span> 
     </span>
     <span class='ocr_line' id='line_1_4' title="bbox 205 474 1673 538; baseline 0.002 -17"><span class='ocrx_word' id='word_1_26' title='bbox 205 485 378 523; x_wconf 89' lang='lat' dir='ltr'><strong>constat</strong></span> <span class='ocrx_word' id='word_1_27' title='bbox 409 493 463 523; x_wconf 86' lang='lat' dir='ltr'><strong>ex</strong></span> <span class='ocrx_word' id='word_1_28' title='bbox 496 475 698 523; x_wconf 91' lang='lat' dir='ltr'><strong>eiusdem</strong></span> <span class='ocrx_word' id='word_1_29' title='bbox 738 475 915 524; x_wconf 91' lang='lat' dir='ltr'><strong>concilii</strong></span> <span class='ocrx_word' id='word_1_30' title='bbox 957 475 1145 523; x_wconf 89' lang='lat' dir='ltr'><strong>historia</strong></span> <span class='ocrx_word' id='word_1_31' title='bbox 1166 513 1176 532; x_wconf 86' lang='lat'>‚</span> <span class='ocrx_word' id='word_1_32' title='bbox 1216 485 1264 523; x_wconf 89' lang='lat' dir='ltr'><strong>ut</strong></span> <span class='ocrx_word' id='word_1_33' title='bbox 1299 474 1511 523; x_wconf 86' lang='lat' dir='ltr'><strong>vidimus.</strong></span> <span class='ocrx_word' id='word_1_34' title='bbox 1556 475 1673 538; x_wconf 85' lang='lat' dir='ltr'><strong>Ergo</strong></span> 
     </span>
     <span class='ocr_line' id='line_1_5' title="bbox 206 550 1326 616; baseline 0 -18"><span class='ocrx_word' id='word_1_35' title='bbox 206 550 397 616; x_wconf 87' lang='lat' dir='ltr'><strong>primum</strong></span> <span class='ocrx_word' id='word_1_36' title='bbox 431 550 517 599; x_wconf 91' lang='lat' dir='ltr'><strong>hoc</strong></span> <span class='ocrx_word' id='word_1_37' title='bbox 550 562 859 615; x_wconf 81' lang='lat' dir='ltr'><strong>argumentum</strong></span> <span class='ocrx_word' id='word_1_38' title='bbox 891 550 1208 599; x_wconf 87' lang='lat' dir='ltr'><strong>eliminandum</strong></span> <span class='ocrx_word' id='word_1_39' title='bbox 1243 561 1326 599; x_wconf 86' lang='lat' dir='ltr'><strong>est.</strong></span> 
     </span>
    </p>

    <p class='ocr_par' dir='ltr' id='par_1_3' title="bbox 204 626 1675 1145">
     <span class='ocr_line' id='line_1_6' title="bbox 300 626 1673 692; baseline 0.001 -19"><span class='ocrx_word' id='word_1_40' title='bbox 300 626 421 673; x_wconf 92' lang='lat' dir='ltr'><strong>Nihil</strong></span> <span class='ocrx_word' id='word_1_41' title='bbox 455 643 557 674; x_wconf 91' lang='lat' dir='ltr'><strong>esse</strong></span> <span class='ocrx_word' id='word_1_42' title='bbox 580 626 637 674; x_wconf 89' lang='lat' dir='ltr'><strong>ab</strong></span> <span class='ocrx_word' id='word_1_43' title='bbox 661 626 906 692; x_wconf 86' lang='lat' dir='ltr'><strong>apostolica</strong></span> <span class='ocrx_word' id='word_1_44' title='bbox 929 626 1035 675; x_wconf 88' lang='lat' dir='ltr'><strong>sede</strong></span> <span class='ocrx_word' id='word_1_45' title='bbox 1061 626 1146 675; x_wconf 91' lang='lat' dir='ltr'><strong>hac</strong></span> <span class='ocrx_word' id='word_1_46' title='bbox 1171 626 1226 674; x_wconf 94' lang='lat' dir='ltr'><strong>de</strong></span> <span class='ocrx_word' id='word_1_47' title='bbox 1250 644 1297 675; x_wconf 90' lang='lat' dir='ltr'><strong>re</strong></span> <span class='ocrx_word' id='word_1_48' title='bbox 1319 627 1563 675; x_wconf 84' lang='lat' dir='ltr'>universim</span> <span class='ocrx_word' id='word_1_49' title='bbox 1594 627 1673 675; x_wconf 90' lang='lat' dir='ltr'><strong>de-</strong></span> 
     </span>
     <span class='ocr_line' id='line_1_7' title="bbox 205 702 1673 768; baseline 0.001 -18"><span class='ocrx_word' id='word_1_50' title='bbox 205 702 400 758; x_wconf 88' lang='lat' dir='ltr'><strong>finitum,</strong></span> <span class='ocrx_word' id='word_1_51' title='bbox 428 702 714 750; x_wconf 86' lang='lat' dir='ltr'><strong>verissimum</strong></span> <span class='ocrx_word' id='word_1_52' title='bbox 749 712 843 758; x_wconf 90' lang='lat' dir='ltr'><strong>est,</strong></span> <span class='ocrx_word' id='word_1_53' title='bbox 882 719 982 749; x_wconf 92' lang='lat' dir='ltr'><strong>cum</strong></span> <span class='ocrx_word' id='word_1_54' title='bbox 1017 702 1235 751; x_wconf 89' lang='lat' dir='ltr'><strong>eiusmodi</strong></span> <span class='ocrx_word' id='word_1_55' title='bbox 1266 702 1525 751; x_wconf 86' lang='lat' dir='ltr'><strong>definitione</strong></span> <span class='ocrx_word' id='word_1_56' title='bbox 1559 720 1673 768; x_wconf 91' lang='lat' dir='ltr'><strong>opus</strong></span> 
     </span>
     <span class='ocr_line' id='line_1_8' title="bbox 205 778 1675 843; baseline 0.001 -17"><span class='ocrx_word' id='word_1_57' title='bbox 205 795 293 827; x_wconf 89' lang='lat' dir='ltr'><strong>non</strong></span> <span class='ocrx_word' id='word_1_58' title='bbox 325 778 409 835; x_wconf 86' lang='lat' dir='ltr'><strong>sit,</strong></span> <span class='ocrx_word' id='word_1_59' title='bbox 437 795 490 825; x_wconf 92' lang='lat' dir='ltr'><strong>eo</strong></span> <span class='ocrx_word' id='word_1_60' title='bbox 523 778 623 842; x_wconf 91' lang='lat' dir='ltr'><strong>ipso</strong></span> <span class='ocrx_word' id='word_1_61' title='bbox 655 778 775 842; x_wconf 93' lang='lat' dir='ltr'><strong>quod</strong></span> <span class='ocrx_word' id='word_1_62' title='bbox 810 778 978 826; x_wconf 90' lang='lat' dir='ltr'><strong>iamdiu</strong></span> <span class='ocrx_word' id='word_1_63' title='bbox 1011 779 1067 826; x_wconf 92' lang='lat' dir='ltr'><strong>ab</strong></span> <span class='ocrx_word' id='word_1_64' title='bbox 1101 780 1200 843; x_wconf 88' lang='lat' dir='ltr'><strong>ipso</strong></span> <span class='ocrx_word' id='word_1_65' title='bbox 1235 779 1422 827; x_wconf 91' lang='lat' dir='ltr'><strong>concilio</strong></span> <span class='ocrx_word' id='word_1_66' title='bbox 1466 797 1535 827; x_wconf 92' lang='lat' dir='ltr'><strong>res</strong></span> <span class='ocrx_word' id='word_1_67' title='bbox 1579 780 1675 828; x_wconf 86' lang='lat' dir='ltr'><strong>fue-</strong></span> 
     </span>
     <span class='ocr_line' id='line_1_9' title="bbox 205 852 1674 919; baseline 0.001 -18"><span class='ocrx_word' id='word_1_68' title='bbox 205 854 261 902; x_wconf 88' lang='lat' dir='ltr'><strong>rit</strong></span> <span class='ocrx_word' id='word_1_69' title='bbox 292 853 475 901; x_wconf 87' lang='lat' dir='ltr'><strong>definita</strong></span> <span class='ocrx_word' id='word_1_70' title='bbox 507 852 702 917; x_wconf 86' lang='lat' dir='ltr'><strong>generali</strong></span> <span class='ocrx_word' id='word_1_71' title='bbox 736 870 818 901; x_wconf 90' lang='lat' dir='ltr'><strong>suo</strong></span> <span class='ocrx_word' id='word_1_72' title='bbox 853 854 1050 911; x_wconf 90' lang='lat' dir='ltr'><strong>decreto,</strong></span> <span class='ocrx_word' id='word_1_73' title='bbox 1090 872 1179 919; x_wconf 92' lang='lat' dir='ltr'><strong>quo</strong></span> <span class='ocrx_word' id='word_1_74' title='bbox 1212 872 1368 902; x_wconf 90' lang='lat' dir='ltr'><strong>omnes</strong></span> <span class='ocrx_word' id='word_1_75' title='bbox 1401 855 1674 918; x_wconf 85' lang='lat' dir='ltr'><strong>indiscrimi-</strong></span> 
     </span>
     <span class='ocr_line' id='line_1_10' title="bbox 206 929 1672 978; baseline 0.001 -2"><span class='ocrx_word' id='word_1_76' title='bbox 206 930 344 978; x_wconf 90' lang='lat' dir='ltr'><strong>natim</strong></span> <span class='ocrx_word' id='word_1_77' title='bbox 378 929 615 977; x_wconf 82' lang='lat' dir='ltr'><strong>adstrinxit</strong></span> <span class='ocrx_word' id='word_1_78' title='bbox 646 929 703 976; x_wconf 90' lang='lat' dir='ltr'><strong>ad</strong></span> <span class='ocrx_word' id='word_1_79' title='bbox 738 929 1003 977; x_wconf 81' lang='lat' dir='ltr'><strong>servandam</strong></span> <span class='ocrx_word' id='word_1_80' title='bbox 1037 929 1221 978; x_wconf 86' lang='lat' dir='ltr'><strong>formam</strong></span> <span class='ocrx_word' id='word_1_81' title='bbox 1254 947 1281 978; x_wconf 90' lang='lat' dir='ltr'><strong>a</strong></span> <span class='ocrx_word' id='word_1_82' title='bbox 1307 947 1357 978; x_wconf 90' lang='lat' dir='ltr'><strong>se</strong></span> <span class='ocrx_word' id='word_1_83' title='bbox 1389 931 1672 978; x_wconf 81' lang='lat' dir='ltr'><strong>constitutam</strong></span> 
     </span>
     <span class='ocr_line' id='line_1_11' title="bbox 205 1004 1673 1073; baseline 0.002 -21"><span class='ocrx_word' id='word_1_84' title='bbox 205 1005 252 1052; x_wconf 90' lang='lat' dir='ltr'><strong>in</strong></span> <span class='ocrx_word' id='word_1_85' title='bbox 279 1004 575 1053; x_wconf 85' lang='lat' dir='ltr'><strong>celebratione</strong></span> <span class='ocrx_word' id='word_1_86' title='bbox 602 1005 908 1069; x_wconf 89' lang='lat' dir='ltr'><strong>coniugiorum</strong></span> <span class='ocrx_word' id='word_1_87' title='bbox 932 1005 1016 1053; x_wconf 92' lang='lat' dir='ltr'><strong>sub</strong></span> <span class='ocrx_word' id='word_1_88' title='bbox 1040 1005 1256 1054; x_wconf 90' lang='lat' dir='ltr'><strong>nullitatis</strong></span> <span class='ocrx_word' id='word_1_89' title='bbox 1281 1023 1440 1072; x_wconf 91' lang='lat' dir='ltr'><strong>poena.</strong></span> <span class='ocrx_word' id='word_1_90' title='bbox 1464 1006 1673 1073; x_wconf 86' lang='lat' dir='ltr'><strong>Adeoque</strong></span> 
     </span>
     <span class='ocr_line' id='line_1_12' title="bbox 204 1081 1432 1145; baseline 0 -15"><span class='ocrx_word' id='word_1_91' title='bbox 204 1092 248 1130; x_wconf 85' lang='lat' dir='ltr'><strong>et</strong></span> <span class='ocrx_word' id='word_1_92' title='bbox 283 1081 369 1131; x_wconf 86' lang='lat' dir='ltr'><strong>hoc</strong></span> <span class='ocrx_word' id='word_1_93' title='bbox 402 1081 644 1130; x_wconf 89' lang='lat' dir='ltr'><strong>secundum</strong></span> <span class='ocrx_word' id='word_1_94' title='bbox 679 1084 988 1145; x_wconf 84' lang='lat' dir='ltr'><strong>argumentum</strong></span> <span class='ocrx_word' id='word_1_95' title='bbox 1023 1082 1244 1131; x_wconf 90' lang='lat' dir='ltr'><strong>eliminari</strong></span> <span class='ocrx_word' id='word_1_96' title='bbox 1285 1083 1432 1132; x_wconf 87' lang='lat' dir='ltr'><strong>debet.</strong></span> 
     </span>
    </p>

    <p class='ocr_par' dir='ltr' id='par_1_4' title="bbox 204 1158 1678 2594">
     <span class='ocr_line' id='line_1_13' title="bbox 301 1158 1675 1224; baseline 0.002 -20"><span class='ocrx_word' id='word_1_97' title='bbox 301 1158 528 1206; x_wconf 88' lang='lat' dir='ltr'><strong>Praesumi</strong></span> <span class='ocrx_word' id='word_1_98' title='bbox 550 1175 655 1206; x_wconf 82' lang='lat' dir='ltr'><strong>vero</strong></span> <span class='ocrx_word' id='word_1_99' title='bbox 673 1175 761 1206; x_wconf 90' lang='lat' dir='ltr'><strong>non</strong></span> <span class='ocrx_word' id='word_1_100' title='bbox 785 1175 918 1223; x_wconf 89' lang='lat' dir='ltr'><strong>posse</strong></span> <span class='ocrx_word' id='word_1_101' title='bbox 941 1158 1211 1224; x_wconf 88' lang='lat' dir='ltr'><strong>apostolicae</strong></span> <span class='ocrx_word' id='word_1_102' title='bbox 1236 1159 1358 1207; x_wconf 90' lang='lat' dir='ltr'><strong>sedis</strong></span> <span class='ocrx_word' id='word_1_103' title='bbox 1383 1160 1477 1208; x_wconf 85' lang='lat' dir='ltr'><strong>sive</strong></span> <span class='ocrx_word' id='word_1_104' title='bbox 1500 1176 1675 1224; x_wconf 88' lang='lat' dir='ltr'><strong>expres-</strong></span> 
     </span>
     <span class='ocr_line' id='line_1_14' title="bbox 207 1234 1669 1301; baseline 0.001 -19"><span class='ocrx_word' id='word_1_105' title='bbox 207 1251 303 1282; x_wconf 85' lang='lat' dir='ltr'><strong>sam</strong></span> <span class='ocrx_word' id='word_1_106' title='bbox 328 1235 422 1283; x_wconf 82' lang='lat' dir='ltr'><strong>sive</strong></span> <span class='ocrx_word' id='word_1_107' title='bbox 445 1235 621 1282; x_wconf 85' lang='lat' dir='ltr'><strong>tacitam</strong></span> <span class='ocrx_word' id='word_1_108' title='bbox 646 1234 972 1282; x_wconf 89' lang='lat' dir='ltr'><strong>conniventiam</strong></span> <span class='ocrx_word' id='word_1_109' title='bbox 996 1234 1172 1282; x_wconf 88' lang='lat' dir='ltr'><strong>abunde</strong></span> <span class='ocrx_word' id='word_1_110' title='bbox 1195 1235 1334 1301; x_wconf 88' lang='lat' dir='ltr'><strong>liquet</strong></span> <span class='ocrx_word' id='word_1_111' title='bbox 1362 1253 1415 1283; x_wconf 87' lang='lat' dir='ltr'><strong>ex</strong></span> <span class='ocrx_word' id='word_1_112' title='bbox 1439 1245 1669 1301; x_wconf 87' lang='lat' dir='ltr'><strong>perpetua,</strong></span> 
     </span>
     <span class='ocr_line' id='line_1_15' title="bbox 208 1309 1676 1375; baseline 0.002 -19"><span class='ocrx_word' id='word_1_113' title='bbox 208 1310 324 1373; x_wconf 87' lang='lat' dir='ltr'><strong>iugi,</strong></span> <span class='ocrx_word' id='word_1_114' title='bbox 355 1310 663 1375; x_wconf 85' lang='lat' dir='ltr'><strong>constantique</strong></span> <span class='ocrx_word' id='word_1_115' title='bbox 683 1309 780 1358; x_wconf 92' lang='lat' dir='ltr'><strong>eius</strong></span> <span class='ocrx_word' id='word_1_116' title='bbox 805 1309 964 1373; x_wconf 88' lang='lat' dir='ltr'><strong>agendi</strong></span> <span class='ocrx_word' id='word_1_117' title='bbox 988 1309 1172 1358; x_wconf 89' lang='lat' dir='ltr'><strong>ratione.</strong></span> <span class='ocrx_word' id='word_1_118' title='bbox 1196 1311 1262 1357; x_wconf 85' lang='lat' dir='ltr'><strong>Ex</strong></span> <span class='ocrx_word' id='word_1_119' title='bbox 1285 1328 1339 1358; x_wconf 92' lang='lat' dir='ltr'><strong>ea</strong></span> <span class='ocrx_word' id='word_1_120' title='bbox 1362 1311 1480 1358; x_wconf 89' lang='lat' dir='ltr'><strong>enim</strong></span> <span class='ocrx_word' id='word_1_121' title='bbox 1503 1321 1676 1359; x_wconf 89' lang='lat' dir='ltr'><strong>constat</strong></span> 
     </span>
     <span class='ocr_line' id='line_1_16' title="bbox 205 1386 1669 1451; baseline 0 -19"><span class='ocrx_word' id='word_1_122' title='bbox 205 1395 298 1433; x_wconf 90' lang='lat' dir='ltr'><strong>tum</strong></span> <span class='ocrx_word' id='word_1_123' title='bbox 322 1386 539 1450; x_wconf 78' lang='lat' dir='ltr'><strong>neqative,</strong></span> <span class='ocrx_word' id='word_1_124' title='bbox 573 1394 666 1432; x_wconf 90' lang='lat' dir='ltr'><strong>tum</strong></span> <span class='ocrx_word' id='word_1_125' title='bbox 695 1386 907 1450; x_wconf 78' lang='lat' dir='ltr'><strong>positive,</strong></span> <span class='ocrx_word' id='word_1_126' title='bbox 949 1402 1191 1450; x_wconf 89' lang='lat' dir='ltr'><strong>numquam</strong></span> <span class='ocrx_word' id='word_1_127' title='bbox 1224 1386 1368 1451; x_wconf 88' lang='lat' dir='ltr'><strong>ipsam</strong></span> <span class='ocrx_word' id='word_1_128' title='bbox 1401 1386 1669 1435; x_wconf 83' lang='lat' dir='ltr'><strong>connivisse.</strong></span> 
     </span>
     <span class='ocr_line' id='line_1_17' title="bbox 204 1460 1669 1526; baseline 0 -18"><span class='ocrx_word' id='word_1_129' title='bbox 204 1461 415 1525; x_wconf 83' lang='lat' dir='ltr'><strong>Negative</strong></span> <span class='ocrx_word' id='word_1_130' title='bbox 430 1460 630 1526; x_wconf 88' lang='lat' dir='ltr'><strong>quidem,</strong></span> <span class='ocrx_word' id='word_1_131' title='bbox 647 1461 754 1526; x_wconf 89' lang='lat' dir='ltr'><strong>quia</strong></span> <span class='ocrx_word' id='word_1_132' title='bbox 771 1477 853 1508; x_wconf 90' lang='lat' dir='ltr'><strong>nec</strong></span> <span class='ocrx_word' id='word_1_133' title='bbox 869 1478 1006 1508; x_wconf 92' lang='lat' dir='ltr'><strong>unum</strong></span> <span class='ocrx_word' id='word_1_134' title='bbox 1029 1460 1213 1526; x_wconf 84' lang='lat' dir='ltr'><strong>proferri</strong></span> <span class='ocrx_word' id='word_1_135' title='bbox 1238 1470 1384 1526; x_wconf 90' lang='lat' dir='ltr'><strong>potest</strong></span> <span class='ocrx_word' id='word_1_136' title='bbox 1400 1460 1669 1526; x_wconf 83' lang='lat' dir='ltr'><strong>exemplum,</strong></span> 
     </span>
     <span class='ocr_line' id='line_1_18' title="bbox 207 1536 1675 1603; baseline 0.001 -18"><span class='ocrx_word' id='word_1_137' title='bbox 207 1537 326 1603; x_wconf 90' lang='lat' dir='ltr'><strong>quod</strong></span> <span class='ocrx_word' id='word_1_138' title='bbox 363 1548 506 1585; x_wconf 85' lang='lat' dir='ltr'><strong>ratum</strong></span> <span class='ocrx_word' id='word_1_139' title='bbox 540 1537 642 1602; x_wconf 88' lang='lat' dir='ltr'><strong>ipsa</strong></span> <span class='ocrx_word' id='word_1_140' title='bbox 675 1536 881 1585; x_wconf 88' lang='lat' dir='ltr'><strong>habuerit</strong></span> <span class='ocrx_word' id='word_1_141' title='bbox 924 1537 1180 1601; x_wconf 88' lang='lat' dir='ltr'><strong>coniugium</strong></span> <span class='ocrx_word' id='word_1_142' title='bbox 1223 1537 1318 1585; x_wconf 85' lang='lat' dir='ltr'><strong>sive</strong></span> <span class='ocrx_word' id='word_1_143' title='bbox 1349 1536 1406 1584; x_wconf 92' lang='lat' dir='ltr'><strong>ab</strong></span> <span class='ocrx_word' id='word_1_144' title='bbox 1438 1536 1675 1586; x_wconf 85' lang='lat' dir='ltr'><strong>haereticis</strong></span> 
     </span>
     <span class='ocr_line' id='line_1_19' title="bbox 207 1612 1674 1670; baseline 0.001 -10"><span class='ocrx_word' id='word_1_145' title='bbox 207 1614 322 1662; x_wconf 87' lang='lat' dir='ltr'><strong>inter</strong></span> <span class='ocrx_word' id='word_1_146' title='bbox 354 1631 404 1662; x_wconf 90' lang='lat' dir='ltr'><strong>se</strong></span> <span class='ocrx_word' id='word_1_147' title='bbox 435 1612 704 1662; x_wconf 90' lang='lat' dir='ltr'><strong>celebratum</strong></span> <span class='ocrx_word' id='word_1_148' title='bbox 722 1651 733 1670; x_wconf 86' lang='lat'>,</span> <span class='ocrx_word' id='word_1_149' title='bbox 772 1613 866 1662; x_wconf 86' lang='lat' dir='ltr'><strong>sive</strong></span> <span class='ocrx_word' id='word_1_150' title='bbox 898 1614 1082 1662; x_wconf 83' lang='lat' dir='ltr'><strong>mixtum</strong></span> <span class='ocrx_word' id='word_1_151' title='bbox 1123 1614 1221 1662; x_wconf 92' lang='lat' dir='ltr'><strong>sine</strong></span> <span class='ocrx_word' id='word_1_152' title='bbox 1259 1613 1400 1661; x_wconf 86' lang='lat' dir='ltr'><strong>forma</strong></span> <span class='ocrx_word' id='word_1_153' title='bbox 1434 1613 1674 1662; x_wconf 85' lang='lat' dir='ltr'><strong>tridentina</strong></span> 
     </span>
     <span class='ocr_line' id='line_1_20' title="bbox 207 1688 1669 1755; baseline 0.001 -19"><span class='ocrx_word' id='word_1_154' title='bbox 207 1689 365 1737; x_wconf 90' lang='lat' dir='ltr'><strong>initum</strong></span> <span class='ocrx_word' id='word_1_155' title='bbox 398 1689 476 1736; x_wconf 92' lang='lat' dir='ltr'><strong>ubi</strong></span> <span class='ocrx_word' id='word_1_156' title='bbox 506 1688 780 1755; x_wconf 90' lang='lat' dir='ltr'><strong>publicatum</strong></span> <span class='ocrx_word' id='word_1_157' title='bbox 814 1689 948 1738; x_wconf 86' lang='lat' dir='ltr'><strong>suerit</strong></span> <span class='ocrx_word' id='word_1_158' title='bbox 981 1689 1159 1738; x_wconf 90' lang='lat' dir='ltr'><strong>concilii</strong></span> <span class='ocrx_word' id='word_1_159' title='bbox 1192 1690 1432 1738; x_wconf 90' lang='lat' dir='ltr'><strong>decretum.</strong></span> <span class='ocrx_word' id='word_1_160' title='bbox 1455 1690 1669 1747; x_wconf 88' lang='lat' dir='ltr'><strong>Positive,</strong></span> 
     </span>
     <span class='ocr_line' id='line_1_21' title="bbox 208 1765 1676 1832; baseline 0.001 -20"><span class='ocrx_word' id='word_1_161' title='bbox 208 1776 258 1813; x_wconf 92' lang='lat' dir='ltr'><strong>ut</strong></span> <span class='ocrx_word' id='word_1_162' title='bbox 285 1775 406 1830; x_wconf 87' lang='lat' dir='ltr'><strong>patet</strong></span> <span class='ocrx_word' id='word_1_163' title='bbox 428 1783 481 1814; x_wconf 88' lang='lat' dir='ltr'><strong>ex</strong></span> <span class='ocrx_word' id='word_1_164' title='bbox 503 1765 709 1814; x_wconf 92' lang='lat' dir='ltr'><strong>omnibus</strong></span> <span class='ocrx_word' id='word_1_165' title='bbox 734 1765 1078 1814; x_wconf 84' lang='lat' dir='ltr'><strong>resolutionibus</strong></span> <span class='ocrx_word' id='word_1_166' title='bbox 1094 1804 1104 1824; x_wconf 94' lang='lat'>,</span> <span class='ocrx_word' id='word_1_167' title='bbox 1132 1783 1249 1832; x_wconf 89' lang='lat' dir='ltr'><strong>quae</strong></span> <span class='ocrx_word' id='word_1_168' title='bbox 1271 1766 1401 1814; x_wconf 90' lang='lat' dir='ltr'><strong>datae</strong></span> <span class='ocrx_word' id='word_1_169' title='bbox 1417 1776 1521 1814; x_wconf 89' lang='lat' dir='ltr'><strong>sunt</strong></span> <span class='ocrx_word' id='word_1_170' title='bbox 1539 1766 1633 1814; x_wconf 89' lang='lat' dir='ltr'><strong>sive</strong></span> <span class='ocrx_word' id='word_1_171' title='bbox 1649 1783 1676 1814; x_wconf 88' lang='lat' dir='ltr'><strong>a</strong></span> 
     </span>
     <span class='ocr_line' id='line_1_22' title="bbox 210 1840 1669 1906; baseline 0 -19"><span class='ocrx_word' id='word_1_172' title='bbox 210 1858 318 1889; x_wconf 90' lang='lat' dir='ltr'><strong>rom.</strong></span> <span class='ocrx_word' id='word_1_173' title='bbox 339 1841 623 1906; x_wconf 89' lang='lat' dir='ltr'><strong>pontificibus</strong></span> <span class='ocrx_word' id='word_1_174' title='bbox 635 1879 645 1899; x_wconf 92' lang='lat'><strong>‚</strong></span> <span class='ocrx_word' id='word_1_175' title='bbox 669 1841 762 1889; x_wconf 89' lang='lat' dir='ltr'><strong>sive</strong></span> <span class='ocrx_word' id='word_1_176' title='bbox 779 1858 806 1888; x_wconf 94' lang='lat' dir='ltr'><strong>a</strong></span> <span class='ocrx_word' id='word_1_177' title='bbox 823 1841 964 1889; x_wconf 89' lang='lat' dir='ltr'><strong>sacris</strong></span> <span class='ocrx_word' id='word_1_178' title='bbox 982 1840 1396 1906; x_wconf 79' lang='lat' dir='ltr'><strong>congregationibus</strong></span> <span class='ocrx_word' id='word_1_179' title='bbox 1414 1858 1441 1889; x_wconf 91' lang='lat' dir='ltr'><strong>a</strong></span> <span class='ocrx_word' id='word_1_180' title='bbox 1459 1841 1669 1889; x_wconf 87' lang='lat' dir='ltr'><strong>sec.XV1.</strong></span> 
     </span>
     <span class='ocr_line' id='line_1_23' title="bbox 211 1916 1677 1983; baseline 0 -19"><span class='ocrx_word' id='word_1_181' title='bbox 211 1934 355 1983; x_wconf 89' lang='lat' dir='ltr'><strong>usque</strong></span> <span class='ocrx_word' id='word_1_182' title='bbox 377 1917 435 1965; x_wconf 92' lang='lat' dir='ltr'><strong>ad</strong></span> <span class='ocrx_word' id='word_1_183' title='bbox 459 1917 656 1965; x_wconf 91' lang='lat' dir='ltr'><strong>medium</strong></span> <span class='ocrx_word' id='word_1_184' title='bbox 681 1917 879 1966; x_wconf 91' lang='lat' dir='ltr'><strong>seculum</strong></span> <span class='ocrx_word' id='word_1_185' title='bbox 910 1918 1023 1965; x_wconf 86' lang='lat' dir='ltr'>XIX.</span> <span class='ocrx_word' id='word_1_186' title='bbox 1047 1935 1207 1983; x_wconf 91' lang='lat' dir='ltr'><strong>nempe</strong></span> <span class='ocrx_word' id='word_1_187' title='bbox 1229 1917 1402 1983; x_wconf 89' lang='lat' dir='ltr'><strong>quoties</strong></span> <span class='ocrx_word' id='word_1_188' title='bbox 1425 1917 1471 1964; x_wconf 90' lang='lat' dir='ltr'><strong>in</strong></span> <span class='ocrx_word' id='word_1_189' title='bbox 1495 1916 1677 1965; x_wconf 87' lang='lat' dir='ltr'><strong>casibus</strong></span> 
     </span>
     <span class='ocr_line' id='line_1_24' title="bbox 209 1992 1676 2059; baseline -0.001 -18"><span class='ocrx_word' id='word_1_190' title='bbox 209 1993 552 2058; x_wconf 87' lang='lat' dir='ltr'><strong>particularibus</strong></span> <span class='ocrx_word' id='word_1_191' title='bbox 588 2011 724 2059; x_wconf 90' lang='lat' dir='ltr'><strong>super</strong></span> <span class='ocrx_word' id='word_1_192' title='bbox 755 1994 829 2042; x_wconf 92' lang='lat' dir='ltr'><strong>his</strong></span> <span class='ocrx_word' id='word_1_193' title='bbox 862 1993 1066 2042; x_wconf 89' lang='lat' dir='ltr'><strong>consulta</strong></span> <span class='ocrx_word' id='word_1_194' title='bbox 1099 1994 1198 2042; x_wconf 85' lang='lat' dir='ltr'><strong>fuit.</strong></span> <span class='ocrx_word' id='word_1_195' title='bbox 1228 1993 1397 2041; x_wconf 89' lang='lat' dir='ltr'><strong>Exinde</strong></span> <span class='ocrx_word' id='word_1_196' title='bbox 1430 1992 1676 2040; x_wconf 90' lang='lat' dir='ltr'><strong>contrariae</strong></span> 
     </span>
     <span class='ocr_line' id='line_1_25' title="bbox 208 2070 1677 2136; baseline -0.001 -18"><span class='ocrx_word' id='word_1_197' title='bbox 208 2071 454 2118; x_wconf 84' lang='lat' dir='ltr'><strong>sententiae</strong></span> <span class='ocrx_word' id='word_1_198' title='bbox 488 2070 681 2134; x_wconf 83' lang='lat' dir='ltr'><strong>theologi</strong></span> <span class='ocrx_word' id='word_1_199' title='bbox 716 2070 782 2118; x_wconf 90' lang='lat' dir='ltr'><strong>sic</strong></span> <span class='ocrx_word' id='word_1_200' title='bbox 815 2071 961 2136; x_wconf 89' lang='lat' dir='ltr'><strong>potius</strong></span> <span class='ocrx_word' id='word_1_201' title='bbox 998 2088 1128 2118; x_wconf 90' lang='lat' dir='ltr'><strong>suum</strong></span> <span class='ocrx_word' id='word_1_202' title='bbox 1165 2070 1415 2119; x_wconf 90' lang='lat' dir='ltr'><strong>instaurant</strong></span> <span class='ocrx_word' id='word_1_203' title='bbox 1447 2086 1677 2133; x_wconf 88' lang='lat' dir='ltr'><strong>argumen-</strong></span> 
     </span>
     <span class='ocr_line' id='line_1_26' title="bbox 208 2146 1670 2211; baseline -0.001 -17"><span class='ocrx_word' id='word_1_204' title='bbox 208 2157 316 2194; x_wconf 90' lang='lat' dir='ltr'><strong>tum.</strong></span> <span class='ocrx_word' id='word_1_205' title='bbox 347 2146 536 2203; x_wconf 87' lang='lat' dir='ltr'><strong>Quando</strong></span> <span class='ocrx_word' id='word_1_206' title='bbox 559 2147 780 2195; x_wconf 89' lang='lat' dir='ltr'><strong>contraria</strong></span> <span class='ocrx_word' id='word_1_207' title='bbox 803 2147 1070 2211; x_wconf 83' lang='lat' dir='ltr'><strong>legislatoris</strong></span> <span class='ocrx_word' id='word_1_208' title='bbox 1093 2147 1298 2195; x_wconf 87' lang='lat' dir='ltr'><strong>voluntas</strong></span> <span class='ocrx_word' id='word_1_209' title='bbox 1321 2157 1389 2195; x_wconf 90' lang='lat' dir='ltr'><strong>est</strong></span> <span class='ocrx_word' id='word_1_210' title='bbox 1410 2146 1646 2194; x_wconf 88' lang='lat' dir='ltr'><strong>manifesta</strong></span> <span class='ocrx_word' id='word_1_211' title='bbox 1660 2183 1670 2203; x_wconf 89' lang='lat'>‚</span> 
     </span>
     <span class='ocr_line' id='line_1_27' title="bbox 210 2223 1676 2289; baseline 0 -19"><span class='ocrx_word' id='word_1_212' title='bbox 210 2240 291 2272; x_wconf 91' lang='lat' dir='ltr'><strong>nec</strong></span> <span class='ocrx_word' id='word_1_213' title='bbox 322 2223 541 2287; x_wconf 86' lang='lat' dir='ltr'><strong>benignae</strong></span> <span class='ocrx_word' id='word_1_214' title='bbox 579 2223 952 2289; x_wconf 90' lang='lat' dir='ltr'><strong>interpretationi,</strong></span> <span class='ocrx_word' id='word_1_215' title='bbox 979 2235 1029 2272; x_wconf 90' lang='lat' dir='ltr'><strong>ut</strong></span> <span class='ocrx_word' id='word_1_216' title='bbox 1051 2224 1232 2272; x_wconf 83' lang='lat' dir='ltr'><strong>evidens</strong></span> <span class='ocrx_word' id='word_1_217' title='bbox 1266 2234 1334 2272; x_wconf 85' lang='lat' dir='ltr'><strong>est</strong></span> <span class='ocrx_word' id='word_1_218' title='bbox 1367 2240 1420 2271; x_wconf 90' lang='lat' dir='ltr'><strong>ac</strong></span> <span class='ocrx_word' id='word_1_219' title='bbox 1453 2233 1676 2288; x_wconf 90' lang='lat' dir='ltr'><strong>receptum</strong></span> 
     </span>
     <span class='ocr_line' id='line_1_28' title="bbox 211 2299 1677 2366; baseline 0.001 -21"><span class='ocrx_word' id='word_1_220' title='bbox 211 2299 255 2346; x_wconf 89' lang='lat' dir='ltr'><strong>in</strong></span> <span class='ocrx_word' id='word_1_221' title='bbox 290 2300 472 2348; x_wconf 88' lang='lat' dir='ltr'><strong>materia</strong></span> <span class='ocrx_word' id='word_1_222' title='bbox 495 2299 546 2347; x_wconf 80' lang='lat' dir='ltr'><strong>de</strong></span> <span class='ocrx_word' id='word_1_223' title='bbox 578 2300 763 2364; x_wconf 74' lang='lat' dir='ltr'><strong>leqibus‚</strong></span> <span class='ocrx_word' id='word_1_224' title='bbox 802 2300 926 2348; x_wconf 91' lang='lat' dir='ltr'><strong>locus</strong></span> <span class='ocrx_word' id='word_1_225' title='bbox 960 2300 1243 2366; x_wconf 88' lang='lat' dir='ltr'><strong>relinquitur,</strong></span> <span class='ocrx_word' id='word_1_226' title='bbox 1281 2317 1425 2366; x_wconf 92' lang='lat' dir='ltr'><strong>neque</strong></span> <span class='ocrx_word' id='word_1_227' title='bbox 1459 2299 1677 2348; x_wconf 88' lang='lat' dir='ltr'><strong>contraria</strong></span> 
     </span>
     <span class='ocr_line' id='line_1_29' title="bbox 210 2376 1671 2442; baseline -0.001 -19"><span class='ocrx_word' id='word_1_228' title='bbox 210 2376 482 2424; x_wconf 90' lang='lat' dir='ltr'><strong>consuetudo</strong></span> <span class='ocrx_word' id='word_1_229' title='bbox 514 2376 605 2424; x_wconf 88' lang='lat' dir='ltr'><strong>vim</strong></span> <span class='ocrx_word' id='word_1_230' title='bbox 641 2376 776 2424; x_wconf 89' lang='lat' dir='ltr'><strong>ullam</strong></span> <span class='ocrx_word' id='word_1_231' title='bbox 811 2377 975 2424; x_wconf 89' lang='lat' dir='ltr'><strong>habere</strong></span> <span class='ocrx_word' id='word_1_232' title='bbox 997 2376 1139 2434; x_wconf 86' lang='lat' dir='ltr'><strong>valet,</strong></span> <span class='ocrx_word' id='word_1_233' title='bbox 1170 2385 1320 2442; x_wconf 89' lang='lat' dir='ltr'><strong>utpote</strong></span> <span class='ocrx_word' id='word_1_234' title='bbox 1346 2393 1445 2424; x_wconf 91' lang='lat' dir='ltr'><strong>cum</strong></span> <span class='ocrx_word' id='word_1_235' title='bbox 1475 2376 1531 2423; x_wconf 88' lang='lat' dir='ltr'><strong>ad</strong></span> <span class='ocrx_word' id='word_1_236' title='bbox 1555 2392 1671 2432; x_wconf 90' lang='lat' dir='ltr'><strong>eam,</strong></span> 
     </span>
     <span class='ocr_line' id='line_1_30' title="bbox 209 2452 1678 2517; baseline -0.001 -18"><span class='ocrx_word' id='word_1_237' title='bbox 209 2462 259 2500; x_wconf 91' lang='lat' dir='ltr'><strong>ut</strong></span> <span class='ocrx_word' id='word_1_238' title='bbox 291 2463 450 2517; x_wconf 90' lang='lat' dir='ltr'><strong>potens</strong></span> <span class='ocrx_word' id='word_1_239' title='bbox 484 2452 544 2501; x_wconf 89' lang='lat' dir='ltr'><strong>sit</strong></span> <span class='ocrx_word' id='word_1_240' title='bbox 576 2453 633 2500; x_wconf 92' lang='lat' dir='ltr'><strong>ad</strong></span> <span class='ocrx_word' id='word_1_241' title='bbox 665 2452 963 2517; x_wconf 87' lang='lat' dir='ltr'><strong>abrogandam</strong></span> <span class='ocrx_word' id='word_1_242' title='bbox 1007 2453 1148 2517; x_wconf 88' lang='lat' dir='ltr'><strong>legem</strong></span> <span class='ocrx_word' id='word_1_243' title='bbox 1177 2491 1186 2509; x_wconf 88' lang='lat'>‚</span> <span class='ocrx_word' id='word_1_244' title='bbox 1233 2453 1391 2500; x_wconf 88' lang='lat' dir='ltr'><strong>tacitus</strong></span> <span class='ocrx_word' id='word_1_245' title='bbox 1433 2452 1588 2500; x_wconf 90' lang='lat' dir='ltr'><strong>saltem</strong></span> <span class='ocrx_word' id='word_1_246' title='bbox 1634 2462 1678 2499; x_wconf 93' lang='lat' dir='ltr'><strong>et</strong></span> 
     </span>
     <span class='ocr_line' id='line_1_31' title="bbox 210 2528 1675 2594; baseline 0.001 -19"><span class='ocrx_word' id='word_1_247' title='bbox 210 2528 366 2592; x_wconf 88' lang='lat' dir='ltr'><strong>legalis</strong></span> <span class='ocrx_word' id='word_1_248' title='bbox 399 2529 667 2594; x_wconf 85' lang='lat' dir='ltr'><strong>legislatoris</strong></span> <span class='ocrx_word' id='word_1_249' title='bbox 702 2547 947 2578; x_wconf 87' lang='lat' dir='ltr'><strong>consensus</strong></span> <span class='ocrx_word' id='word_1_250' title='bbox 980 2530 1039 2578; x_wconf 89' lang='lat' dir='ltr'><strong>sit</strong></span> <span class='ocrx_word' id='word_1_251' title='bbox 1072 2530 1352 2578; x_wconf 88' lang='lat' dir='ltr'><strong>necessarius</strong></span> <span class='ocrx_word' id='word_1_252' title='bbox 1391 2530 1507 2591; x_wconf 81' lang='lat'><strong>(57).</strong></span> <span class='ocrx_word' id='word_1_253' title='bbox 1544 2529 1675 2576; x_wconf 90' lang='lat' dir='ltr'><strong>Porro</strong></span> 
     </span>
    </p>

    <p class='ocr_par' dir='ltr' id='par_1_5' title="bbox 209 2639 1677 2737">
     <span class='ocr_line' id='line_1_32' title="bbox 305 2639 1673 2684; baseline -0.002 -10"><span class='ocrx_word' id='word_1_254' title='bbox 305 2641 372 2683; x_wconf 79' lang='lat'>(57)</span> <span class='ocrx_word' id='word_1_255' title='bbox 392 2641 444 2674; x_wconf 81' lang='lat' dir='ltr'><strong>Cf.</strong></span> <span class='ocrx_word' id='word_1_256' title='bbox 459 2650 486 2675; x_wconf 85' lang='lat' dir='ltr'><strong>s.</strong></span> <span class='ocrx_word' id='word_1_257' title='bbox 503 2642 618 2675; x_wconf 85' lang='lat' dir='ltr'><strong>Thom.</strong></span> <span class='ocrx_word' id='word_1_258' title='bbox 639 2647 666 2675; x_wconf 88' lang='lat'><strong>1.</strong></span> <span class='ocrx_word' id='word_1_259' title='bbox 685 2648 714 2675; x_wconf 87' lang='lat'><strong>2.</strong></span> <span class='ocrx_word' id='word_1_260' title='bbox 732 2652 766 2684; x_wconf 89' lang='lat' dir='ltr'><strong>q.</strong></span> <span class='ocrx_word' id='word_1_261' title='bbox 782 2646 833 2676; x_wconf 80' lang='grc'><strong>97.</strong></span> <span class='ocrx_word' id='word_1_262' title='bbox 850 2643 911 2676; x_wconf 83' lang='lat' dir='ltr'><strong>art.</strong></span> <span class='ocrx_word' id='word_1_263' title='bbox 931 2647 960 2676; x_wconf 81' lang='grc'><strong>3.</strong></span> <span class='ocrx_word' id='word_1_264' title='bbox 977 2642 1017 2675; x_wconf 77' lang='lat' dir='ltr'><strong>ad</strong></span> <span class='ocrx_word' id='word_1_265' title='bbox 1035 2647 1064 2676; x_wconf 80' lang='lat'><strong>3.</strong></span> <span class='ocrx_word' id='word_1_266' title='bbox 1078 2651 1138 2676; x_wconf 88' lang='lat' dir='ltr'><strong>nec</strong></span> <span class='ocrx_word' id='word_1_267' title='bbox 1151 2651 1215 2675; x_wconf 90' lang='lat' dir='ltr'><strong>non</strong></span> <span class='ocrx_word' id='word_1_268' title='bbox 1230 2644 1347 2675; x_wconf 86' lang='lat' dir='ltr'><strong>Suarez</strong></span> <span class='ocrx_word' id='word_1_269' title='bbox 1361 2643 1410 2674; x_wconf 88' lang='lat' dir='ltr'><strong>De</strong></span> <span class='ocrx_word' id='word_1_270' title='bbox 1426 2639 1624 2681; x_wconf 72' lang='lat' dir='ltr'><strong>leqibuslib.</strong></span> <span class='ocrx_word' id='word_1_271' title='bbox 1643 2642 1673 2672; x_wconf 90' lang='grc'><strong>7.</strong></span> 
     </span>
     <span class='ocr_line' id='line_1_33' title="bbox 209 2692 1677 2737; baseline -0.001 -11"><span class='ocrx_word' id='word_1_272' title='bbox 209 2700 281 2734; x_wconf 80' lang='lat' dir='ltr'><strong>cap.</strong></span> <span class='ocrx_word' id='word_1_273' title='bbox 300 2697 349 2726; x_wconf 75' lang='lat'><strong>¹8.</strong></span> <span class='ocrx_word' id='word_1_274' title='bbox 363 2701 396 2726; x_wconf 85' lang='lat' dir='ltr'><strong>n.</strong></span> <span class='ocrx_word' id='word_1_275' title='bbox 413 2698 464 2727; x_wconf 84' lang='lat'><strong>20.</strong></span> <span class='ocrx_word' id='word_1_276' title='bbox 479 2702 618 2735; x_wconf 88' lang='lat' dir='ltr'><strong>quorum</strong></span> <span class='ocrx_word' id='word_1_277' title='bbox 635 2695 779 2736; x_wconf 82' lang='lat' dir='ltr'><strong>vestigiis</strong></span> <span class='ocrx_word' id='word_1_278' title='bbox 798 2695 964 2728; x_wconf 80' lang='lat' dir='ltr'><strong>inhaerent</strong></span> <span class='ocrx_word' id='word_1_279' title='bbox 985 2695 1134 2728; x_wconf 83' lang='lat' dir='ltr'><strong>doctores</strong></span> <span class='ocrx_word' id='word_1_280' title='bbox 1149 2695 1296 2737; x_wconf 84' lang='lat' dir='ltr'><strong>plerique</strong></span> <span class='ocrx_word' id='word_1_281' title='bbox 1311 2702 1432 2726; x_wconf 86' lang='lat' dir='ltr'><strong>omnes.</strong></span> <span class='ocrx_word' id='word_1_282' title='bbox 1450 2693 1546 2725; x_wconf 82' lang='lat' dir='ltr'><strong>Plura</strong></span> <span class='ocrx_word' id='word_1_283' title='bbox 1559 2692 1600 2724; x_wconf 91' lang='lat' dir='ltr'><strong>de</strong></span> <span class='ocrx_word' id='word_1_284' title='bbox 1614 2692 1677 2724; x_wconf 85' lang='lat' dir='ltr'><strong>hoc</strong></span> 
     </span>
    </p>
   </div>
   <div class='ocr_carea' id='block_1_3' title="bbox 209 2744 1676 2788">
    <p class='ocr_par' dir='ltr' id='par_1_6' title="bbox 209 2744 1676 2788">
     <span class='ocr_line' id='line_1_34' title="bbox 209 2744 1676 2788; baseline -0.001 -10"><span class='ocrx_word' id='word_1_285' title='bbox 209 2746 368 2788; x_wconf 79' lang='lat' dir='ltr'><strong>principio</strong></span> <span class='ocrx_word' id='word_1_286' title='bbox 394 2747 539 2780; x_wconf 80' lang='lat' dir='ltr'><strong>invenies</strong></span> <span class='ocrx_word' id='word_1_287' title='bbox 554 2747 587 2779; x_wconf 89' lang='lat' dir='ltr'><strong>in</strong></span> <span class='ocrx_word' id='word_1_288' title='bbox 604 2748 737 2781; x_wconf 84' lang='lat' dir='ltr'><strong>Dissert.</strong></span> <span class='ocrx_word' id='word_1_289' title='bbox 757 2749 887 2781; x_wconf 76' lang='lat' dir='ltr'><strong>Domin.</strong></span> <span class='ocrx_word' id='word_1_290' title='bbox 905 2749 1025 2782; x_wconf 75' lang='lat' dir='ltr'><strong>Tun-ani</strong></span> <span class='ocrx_word' id='word_1_291' title='bbox 1043 2757 1111 2782; x_wconf 87' lang='lat' dir='ltr'><strong>soc.</strong></span> <span class='ocrx_word' id='word_1_292' title='bbox 1126 2750 1196 2781; x_wconf 89' lang='lat' dir='ltr'><strong>Iesu</strong></span> <span class='ocrx_word' id='word_1_293' title='bbox 1217 2750 1266 2780; x_wconf 85' lang='lat' dir='ltr'><strong>De</strong></span> <span class='ocrx_word' id='word_1_294' title='bbox 1283 2748 1396 2779; x_wconf 78' lang='lat' dir='ltr'><strong>mente</strong></span> <span class='ocrx_word' id='word_1_295' title='bbox 1417 2754 1511 2778; x_wconf 86' lang='lat' dir='ltr'><strong>conc.</strong></span> <span class='ocrx_word' id='word_1_296' title='bbox 1534 2744 1676 2777; x_wconf 64' lang='lat' dir='ltr'><strong>trident.</strong></span> 
     </span>
    </p>
   </div>
   <div class='ocr_carea' id='block_1_4' title="bbox 211 2798 1678 2887">
    <p class='ocr_par' dir='ltr' id='par_1_7' title="bbox 211 2798 1678 2887">
     <span class='ocr_line' id='line_1_35' title="bbox 211 2798 1678 2844; baseline 0 -13"><span class='ocrx_word' id='word_1_297' title='bbox 211 2800 293 2839; x_wconf 78' lang='lat' dir='ltr'><strong>part.</strong></span> <span class='ocrx_word' id='word_1_298' title='bbox 310 2799 352 2832; x_wconf 83' lang='grc' dir='ltr'><strong>Π.</strong></span> <span class='ocrx_word' id='word_1_299' title='bbox 369 2799 401 2841; x_wconf 79' lang='lat'><strong>§-</strong></span> <span class='ocrx_word' id='word_1_300' title='bbox 416 2803 446 2833; x_wconf 89' lang='grc'><strong>7.</strong></span> <span class='ocrx_word' id='word_1_301' title='bbox 460 2799 546 2834; x_wconf 85' lang='lat' dir='ltr'><strong>inter</strong></span> <span class='ocrx_word' id='word_1_302' title='bbox 561 2801 664 2835; x_wconf 74' lang='lat' dir='ltr'><strong>Folia</strong></span> <span class='ocrx_word' id='word_1_303' title='bbox 680 2810 771 2836; x_wconf 76' lang='lat' dir='ltr'><strong>sacr.</strong></span> <span class='ocrx_word' id='word_1_304' title='bbox 789 2810 948 2844; x_wconf 73' lang='lat' dir='ltr'><strong>conyrey.</strong></span> <span class='ocrx_word' id='word_1_305' title='bbox 967 2801 1105 2836; x_wconf 66' lang='lat' dir='ltr'><strong>concilii</strong></span> <span class='ocrx_word' id='word_1_306' title='bbox 1123 2801 1210 2835; x_wconf 79' lang='lat' dir='ltr'><strong>edita</strong></span> <span class='ocrx_word' id='word_1_307' title='bbox 1224 2809 1243 2833; x_wconf 78' lang='lat' dir='ltr'><strong>a</strong></span> <span class='ocrx_word' id='word_1_308' title='bbox 1257 2799 1505 2833; x_wconf 58' lang='lat' dir='ltr'><strong>reverendissm.</strong></span> <span class='ocrx_word' id='word_1_309' title='bbox 1515 2798 1678 2831; x_wconf 61' lang='lat' dir='ltr'><strong>norwal-</strong></span> 
     </span>
     <span class='ocr_line' id='line_1_36' title="bbox 213 2850 555 2887; baseline 0.015 -5"><span class='ocrx_word' id='word_1_310' title='bbox 213 2850 311 2885; x_wconf 75' lang='lat' dir='ltr'><strong>chini.</strong></span> <span class='ocrx_word' id='word_1_311' title='bbox 328 2853 448 2887; x_wconf 78' lang='lat' dir='ltr'><strong>Romae</strong></span> <span class='ocrx_word' id='word_1_312' title='bbox 466 2856 555 2887; x_wconf 74' lang='lat'>1741.</span> 
     </span>
    </p>
   </div>
  </div>
 </body>
</html>
