1980 3260
374 221 468 268 414
508 246 510 248 ·
630 236 711 267 LIB.
739 235 785 266 11.
814 235 928 266 SECT.
956 234 1127 266 ALTERA.
1158 234 1210 265 DE
1242 234 1407 266 Pousr.
1437 234 1577 266 clvlu.

361 314 599 362 auctoritas
633 314 968 378 episcoporum,
1003 322 1079 359 aut
1110 312 1382 379 synodorum
1414 313 1753 379 provincialium
1787 334 1839 364 ac

366 390 673 447 nationalium,
692 407 935 454 numquam
956 407 1060 438 vero
1078 390 1200 453 regia
1216 400 1292 437 aut
1305 390 1566 455 imperialis;
1580 389 1691 455 quin
1707 391 1839 439 etiam

360 466 518 514 eadem
552 465 810 512 auctoritate
843 465 1144 513 ecclesiastica
1177 465 1341 512 factum
1376 476 1444 513 est
1479 483 1569 514 non
1602 465 1842 523 semel,²·ut

356 540 594 603 ‚illegitima
633 540 840 604 coniugia
884 541 1196 606 imperatorum
1215 579 1226 598 ,
1273 558 1427 605 regum
1461 558 1514 589 ac
1549 541 1803 607 principum
1824 580 1836 599 ,

363 616 476 682 ipsis
510 616 662 665 invitis
697 616 1068 674 dissolverentur,
1101 617 1404 682 coniugesque
1436 617 1735 684 poenitentiae
1767 618 1843 665 ad—

360 691 630 739 dicerentur.
676 692 893 748 Quoniam
931 710 1035 741 vero
1069 693 1125 740 de
1158 711 1206 741 rc
1239 693 1384 757 agitur
1417 694 1527 742 satis
1573 693 1804 759 explorata
1825 731 1836 751 ,

362 768 585 834 quaedam
610 786 691 817 nos
717 769 917 835 exempla
943 770 1180 818 afferemus
1197 809 1208 827 ,
1235 788 1351 835 quae
1373 770 1456 819 viri
1483 770 1644 819 eruditi
1668 759 1734 818 ex*
1746 787 1842 818 cer-

364 844 552 892 tissimis
583 844 798 894 historiae
831 845 1109 893 documentis
1140 845 1432 909 collegerunt,
1460 857 1509 894 ut
1530 846 1602 894 ius
1626 845 1843 894 ecclesiae

364 921 649 969 ostenderent
676 922 772 970 sive
800 940 938 987 quum
972 922 1180 985 coniugia
1214 922 1527 987 impedimento
1555 923 1707 988 aliquo
1731 923 1843 970 irre-

362 997 472 1054 tita,
505 997 628 1045 nulla
660 998 778 1046 facta
809 998 922 1062 legis
956 998 1312 1064 dispensatione,
1338 999 1531 1047 ecclesia
1552 999 1740 1047 dissolvi
1762 1015 1843 1047 vo—

366 1072 471 1131 luit,
500 1073 596 1122 sive
628 1092 766 1139 quum
799 1074 1134 1140 dispensatione
1168 1074 1311 1131 sacta,
1338 1074 1409 1122 vel
1445 1085 1539 1122 rata
1571 1073 1730 1123 habuit
1750 1074 1839 1122 iam

362 1149 498 1208 inita,
524 1150 594 1199 vel
629 1151 731 1198 iniri
767 1151 985 1216 permisit.

458 1227 615 1292 Itaque
632 1245 706 1274 an.
724 1229 832 1274 912.
850 1227 1069 1276 Henricus
1091 1228 1254 1292 Auceps
1277 1237 1568 1292 cognomento
1597 1226 1735 1274 filiam
1758 1226 1842 1274 Er-

360 1302 453 1349 vini
477 1303 653 1351 comitis
678 1303 723 1349 in
748 1303 1032 1350 Merseburch
1048 1341 1059 1360 ,
1086 1314 1129 1351 et
1150 1302 1364 1361 Alstadii,
1391 1320 1508 1368 quae
1530 1302 1668 1351 vidua
1689 1319 1840 1351 mona-

363 1379 548 1426 sterium
573 1379 774 1442 ingressa
799 1379 958 1436 fuerat,
984 1379 1221 1445 velumque
1245 1390 1518 1445 susceperat,
1547 1396 1729 1428 uxorem
1752 1377 1839 1427 sibi

359 1454 553 1503 adscivit
569 1466 612 1503 et
628 1455 832 1504 obtinuit.
846 1457 979 1504 Porro
995 1474 1096 1504 cum
1109 1456 1424 1520 Sigismundus
1443 1455 1842 1504 halberstadiensis

361 1531 582 1580 ecclesiae
603 1532 790 1580 antistes
814 1532 1032 1581 eiusmodi
1056 1532 1231 1580 facinus
1255 1532 1569 1598 comperisset,
1598 1531 1840 1580 Henricum

361 1618 495 1673 atque
509 1607 838 1672 ⁴Hatelburgam
863 1626 912 1657 se
935 1608 1107 1674 synodo
1131 1609 1290 1657 sistere
1307 1619 1351 1656 et
1373 1608 1572 1673 disiungi
1597 1607 1718 1656 illico
1741 1608 1839 1657 ius-

358 1683 447 1741 sit,
487 1683 577 1731 lata
611 1684 655 1731 iu
693 1702 770 1733 eos
805 1685 1103 1733 anathematis
1137 1686 1372 1733 sententia.
1408 1684 1640 1733 Conradus
1676 1701 1753 1732 rex
1791 1701 1843 1733 se

361 1777 411 1807 se
435 1778 515 1824 pro
538 1760 629 1809 illis
654 1761 943 1826 interposuit,
972 1761 1100 1809 cuius
1126 1761 1334 1826 precibus
1364 1779 1567 1810 annuens
1597 1760 1840 1825 Sigismun·

362 1835 447 1883 dus
476 1837 722 1884 sententiae
755 1837 1060 1884 executionem
1095 1836 1374 1902 aliquamdiu
1404 1836 1593 1886 distulit.
1622 1836 1842 1884 Henricus

364 1921 510 1958 tamen
536 1912 853 1977 Hatelburgam
876 1913 1098 1961 dimittere
1121 1913 1296 1971 debuit,
1326 1914 1532 1979 quamvis
1556 1914 1840 1961 Tammonem

366 2004 448 2034 seu
470 1988 801 2037 Thankmarum
819 2007 873 2038 ex
888 2007 942 2037 ea
959 1989 1216 2053 genuisset,
1245 1990 1465 2055 iustisque
1489 1999 1645 2054 postea
1667 1987 1837 2054 nuptiis

362 2064 620 2112 mathildem
655 2084 709 2114 ex
747 2067 1061 2132 antiquissima
1091 2066 1336 2115 Witekindi
1383 2067 1522 2131 stirpe
1563 2075 1704 2114 ortam
1750 2063 1838 2113 sihi

359 2139 587 2205 copulavit
607 2144 648 2204 (1
657 2145 679 2189 1
689 2145 754 2205 8).
1546 2149 1550 2152 ’

460 2216 534 2264 Sic
567 2235 640 2264 an.
671 2220 780 2266 949.
812 2220 1061 2268 constantia
1093 2218 1252 2268 enituit
1284 2219 1481 2268 Fulberti
1516 2216 1840 2266 cameracensis

362 2293 589 2358 episcopi,
617 2295 695 2358 qui
721 2295 939 2344 incestum
957 2296 1167 2344 Amulrici
1195 2296 1486 2344 hainonensis
1519 2294 1696 2344 comitis
1736 2301 1839 2343 cum

362 2369 506 2417 Isaaci
539 2369 715 2418 comitis
752 2373 1076 2420 cameracensis
1111 2372 1206 2420 filia
1238 2371 1509 2420 connubium
1542 2370 1729 2420 tolerare
1761 2369 1840 2417 de—

364 2445 563 2501 trectavit
579 2484 590 2503 ,
618 2463 671 2494 ac
693 2445 1041 2510 disiungendum
1076 2449 1253 2497 indixit.
1276 2449 1341 2497 De
1363 2465 1454 2514 quo
1477 2447 1540 2494 ita
1563 2446 1720 2495 scribit
1740 2445 1840 2496 Bal-

363 2521 540 2575 dericus
558 2522 604 2569 in
622 2522 824 2570 eiusdem
848 2526 1172 2572 cameracensis
1197 2524 1413 2573 ecclesiae
1435 2522 1663 2572 chronico:
1680 2520 1838 2577 «Quod

363 2609 572 2663 parentes
591 2610 725 2665 atque
742 2599 874 2647 amici
893 2600 1092 2659 moleste,
1111 2602 1191 2649 sed
1210 2612 1254 2649 et
1271 2601 1471 2649 dolenter
1482 2598 1689 2655 ferentes,
1706 2596 1838 2644 modo

363 2676 584 2723 minarum
617 2676 856 2742 asperitate
889 2677 1149 2742 episcopum
1182 2676 1568 2743 perterrefaciunt,
1608 2673 1741 2721 modo
1770 2683 1837 2721 ta-

363 2768 464 2800 men
500 2753 707 2817 precibus
749 2763 793 2802 et
827 2753 1033 2819 pretiosis
1077 2754 1335 2802 muneribus
1374 2751 1679 2807 conveniunt;
1729 2749 1838 2816 quin

459 2850 545 2891 (118)
567 2852 616 2884 Cf.
637 2852 821 2885 Hartzbeim
838 2852 968 2885 concil.
986 2859 1140 2892 qerman.
1160 2854 1238 2885 tom.
1258 2854 1298 2884 11.
1314 2860 1385 2893 pag.
1404 2855 1473 2884 536.
1490 2849 1540 2883 ed.
1560 2849 1674 2882 colon.
1697 2851 1786 2882 1760.
