1980 3260
263 247 353 278 CAP.
371 247 444 280 vu.
464 247 514 279 DE
533 248 657 280 MA-Tn.
675 248 803 280 INFm.
822 247 903 280 CUM
923 247 1055 280 Flth.
1074 247 1154 279 vm.
1174 247 1256 279 lN'r.
1275 248 1338 280 SE.
1362 247 1453 279 Aur.
1470 247 1498 279 1.
1574 232 1662 279 299

198 341 364 388 paucos
382 342 461 389 pro
479 325 563 373 hac
582 325 744 388 allegat
760 325 979 373 sententia
996 326 1113 387 (16),
1129 335 1262 389 atque
1278 324 1519 388 generatim
1535 323 1665 389 pleri-

197 417 284 464 que
315 417 469 448 omnae
492 438 502 457 ,
538 402 617 466 qui
651 401 776 465 ipsos
810 400 1119 449 contrahentes
1157 401 1290 448 huius
1325 401 1560 448 adstruunt
1593 401 1666 447 sai-1

198 476 411 523 eramenti
445 477 699 533 ministros,
738 494 929 542 quorum
962 476 1203 533 sententia,
1234 477 1298 525 uti
1329 477 1666 525 testaturvBene-

196 551 344 600 dietus
372 552 481 598 XIV.
505 553 766 599 communior
798 563 867 600 est
904 553 1021 614 (1⁷7).
1230 553 1233 556 ’
1657 553 1659 555 ’

292 627 544 674 Innituntur
561 643 691 692 porro
709 628 766 675 ad
786 627 903 674 hanc
921 628 1236 676 adstruendam
1253 629 1666 686 doctrinam-aucto—

199 702 315 750 rita-ti
334 701 531 765 Angelici
556 703 748 750 doctoris
764 703 777 760 ⁴,
805 704 882 767 qui
909 704 965 751 de
988 704 1267 752 matrimonio
1290 703 1539 753 infidelium
1555 703 1666 751 haee

196 778 356 825 habet:
378 798 401 822 «ι
416 775 471 825 Et
497 789 642 826 tamen
667 780 800 826 etiam
825 779 1152 827 matrimonium
1180 780 1266 827 tale
1289 789 1358 826 est
1379 778 1665 843 aliquomodo

194 863 508 900 sacramentum
528 853 806 900 habitualiter
825 890 837 908 ,
866 854 1070 918 quamvis
1095 872 1183 901 non
1208 854 1454 911 actualiter,
1471 870 1525 901 eo
1546 853 1665 919 quod

199 937 300 975 actu
333 945 421 976 non
459 929 724 976 contrahant
755 929 801 976 in
837 930 926 976 fide
959 929 1174 977 ecclesiae
1210 931 1362 992 (18).»
1394 930 1486 976 Iam
1519 947 1624 977 vero
1653 968 1662 986 ,

199 1005 431 1070 inquiunt,
460 1005 499 1053 si
525 1005 772 1053 infidelium
802 1005 1058 1068 coniugium
1082 1023 1161 1071 per
1183 1005 1393 1070 baptismi
1424 1007 1667 1070 susceptio-

197 1097 297 1128 nem
331 1079 448 1128 effici
484 1098 571 1129 non
605 1092 756 1147 posset
788 1091 1139 1139 sacramentum,
1177 1080 1395 1129 eiusmodi
1441 1081 1623 1128 habitus
1652 1120 1661 1138 ,

196 1166 348 1221 utpote
366 1157 444 1223 qui
462 1158 506 1204 in
525 1168 669 1206 actum
689 1175 930 1223 numquam
953 1174 1186 1222 erumpere
1206 1168 1379 1222 posset,
1407 1156 1518 1205 foret
1542 1174 1666 1222 pror-

198 1251 277 1282 sus
311 1234 482 1282 inutilis
506 1237 622 1298 (19).

292 1310 487 1368 Deinde,
517 1310 737 1367 subdunt;
765 1327 865 1358 cum
889 1311 1099 1374 coniuges
1124 1310 1179 1358 ad
1204 1310 1337 1358 fidem
1370 1308 1571 1358 conversi
1601 1310 1668 1357 af-

198 1386 313 1434 sectu
347 1387 539 1434 maritali
573 1387 902 1435 matrimonium
926 1383 1260 1443 consummant,
1290 1386 1374 1434 hoc
1398 1386 1498 1451 ipso
1521 1384 1666 1434 denuo

196 1462 478 1510 consentiunt
502 1463 548 1509 in
572 1464 827 1527 coniugium
852 1463 997 1528 ipsum
1014 1502 1024 1519 ,
1052 1473 1180 1528 prout
1202 1463 1248 1509 in
1266 1462 1429 1509 Christi
1455 1462 1660 1518 ecclesia,

197 1548 331 1603 atque
363 1539 477 1587 inter
506 1539 660 1586 fideles
692 1539 834 1603 viget,
866 1557 955 1605 quo
985 1539 1057 1596 fit,
1084 1550 1134 1587 ut
1157 1539 1269 1586 nihil
1292 1539 1409 1586 desit
1431 1535 1488 1585 ad
1513 1555 1665 1585 verum

198 1625 523 1662 sacramentum
547 1615 928 1672 constituendum,
952 1615 1174 1680 siquidem
1198 1626 1373 1679 optatus
1399 1613 1586 1663 habetur
1608 1614 1665 1661 ad

198 1690 467 1754 coniugium*
481 1707 727 1738 consensus
745 1708 797 1739 ex
814 1708 903 1755 quo
921 1708 1061 1738 novus
1085 1686 1258 1754 exurgit
1281 1707 1401 1737 more
1424 1690 1666 1738 christiano

198 1776 474 1824 contractus;
503 1767 553 1814 fit
575 1784 757 1832 prorsus
786 1767 1111 1815 indissolubilis
1145 1784 1308 1823 nexus,
1340 1763 1666 1831 perfectiusque

198 1841 431 1890 exhibetur
465 1843 794 1891 indissolubilis
829 1843 995 1891 Christi
1030 1861 1129 1891 cum
1162 1842 1351 1891 ecclesia
1384 1842 1658 1898 coniunctio,

200 1927 242 1964 et
275 1918 346 1966 ius
380 1919 624 1984 aequiritur
663 1920 748 1967 hoc
782 1920 880 1984 ipso
909 1919 965 1966 ad
999 1919 1193 1966 actuales
1229 1918 1392 1982 gratias
1426 1918 1664 1983 quibus-‘in

200 2004 424 2058 posterum
458 1996 804 2044 matrimonialia
838 1996 991 2043 munia
1012 2034 1022 2052 ‚
1061 1996 1300 2061 praecipue
1331 2011 1434 2042 vero
1466 2002 1664 2041 mutuam

199 2081 251 2118 ac
286 2073 668 2136 supernaturalem
697 2073 979 2121 dilectionem
996 2111 1006 2130 ,
1033 2090 1122 2137 qua
1156 2088 1204 2119 se
1237 2071 1426 2119 invicem
1453 2070 1663 2135 prosequi

199 2148 374 2210 possint
405 2148 583 2212 explere
621 2148 810 2196 valeant.
849 2149 963 2196 Sane
997 2147 1235 2213 Apostolus
1267 2148 1316 2194 V.
1350 2148 1425 2193 32.
1454 2142 1664 2209 magnum

197 2233 325 2270 vocat
359 2235 684 2271 sacramentum
713 2223 887 2272 illorum
916 2225 1193 2287 coniugium,
1229 2223 1306 2289 qui
1328 2240 1382 2270 ex
1405 2221 1664 2270 infidelitate

199 2298 255 2344 ad
290 2296 514 2346 Christum
548 2299 722 2347 fuerant
749 2299 978 2356 conversi,
1013 2310 1055 2347 et
1088 2299 1267 2364 quidem
1302 2297 1347 2345 in
1379 2314 1483 2346 vera
1517 2314 1665 2346 sacra-

296 2482 361 2522 (16)
382 2483 458 2514 Loc.
480 2482 535 2514 cit.

293 2534 360 2575 (17)
381 2536 432 2567 De
450 2534 569 2576 synod.
591 2535 697 2568 dioec.
714 2535 770 2568 lib.
787 2537 872 2568 VlIl.
890 2545 918 2568 c.
934 2537 1021 2568 xul.

294 2588 360 2628 (18)
381 2589 419 2619 Iu
439 2590 469 2619 4.
485 2589 625 2620 sentent.
643 2588 675 2620 d.
693 2593 742 2621 39.
757 2589 881 2630 quaest.
902 2594 930 2621 1.
947 2589 1009 2621 art.
1026 2592 1056 2620 2.
1070 2587 1110 2620 ad
1128 2594 1156 2620 1.

294 2641 359 2682 (19)
380 2641 474 2673 Circa
490 2641 734 2682 intelligentiam
750 2641 880 2674 adducti
891 2642 999 2674 textus
1008 2641 1197 2673 s.Tliomae.
1211 2641 1261 2672 Cf.
1271 2640 1376 2672 Collet
1388 2641 1434 2671 De
1447 2637 1665 2669 matrimonio

200 2702 270 2734 cap.
289 2694 330 2726 11.
344 2694 422 2726 sect.
438 2695 493 2726 VI.
510 2703 542 2726 n.
560 2699 620 2727 280
633 2703 723 2735 seqq.
747 2694 802 2727 ubi
825 2694 970 2729 excludit
997 2694 1065 2726 tam
1087 2693 1382 2735 interpretationem
1407 2690 1543 2728 Goneti,
1568 2697 1666 2729 quam

200 2745 326 2787 Pontii,
343 2747 423 2788 quin
438 2755 530 2780 suam
545 2747 688 2780 adiiciat.
703 2748 918 2780 verisimilior
929 2747 1151 2789 interpretatio
1167 2746 1306 2786 videtur,
1320 2744 1408 2786 quod
1420 2743 1599 2784 significare
1612 2750 1668 2773 vo·

200 2798 297 2831 luerit
310 2808 336 2831 s.
354 2799 468 2832 doctor
483 2801 670 2842 coniugium
687 2800 867 2834 infidelium
882 2809 951 2835 esse
964 2801 1201 2835 sacramentum
1220 2800 1345 2832 tantum
1361 2797 1394 2829 in
1408 2793 1568 2838 potentia,
1586 2802 1668 2835 quae

200 2850 242 2883 ad
259 2851 367 2885 actum
383 2853 554 2888 reducatur
567 2862 623 2895 per
636 2853 842 2897 baptismum.
