1980 3260
285 235 375 268 cAP.
394 236 453 266 vl.
472 235 523 267 DE
541 235 665 268 MATR.
682 234 858 268 naum.
874 233 958 266 INT.
973 233 1022 266 SE
1038 233 1117 266 vm.
1133 233 1218 265 CUM
1231 232 1352 267 cun.
1370 234 1463 266 Am.
1481 234 1526 266 11.
1591 218 1681 264 235

216 313 354 361 veluti
383 314 508 360 nulla
543 323 619 361 aut
650 313 787 361 veluti
811 312 1013 360 dubiam
1036 312 1404 377 Responsumquc
1437 311 1495 361 ab
1527 311 1681 363 eadem

216 399 284 437 est
299 409 322 434 «
337 389 621 438 matrimonia
638 388 699 436 ibi
719 390 831 437 inter
854 389 1083 436 haereticos
1107 396 1332 436 contracta
1356 388 1562 437 habenda
1583 405 1684 437 esse

215 465 274 513 ab
306 465 498 514 ecclesia
533 474 753 529 tamquam
786 464 1033 513 invalida.»
1070 509 1074 514 .
1190 473 1193 476 ’
1236 473 1238 476 ’

313 541 481 589 Eadem
506 541 737 605 responsio
763 540 822 589 ab
846 540 932 591 hac
955 539 1055 604 ipsa
1077 548 1289 604 congreg„
1303 540 1408 589 data
1428 550 1496 588 est
1516 539 1684 588 vicario

215 617 759 681 generalilparisiensifD.
781 606 1014 672 D'Ast'r'os‚
1043 633 1131 664 non
1154 615 1433 664 obstantibus
1465 615 1682 665 rationum

215 692 475 742 momentis.¹
492 691 549 738 ab
587 708 641 738 eo
672 690 857 755 prolatis
893 708 973 755 pro
1012 691 1160 741 valore
1193 691 1497 755 coniugiorum
1520 729 1530 749 ,
1566 700 1683 756 quae

213 767 547 817 contrahuntur
558 766 616 813 ab
637 763 876 814 haereticis
906 768 1018 814 ἐπιόν
1049 784 1092 814 se
1126 767 1172 814 in
1206 767 1384 824 Galliis,
1412 777 1458 815 et
1479 767 1682 834 quamv-is

212 843 498 892 affirmaverit
529 842 704 890 firmam
738 841 905 892 ibidem
941 843 1207 892 sententiam
1236 842 1492 909 praevalere
1526 843 1585 891 de
1615 860 1685 893 eo:-

211 919 412 976 rumdem
439 918 746 982 coniugiorum
769 917 940 974 valore;
969 918 1105 986 idque
1119 918 1251 1007 seria
1262 919 1334 964 lv.
1352 918 1427 966 die
1452 920 1528 966 26.
1552 918 1677 968 Febr.

210 983 351 1042 1817.
407 1003 411 1043 ζ
880 1016 883 1019 ·
1378 1039 1381 1042 ,

282 1069 450 1135 Atque
472 1069 583 1118 haec
600 1069 864 1119 documenta
886 1068 1088 1119 attulisse
1111 1069 1331 1127 sufficiat,
1351 1087 1474 1134 quae
1498 1069 1682 1119 collecta

211 1156 318 1213 sunt
335 1157 428 1195 tum
440 1163 494 1194 ex
511 1163 662 1209 congr.
674 1153 904 1211 suprema
912 1162 977 1195 ss
1000 1146 1324 1211 inquisitionis,
1342 1157 1437 1195 tum
1455 1164 1507 1195 cx
1525 1163 1676 1210 congr.

208 1222 436 1279 concilii„
460 1231 562 1271 tum'
588 1240 645 1270 vex
668 1232 790 1271 sac(
816 1221 1155 1287 poenitentiaria
1182 1259 1192 1279 ‚
1244 1233 1321 1271 aut
1344 1231 1412 1271 ''ex
1452 1223 1680 1287 responsis

208 1308 484 1347 summorum
498 1298 780 1364 'pontificum4
803 1316 1008 1364 quaeque
1030 1298 1231 1346 unanimi
1257 1299 1550 1347 consensione
1573 1314 1680 1347 con-

206 1373 379 1438 spirant
414 1374 458 1422 in
493 1373 842 1438 pronunciandis
884 1373 1091 1423 invalidis
1133 1374 1353 1437 coniugiis
1393 1374 1683 1423 clandestinis

205 1449 440 1507 omnibus,
459 1491 461 1493 .
480 1467 596 1514 quae
629 1450 849 1500 celebrata
882 1450 1066 1507 suerint,
1095 1464 1171 1498 aut
1199 1449 1476 1498 celebrentur
1506 1450 1602 1499 sive
1625 1449 1682 1497 ab

206 1525 445 1577 haereticis
464 1526 579 1574 inter
591 1544 655 1584 se,
672 1527 768 1575 sive
783 1526 841 1573 ab
859 1526 1214 1574 haereticissscum
1232 1526 1464 1574 catholicis
1481 1526 1683 1574 ubicum-

205 1612 296 1667 que
312 1602 626 1653 ·semel'suerit
651 1601 875 1650 decretum
902 1602 1190 1651 tridentinum
1210 1602 1682 1667 promulgatum.'Nam

206 1678 335 1743 plura
353 1679 442 1730 alia
459 1679 570 1726 mihi
589 1689 764 1743 praesto
782 1690 948 1735 essent,
963 1669 1080 1744 quae
1098 1679 1342 1727 luculenter
1359 1679 1682 1727 evincunt'con—

205 1764 395 1803 stantem
420 1754 536 1802 hanc
560 1754 702 1802 fuisse
725 1765 768 1803 et
789 1767 891 1802 esse
914 1755 1036 1806 sedis
1063 1754 1346 1819 apostolicae
1370 1754 1614 1803 doctrinam
1632 1764 1684 1805 ,et

204 1830 394 1895 praxim,
411 1848 618 1895 quaeque
641 1831 836 1895 proferre
859 1848 1036 1896 possem
1051 1868 1062 1888 ‚
1085 1831 1254 1896 si-opus
1274 1830 1421 1878 adhuc
1444 1842 1563 1879 esset
1580 1839 1683 1894 post

204 1923 392 1971 eaquae
409 1906 627 1956 hactenus
657 1906 839 1958 adduxi.
863 1907 945 1954 His
969 1906 1139 1954 addunt
1162 1907 1493 1970 impugnatores
1516 1905 1680 1955 valoris

204 1982 436 2035 eiusmodi·
462 1983 796 2047 coniugiorum,
834 1994 1068 2047 numquam
1101 1982 1334 2031 ecclesiam
1368 1972 1438 2031 vel
1471 1982 1602 2030 unico
1635 1981 1681 2028 in

203 2068 314 2110 casffu
354 2070 501 2107 ratum
545 2059 772 2110 habuisse
795 2060 1050 2124 coniugium
1073 2097 1083 2117 ‚
1122 2060 1242 2125 q'uod
1275 2060 1332 2108 ab
1366 2058 1614 2109 haereticis¹
1634 2058 1680 2105 in

203 2134 315 2186 locis
340 2135 386 2182 in
411 2135 577 2200 quibus
613 2136 887 2200 publicatum
920 2145 990 2184 est
1015 2136 1240 2184 decretum
1262 2135 1579 2193 tridentinum,
1609 2152 1679 2182 ce-r

205 2211 423 2281 lebratum
449 2212 602 2270 fuerit,
630 2213 768 2262 multo
792 2231 895 2262 vero
918 2214 1070 2262 minus
1092 2213 1353 2277 coniugium.
1370 2212 1572 2262 mixtum.

282 2532 284 2534 ’
341 2526 613 2579 Argumentorum'
634 2534 719 2567 quae
737 2535 795 2577 pro
816 2526 952 2568 utraque
972 2525 1132 2568 sententia
1149 2525 1249 2558 auata
1269 2527 1346 2558 sunt
1365 2525 1522 2568 epicrisis

204 2690 209 2696 ·
234 2703 236 2714 =
271 2715 276 2718 .
296 2674 362 2720 Eo
384 2677 580 2738 'quoap'ar
601 2684 670 2722 est
693 2675 830 2722 animi
856 2674 1046 2722 candOre
1070 2678 1346 2738 argumenta,
1369 2678 1483 2738 quae
1508 2690 1534 2719 a
1558 2672 1676 2720 theo-

199 2749 312 2813 logis
335 2754 387 2798 a'c
411 2750 520 2798 iuris
545 2751 746 2814 canonici
782 2751 938 2817 peritis
962 2751 1018 2799 ad
1043 2749 1414 2817 propugnandum
1450 2749 1676 2814 proprium

198 2824 408 2889 placitum
442 2827 589 2890 urgeri
623 2838 977 2885 consueverunt,
1017 2827 1279 2883 attulimus;
1318 2842 1436 2873 nunc
1479 2842 1584 2873 vcro
1623 2842 1675 2873 ea
