1980 3260
364 214 419 258 58
675 224 752 255 un.
782 223 826 254 11.
855 222 967 254 secr.
998 223 1026 252 1.
1056 221 1106 251 ni:
1140 221 1303 253 rornsr.
1331 222 1496 256 nectas.

361 303 529 350 eundae
563 300 790 356 mulieris,
824 299 968 364 priore
1001 297 1258 361 superstite,
1298 314 1379 345 nec
1411 299 1599 348 divortio
1632 302 1770 350 eiecta
1791 340 1801 359 ,

361 379 479 426 nullo
509 387 635 442 pacto
664 393 762 422 esse
795 375 1035 438 legitimum
1058 375 1207 435 (65).»

453 453 506 499 Et
540 452 648 499 haec
680 451 858 516 quidem
891 467 943 497 ex
977 459 1163 513 quatuor
1206 449 1430 513 prioribus
1472 449 1632 498 seculis
1671 452 1807 501 docu-

358 539 502 575 menta
540 528 585 573 in
627 544 717 573 rem
759 535 951 573 nostram
991 525 1193 572 attulisse
1229 525 1436 572 sufficiat.
1477 525 1600 581 Quae
1631 527 1748 574 enim
1780 546 1807 576 a

355 603 576 651 nonnullis
626 611 845 666 praeterea
889 600 1150 647 exhibentur
1192 617 1275 647 non
1322 601 1429 648 satis
1476 601 1628 650 firmae
1660 613 1808 652 aucto—

359 679 499 726 ritatis
533 678 660 725 nobis
693 694 792 724 esse
823 677 1028 724 videntur
1049 679 1164 739 (66).

452 754 781 817 Progredientes
816 753 871 800 ad
907 763 1094 817 quatuor
1137 753 1416 817 insequentia
1455 754 1605 801 secula
1642 756 1808 819 reperi-

357 848 470 893 mus¹
492 830 722 877 ecclesiam
746 830 792 875 in
818 829 927 876 iuris
953 829 1022 876 sui
1047 829 1330 893 possessione
1364 839 1635 877 constantem
1659 831 1704 876 in
1727 831 1810 878 im-

357 906 621 971 pedimentis
658 905 925 953 sanciendis.
948 906 1012 951 lta
1037 922 1075 952 s.
1098 905 1388 969 Symmachus
1412 923 1530 969 papa
1553 905 1598 951 in
1623 906 1811 970 epistola

357 982 412 1029 ad
437 981 611 1029 Caesar.
642 999 681 1028 c.
704 983 771 1027 IV.
793 981 870 1028 ubi
894 981 949 1028 de
972 981 1219 1046 raptoribus
1243 981 1304 1027 ita
1328 981 1583 1028 constituit:
1611 1001 1634 1026 «
1649 983 1810 1046 Rapto-

354 1075 426 1105 res
460 1058 593 1121 igitur
624 1058 854 1105 viduarum
874 1096 883 1114 ,
921 1057 988 1104 vel
1027 1057 1247 1120 virginum
1283 1074 1362 1121 pro
1396 1057 1668 1104 immanitate
1700 1057 1809 1105 tanti

358 1133 567 1182 facinoris
600 1135 890 1190 detestamur,
919 1134 1019 1180 illos
1042 1132 1345 1179 vehementius
1371 1133 1677 1196 persequendo
1694 1170 1704 1189 ‚
1731 1132 1808 1197 qui

358 1220 553 1257 sacratas
579 1210 791 1273 virgines,
813 1210 881 1258 vel
898 1209 1116 1265 volentes,
1137 1208 1206 1256 vel
1224 1209 1404 1264 invitas,
1426 1207 1706 1256 matrimonio
1729 1224 1811 1257 suo

357 1285 526 1333 sociare
554 1286 837 1332 tentaverint:
871 1301 981 1349 quos
1016 1301 1094 1347 pro
1128 1296 1216 1330 tam
1250 1283 1429 1334 nefandi
1462 1283 1661 1330 criminis
1695 1293 1811 1332 atro-

355 1360 485 1408 citate
517 1378 544 1407 a
577 1361 881 1407 communione
917 1359 1128 1424 suspendi
1157 1359 1454 1423 praecipimus
1479 1360 1628 1421 (67).»
1649 1359 1808 1407 Conci-

355 1434 461 1481 lium
495 1446 728 1482 turonense
753 1436 808 1481 11.
828 1452 925 1482 can.
946 1436 1038 1480 XX.
1061 1434 1117 1481 de
1143 1434 1226 1491 iis,
1260 1434 1337 1498 qui
1372 1443 1472 1498 post
1505 1445 1807 1483 consecratam

352 1510 443 1557 Deo
476 1510 723 1558 castitatem
757 1510 1085 1557 matrimonium
1113 1520 1324 1557 attentare
1349 1510 1726 1574 praesumpserint
1749 1511 1811 1559 ita

355 1586 547 1635 decrevit
563 1606 579 1634 :—
605 1588 890 1634 «Perimendi
930 1596 1033 1634 sunt
1067 1586 1155 1634 oris
1189 1586 1336 1649 gladio
1369 1596 1412 1633 et
1445 1603 1471 1632 a
1504 1587 1811 1635 communione

354 1662 586 1725 privandi,
621 1663 660 1710 si
687 1663 839 1710 relicta
873 1662 961 1710 sihi
996 1663 1171 1709 decreta
1204 1662 1428 1709 seniorum
1464 1662 1698 1710 observare
1730 1680 1810 1711 no-

354 1737 544 1795 luerint,
583 1749 625 1786 et
666 1748 886 1804 pastorem
922 1756 1051 1786 suum
1086 1738 1241 1785 audire
1279 1738 1559 1802 despexerint
1581 1776 1591 1795 ,
1635 1748 1678 1786 et
1709 1755 1811 1787 esse

354 1813 543 1876 separati
576 1813 811 1861 noluerint.
841 1815 926 1870 Qui
951 1831 1054 1877 ergo
1087 1814 1133 1859 in
1167 1813 1251 1859 hac
1283 1813 1525 1876 pertinacia
1551 1813 1712 1861 durare
1733 1831 1810 1862 vo·-

355 1887 535 1946 luerint,
563 1900 604 1936 et
628 1890 728 1953 plus
753 1890 797 1935 in
821 1890 1050 1937 volutabro
1083 1888 1226 1935 malae
1259 1889 1606 1936 conversationis
1639 1906 1811 1954 perma-

355 1979 457 2032 nere
469 2002 479 2020 ,
507 1982 639 2027 quam
658 1983 705 2012 se
723 1967 779 2012 de
795 1965 928 2013 vetito
946 1965 1151 2028 coniugio
1175 1981 1380 2029 separare
1393 2003 1402 2021 ‚
1431 1964 1614 2028 perenni
1636 1981 1809 2012 excom-

419 2063 422 2065 *
453 2081 518 2121 (65)
540 2081 631 2122 Apud
646 2083 801 2114 coustant
812 2083 874 2115 col.
889 2088 959 2115 910.

449 2133 513 2174 (66)
535 2133 659 2165 Etenim
674 2130 782 2166 afferri
798 2139 1032 2167 consueverunt
1044 2135 1127 2166 inter
1141 2135 1246 2167 cetera
1259 2133 1394 2175 epistola
1408 2142 1435 2166 s.
1446 2132 1573 2165 callisti
1587 2132 1627 2165 ad
1637 2132 1811 2174 goissenum

353 2186 517 2228 episcopos
541 2186 633 2226 data,
656 2195 715 2218 nec
734 2195 796 2218 non
818 2187 952 2228 epistola
970 2196 999 2219 s.
1017 2187 1089 2219 Iulii
1107 2189 1133 2220 Ι.
1148 2187 1268 2228 quibus
1282 2182 1546 2227 impedimentum
1561 2185 1717 2219 statuitur
1734 2194 1810 2220 eon·

350 2238 606 2280 sanguineitatis,
631 2240 668 2270 -at
693 2239 815 2270 certum
840 2242 887 2271 est
909 2240 967 2271 has
993 2239 1145 2280 epistolas
1170 2239 1295 2281 spurias
1311 2247 1397 2278 esse,
1414 2247 1452 2270 ac
1469 2237 1676 2279 depromptas
1689 2245 1731 2269 ex
1743 2237 1809 2270 eoi·

355 2289 490 2322 lectione
502 2290 687 2322 isidoriana.
704 2290 754 2322 Cf.
771 2291 901 2323 Berardi
915 2291 948 2322 in
963 2300 1018 2332 opz
1036 2293 1198 2323 Gratiani
1214 2299 1361 2324 canones
1376 2289 1421 2322 ab
1437 2288 1640 2331 apocryphis
1656 2287 1808 2322 discreti.

354 2342 487 2375 Taurini
503 2346 592 2376 1754.
607 2343 686 2375 terni
704 2344 730 2374 1.
745 2345 828 2383 part.
844 2344 886 2374 11.
901 2352 973 2384 pag.
1002 2349 1058 2377 106
1082 2353 1172 2385 seqq.
1187 2344 1265 2377 item
1286 2352 1358 2384 pag.
1380 2348 1436 2376 188
1455 2350 1546 2383 seqq.
1568 2341 1622 2374 Sic
1638 2341 1737 2374 etiam
1755 2341 1811 2374 nd-

354 2394 428 2426 duci
444 2395 526 2426 solet
540 2395 714 2426 auctoritas
733 2404 759 2427 s.
775 2395 891 2427 Leonis
911 2397 954 2427 M.
972 2396 1171 2428 decernentis
1194 2396 1459 2437 impedimentum
1473 2393 1630 2426 criminis.
1646 2396 1767 2426 Verum
1779 2395 1813 2427 et

355 2446 415 2478 hoc
429 2447 656 2479 documentum
675 2448 893 2488 apocryphum
909 2449 973 2486 est,
989 2457 1026 2479 ac
1042 2448 1245 2489 desumptum
1261 2457 1281 2480 a
1294 2448 1448 2481 Gratiano
1461 2455 1500 2478 ex
1515 2454 1606 2478 conc.
1622 2446 1808 2480 triburiensi

355 2498 387 2530 in
408 2500 578 2532 Germania
603 2499 773 2532 celebrato.
795 2502 904 2541 Neque
924 2501 1124 2533 admittimus
1143 2502 1242 2534 verba
1257 2509 1284 2534 s.
1301 2500 1469 2541 Augustini
1489 2499 1661 2540 desumpta
1679 2508 1719 2532 ex
1740 2500 1810 2533 eius

354 2549 411 2582 lib.
427 2552 452 2582 1.
468 2553 518 2583 De
529 2553 630 2593 nupt.
645 2553 680 2583 et
693 2554 970 2593 concupiscentia
983 2561 1052 2593 cap.
1069 2556 1107 2585 X
1123 2553 1257 2594 legenda
1281 2560 1351 2585 esee
1374 2559 1450 2584 cum
1472 2551 1631 2593 particula
1653 2552 1807 2593 περιιὼ-

355 2603 507 2635 amm-tuo
522 2602 614 2643 viro,
630 2611 704 2635 cum
722 2612 788 2644 quo
808 2612 920 2636 verum
935 2604 1131 2637 connubium
1146 2605 1225 2645 ruit,
1248 2604 1317 2638 fieri
1339 2611 1455 2637 verum
1475 2603 1671 2636 connubium
1685 2604 1808 2645 (m)

353 2653 456 2693 potest
479 2663 553 2686 cum
575 2663 642 2695 quo
662 2655 752 2696 prius
774 2655 969 2688 adulterium
993 2656 1085 2697 fuit,›·
1100 2658 1138 2689 ut
1154 2658 1290 2698 paietex
1307 2663 1405 2697 scopo
1425 2663 1453 2688 s.
1464 2656 1631 2697 hectoris,
1649 2661 1695 2688 ac
1704 2656 1809 2698 γάρ..

355 2704 496 2738 sinebar:
510 2707 668 2748 particula
681 2707 792 2749 legunt
806 2707 947 2740 editores
961 2709 1110 2741 Mani-ini.

445 2756 510 2799 (67)
531 2760 567 2791 ln
591 2759 728 2792 collect.
747 2762 903 2793 maxima
925 2769 1018 2793 conc.
1042 2763 1161 2794 Veneta
1173 2763 1251 2794 tom.
1269 2763 1358 2794 vul.
1372 2761 1441 2794 mccl
1465 2765 1534 2794 212.
1558 2761 1681 2794 Floruit
1704 2759 1802 2802 porro

352 2812 562 2851 Symmachus
575 2812 615 2844 ab
628 2822 680 2845 an.
694 2817 763 2846 501.
778 2813 819 2845 ad
835 2822 886 2846 an.
906 2817 975 2846 511.
