1980 3260
314 268 405 299 cap.
424 267 481 298 iv.
500 266 551 298 ni:
571 264 686 297 secr.
704 262 843 296 roms.
860 262 1009 296 simu.
1027 262 1152 295 nnn.
1171 262 1214 295 ιΝ
1233 263 1328 295 ιω).
1347 263 1440 296 Aur.
1456 263 1486 296 ι.
1550 248 1640 294 163

161 346 365 394 m'ssimae
402 345 587 392 fruatur.
619 343 705 391 Sed
729 341 786 390 de
809 341 882 389 his
916 341 1164 390 sanationis
1193 341 1425 391 effectibus
1458 342 1641 390 uberius

161 425 207 471 in
237 422 423 472 articulo
455 422 582 470 tertio
606 420 899 468 disseremus.

723 595 1002 633 ARTICULUS
1029 596 1076 631 11.

261 740 439 779 Romano
465 734 644 774 Pontifici
672 733 893 774 vindicatur
916 740 1083 785 potestas
1102 737 1267 775 sanandi
1294 738 1540 776 matrimonia

794 801 833 837 in
862 799 1003 839 radice.

254 944 468 1010 Exposita
486 953 645 991 natura
664 942 911 991 sanationis
938 941 985 989 in
1010 941 1160 990 radice
1183 943 1453 992 matrimonii
1477 945 1523 990 in
1551 961 1641 1009 qua

158 1020 312 1086 aliqua
343 1020 488 1068 inerat
530 1017 794 1075 difficultas,
832 1018 922 1066 iam
955 1035 1194 1083 operosum
1238 1036 1326 1067 non
1363 1019 1447 1066 erit
1492 1029 1641 1067 osten-

156 1097 264 1146 dere
295 1097 413 1145 hanc
446 1095 637 1145 sanandi
672 1095 880 1159 coniugia
914 1095 1166 1143 facultatem
1203 1112 1312 1144 rom.
1353 1095 1638 1161 pontificibus

156 1191 258 1223 esse
280 1173 576 1222 tribuendam.
606 1172 657 1219 Id
673 1189 777 1220 vero
793 1171 1071 1219 ostendimus
1096 1182 1188 1219 tum
1211 1189 1265 1220 ex
1286 1188 1375 1220 usu
1398 1171 1634 1228 ecclesiae,

159 1261 254 1300 tum
288 1268 343 1299 ex
373 1250 631 1298 auctoritate
660 1248 988 1312 theologorum,
1017 1258 1110 1296 tum
1142 1266 1196 1296 ex
1231 1249 1331 1314 ipso
1359 1249 1479 1307 iure,
1499 1258 1640 1314 'atque

158 1327 270 1376 adeo
305 1344 358 1374 ex
393 1327 457 1374 rei
492 1337 665 1375 natura.
1275 1334 1278 1336 ’

256 1403 385 1460 Quod
429 1403 575 1470 primo
608 1401 764 1451 attinet
806 1402 864 1450 ad
908 1420 1040 1450 usum
1073 1413 1349 1451 constantem
1393 1403 1634 1459 ecclesiae,

158 1481 257 1529 eius
293 1480 358 1528 rei
392 1480 582 1545 vestigia
604 1480 694 1528 iam
728 1478 1108 1544 deprehendimus
1145 1478 1191 1525 in
1226 1479 1417 1528 concilio
1448 1479 1642 1527 aurelia-

161 1557 290 1606 nensi
321 1558 399 1604 111.
435 1557 554 1623 quod
583 1556 852 1605 celebratum
879 1566 948 1604 est
980 1573 1054 1603 an.
1085 1558 1195 1613 538,
1224 1556 1270 1603 in
1300 1573 1416 1621 qu0,
1454 1564 1503 1604 ut
1524 1556 1640 1604 vidi-

158 1651 259 1682 mus
277 1672 288 1692 ,
326 1644 540 1682 statutum
574 1633 719 1681 fuerat
746 1643 795 1680 ut
819 1632 975 1681 fideles
994 1671 1004 1689 ‚
1043 1633 1120 1697 qui
1145 1650 1198 1680 ex
1222 1631 1471 1696 ignorantia
1504 1648 1640 1680 cano-

160 1728 267 1758 num
292 1727 394 1758 cum
428 1709 748 1775 impedimento
777 1709 1037 1766 affinitatis,
1076 1709 1209 1757 etiam
1244 1709 1289 1755 in
1320 1709 1463 1774 primo
1495 1709 1639 1772 >gradu

160 1787 208 1833 in
232 1786 352 1834 linea
375 1795 494 1834 recta
518 1785 692 1833 irritum
716 1802 769 1833 ac
794 1785 964 1833 nullum
990 1785 1182 1833 inierant
1205 1785 1461 1848 coniugium
1477 1823 1487 1841 ‚
1516 1786 1563 1831 in
1587 1802 1640 1833 eo

157 1878 443 1926 perseverare
486 1870 702 1926 possent,
741 1871 876 1925 atque
917 1861 1018 1908 ideo
1052 1861 1309 1924 coniugium
1349 1871 1399 1907 ut
1441 1860 1639 1908 validum

156 1937 398 1986 haberetur
438 1940 523 2001 (7).
573 1937 691 1994 Quid
723 1955 854 2002 porro
889 1937 973 1984 hoc
1007 1936 1129 1984 aliud
1172 1947 1268 1994 est,
1306 1954 1440 2002 quam
1479 1954 1639 1985 sanare

156 2014 412 2078 coniugium
446 2014 493 2061 in
530 2013 722 2062 radice?
765 2015 873 2061 Nam
909 2031 987 2079 per
1020 2023 1186 2061 statuta
1220 2024 1394 2078 patrum
1417 2052 1427 2071 ‚
1471 2025 1520 2061 ut
1554 2014 1639 2060 ibi-

156 2091 259 2139 dem
295 2090 459 2139 dicitur
480 2129 490 2148 ,
534 2090 786 2156 prohibitae
820 2091 955 2138 immo
993 2108 1097 2139 vero
1137 2090 1288 2138 irritae
1320 2090 1452 2138 etiam
1491 2090 1640 2138 decla—

157 2179 281 2218 ratae
314 2168 489 2216 fuerant
532 2167 754 2216 eiusmodi
791 2167 1000 2233 nuptiae,
1038 2178 1190 2234 utpote
1221 2168 1414 2217 incestae
1453 2170 1641 2216 coniun-

157 2246 355 2302 ctiones3
378 2254 546 2292 certum
574 2254 723 2292 autem
754 2255 822 2292 est
855 2261 908 2291 ex
937 2243 1033 2292 iure
1056 2245 1270 2293 canonico
1291 2283 1301 2302 ,
1341 2245 1637 2309 ignorantiam

158 2320 466 2386 impedimenti
495 2319 748 2368 dirimentis
777 2319 897 2367 haud
923 2320 1190 2384 suffragari,
1229 2321 1290 2368 ita
1324 2332 1373 2369 ut
1394 2339 1474 2387 per
1506 2339 1603 2369 eam
1623 2360 1632 2378 ,

159 2398 365 2463 quamvis
392 2395 697 2445 invincibilem
716 2435 726 2454 ‚
769 2396 1026 2445 inhabilitas
1061 2414 1148 2446 non
1180 2397 1359 2446 tollatur
1391 2398 1449 2446 ad
1483 2397 1637 2446 coniu-

159 2474 283 2538 gium
313 2474 463 2523 valide
497 2475 774 2531 ineundum;
813 2484 1006 2523 attamen
1041 2475 1276 2524 concilium
1302 2475 1378 2523 illa
1411 2475 1637 2523 matrimo-

159 2551 235 2599 nia
269 2550 532 2616 simpliciter
566 2568 646 2616 pro
680 2550 841 2600 validis
866 2552 953 2600 iam
989 2551 1195 2600 habenda
1228 2552 1497 2608 declaravit,
1536 2551 1636 2598 nul-

157 2626 247 2675 lam
285 2644 534 2675 consensus
575 2627 817 2676 renovandi
862 2628 1130 2677 mentionem
1171 2628 1372 2685 faciens3
1422 2645 1502 2675 seu
1547 2644 1634 2675 non

158 2705 270 2753 dixit
303 2705 412 2754 tales
446 2706 535 2754 iam
572 2723 708 2771 posse
742 2706 1023 2755 matrimonio
1058 2706 1216 2771 iungi,
1255 2706 1323 2754 vel
1359 2705 1480 2753 aliud
1515 2705 1636 2753 eius-

248 2830 294 2873 (7)
316 2831 368 2864 Cf.
377 2830 465 2873 apud
477 2831 686 2865 Sin-mondum
705 2831 861 2864 concilia
871 2833 1018 2874 antiqua
1039 2831 1174 2866 Galliae
1194 2833 1289 2865 Lutet
1304 2831 1395 2863 Paris
1411 2832 1630 2864 1629.tom.1.

155 2889 232 2922 pag.
256 2885 328 2916 247.
347 2891 419 2916 can.
436 2885 476 2916 Χ.

1512 2937 1535 2963 ψ
