1980 3260
246 245 336 277 CAP.
355 245 413 277 Vl.
430 246 481 276 DE
501 244 625 277 MATR.
642 244 819 276 EAERET.
837 243 922 276 INT.
940 243 987 275 SE
1006 243 1084 275 VEL
1101 243 1185 276 CUM
1199 243 1321 275 cun.
1339 243 1432 276 ΛΒΤ.
1450 244 1491 275 V.
1560 223 1653 274 28⁷

179 333 255 370 aut
286 323 495 371 haeretici
530 323 646 371 inter
679 339 728 370 se
749 360 760 379 ‚
799 332 875 370 aut
908 338 1009 369 cum
1051 321 1282 370 catholicis
1316 322 1394 369 ubi
1429 321 1651 371 decretum

179 400 467 447 tridentinum
507 400 779 465 publicatum
808 410 877 447 est
899 409 942 447 et
966 409 1187 447 servatum
1214 416 1239 446 a
1263 398 1495 447 catholicis
1514 437 1524 455 ‚
1552 398 1657 447 licet

178 494 231 524 ex
270 486 397 540 parte
438 476 662 523 haeretica
703 476 749 521 in
785 476 948 541 templo
982 492 1072 540 quo
1105 475 1192 540 ipsi
1227 474 1519 523 communiter
1553 492 1654 523 cum

177 552 386 600 catholici
420 562 625 608 utuntur,
654 551 764 598 illud
788 552 1012 599 decretum
1043 569 1131 599 non
1155 552 1286 598 suerit
1308 550 1649 616 promulgatum.

177 629 295 676 Satis
331 628 450 676 enim
485 638 553 674 est
587 627 631 673 in
667 627 823 675 eodem
860 627 1024 692 templo
1053 628 1195 675 fuisse
1228 638 1272 675 et
1304 626 1579 691 publicatum
1614 637 1658 674 et

177 703 403 752 observari
439 719 466 749 a
499 703 765 759 catholicis,
803 714 853 750 ut
885 703 1097 750 haeretici
1133 721 1312 769 quoque
1346 703 1402 750 ad
1435 720 1534 750 eam
1570 702 1658 750 sor-

177 796 297 826 mam
317 777 582 826 servandam
608 788 855 825 teneantur.
879 779 1094 842 Superius
1119 779 1325 826 dedimus
1344 778 1658 826 resolutionem

177 871 270 902 sac.
293 870 501 917 congreg.
525 852 702 901 concilii
731 871 806 900 an.
833 854 975 900 1742.
1005 854 1062 900 de
1091 853 1292 900 nullitate
1320 853 1516 917 coniugii
1544 854 1659 902 inter

177 930 452 979 haereticum
482 940 525 978 et
555 929 819 977 catholicam
848 929 1057 977 celebrati
1076 930 1270 986 Ulmiae‚
1299 930 1344 976 in
1368 947 1458 995 qua
1482 930 1659 977 civitate

177 1006 359 1054 nonnisi
394 1023 486 1053 una
521 1015 754 1070 supererat
786 1004 995 1070 paroecia
1026 1004 1247 1053 catholica
1275 1005 1321 1051 in
1356 1023 1445 1070 qua
1479 1004 1657 1053 concilii

178 1080 407 1130 tridentini
426 1081 652 1129 decretum
675 1079 1001 1146 promulgatum
1020 1080 1161 1128 fuerat
1178 1092 1221 1128 et
1240 1080 1524 1138 servabatur,
1553 1080 1659 1128 dum

178 1157 344 1223 templa
378 1156 551 1222 reliqua
584 1156 808 1222 quondam
845 1155 1164 1204 catholicorum
1188 1156 1245 1204 ab
1275 1156 1511 1204 haereticis
1536 1173 1662 1204 occu-

179 1233 423 1299 pabantur;
458 1243 650 1281 attamen
680 1232 803 1280 nulla
826 1232 1011 1281 istorum
1034 1234 1146 1281 ratio
1170 1233 1325 1281 habita
1350 1243 1445 1291 est,
1475 1233 1661 1281 haereti-

178 1326 346 1374 cosque
364 1309 456 1357 illic
473 1309 683 1373 degentes
702 1308 863 1357 subiici
883 1308 970 1372 legi
990 1309 1256 1358 tridentinae
1274 1309 1547 1358 declaratum
1572 1320 1655 1358 est.

178 1384 336 1449 Itaque
361 1384 498 1432 multo
521 1385 665 1448 magis
690 1384 815 1432 irrita
838 1401 890 1432 ac
913 1384 1037 1432 nulla
1059 1385 1286 1433 censenda
1317 1395 1422 1433 sunt
1453 1386 1660 1449 coniugia

179 1459 258 1508 illa
280 1460 326 1507 in
350 1460 517 1525 templo
540 1460 760 1509 celebrata
789 1461 835 1507 in
863 1478 952 1526 quo
985 1461 1204 1510 eiusmodi
1241 1462 1465 1510 decretum
1491 1472 1534 1510 et
1556 1479 1661 1527 pro-

178 1536 426 1601 mulgatum
450 1555 476 1585 a
500 1537 732 1586 catholicis
766 1548 810 1585 et
845 1548 1068 1586 servatum
1105 1530 1189 1586 est.

276 1612 343 1660 Ad
372 1624 684 1677 argumentum
707 1631 812 1662 vero
837 1613 1022 1679 petitum
1042 1630 1096 1661 ex
1112 1631 1165 1662 eo
1188 1615 1308 1679 quod
1333 1614 1539 1662 minister
1561 1631 1661 1680 pro-

180 1690 304 1754 priae
347 1700 494 1738 sectae
538 1707 672 1738 verus
719 1700 898 1755 putetur
930 1701 1112 1756 pastor,
1153 1691 1236 1739 etsi
1272 1691 1420 1756 reipsa
1453 1708 1541 1739 non
1576 1691 1656 1748 sit,

179 1764 326 1813 facilis
358 1775 427 1813 est
458 1766 725 1830 responsi03
765 1766 975 1814 nimirum
1010 1766 1306 1830 ignorantiam
1350 1766 1530 1832 quidem
1567 1766 1662 1815 suf-

180 1841 344 1905 fragari
380 1858 481 1889 cum
517 1859 569 1889 ea
604 1852 673 1889 est
706 1841 756 1889 de
789 1843 931 1907 sacto,
966 1859 1053 1890 non
1087 1853 1234 1890 autem
1260 1842 1337 1890 ubi
1364 1854 1432 1891 est
1458 1843 1509 1890 de
1539 1844 1655 1897 iure,

180 1928 230 1966 ut
263 1917 309 1965 in
345 1935 454 1966 casu
490 1935 580 1983 quo
609 1918 666 1966 de
698 1919 861 1982 agitur.

279 1994 398 2051 Quid
428 2011 560 2060 porro
584 1994 851 2052 dicendum,
880 1995 918 2042 si
944 2012 970 2042 a
993 1994 1224 2043 catholicis
1255 2006 1332 2043 aut
1359 1995 1417 2042 ab
1444 1993 1661 2043 acatholi-

182 2070 249 2118 cis
281 2070 547 2135 praebeatur
579 2087 827 2118 consensus
871 2088 1020 2118 coram
1054 2070 1249 2135 parocho
1278 2110 1288 2128 ‚
1334 2070 1409 2137 qui
1452 2069 1660 2136 publicus

182 2145 433 2195 haereticus
469 2146 653 2194 effectus
694 2148 754 2194 sit
771 2146 795 2193 5³
827 2147 873 2193 Si
915 2147 960 2194 in
998 2165 1052 2195 ea
1086 2148 1291 2212 paroecia
1335 2147 1659 2214 promulgatum

182 2233 250 2271 est
281 2223 506 2271 decretum
542 2223 831 2270 tridentinum
851 2261 862 2280 ‚
901 2223 1011 2271 citra
1038 2224 1223 2272 dubium
1257 2223 1428 2272 irritum
1463 2234 1532 2272 est
1565 2241 1660 2271 ma-

185 2299 439 2347 trimonium
465 2316 611 2347 coram
638 2300 860 2348 eiusmodi
885 2301 1081 2365 parocho
1108 2301 1377 2349 celebratum
1393 2341 1403 2359 ,
1431 2311 1563 2367 prout
1585 2300 1662 2348 de-

184 2374 400 2423 claratum
433 2386 502 2423 est
526 2393 553 2423 a
577 2393 669 2424 sac.
693 2377 1037 2441 congregatione
1065 2377 1240 2426 concilii
1265 2380 1415 2441 (195);
1439 2377 1661 2443 siquidem

184 2451 408 2515 parochus
433 2451 643 2517 publicus
673 2453 922 2502 haereticus
950 2454 1118 2502 desinit
1141 2471 1242 2502 esse
1270 2454 1522 2519 parochus,
1560 2470 1659 2501 cum

185 2527 245 2574 sit
284 2528 383 2592 ipso
421 2528 516 2576 iure
559 2530 758 2594 privatus
803 2530 1020 2578 beneficio
1065 2531 1335 2596 parochiali,
1381 2548 1433 2577 ex
1480 2529 1655 2577 constit.

184 2603 364 2652 Noverit
379 2605 547 2653 Nicolai
575 2607 650 2652 ΙΙΙ.
680 2608 829 2669 (196),
853 2624 905 2655 ac
929 2618 1159 2673 propterea
1184 2625 1273 2655 non
1298 2617 1498 2656 servatur
1521 2606 1659 2653 forma

283 2764 369 2805 (195)
390 2766 484 2807 Apud
502 2768 646 2808 Fugnan.
665 2767 723 2800 lib.
736 2770 776 2800 V.
793 2767 964 2802 Decretal.
979 2768 1022 2801 ad
1039 2777 1109 2810 cap.
1128 2768 1181 2801 Ad
1204 2767 1411 2801 abolendum
1433 2765 1477 2798 de
1496 2766 1660 2799 haeretic.

190 2823 223 2850 n.
243 2819 293 2850 37.
318 2819 351 2850 et
373 2822 423 2852 38.

284 2870 368 2913 (196)
390 2873 486 2905 Bull.
505 2874 555 2905 ed.
576 2876 669 2907 Rom.
693 2876 780 2907 1741.
800 2877 877 2909 tom.
896 2876 969 2909 tert.
988 2877 1071 2917 part.
1088 2878 1127 2908 11,
1144 2885 1214 2917 pag.
1237 2881 1286 2909 26.
1302 2875 1364 2907 col.
1384 2879 1413 2906 2.
1430 2872 1459 2914 ξ.
1480 2877 1528 2906 1³.
