1980 3260
257 233 347 278 308
580 244 661 275 Lm.
691 243 736 274 11.
766 242 880 274 secr.
910 243 939 273 1.
970 242 1021 273 DE
1048 239 1216 272 rorns‘r.
1245 239 1412 273 nectas..

256 341 354 371 cum
380 339 466 369 non
491 321 728 368 intervenit
745 330 1068 368 sacramentum
1083 318 1204 366 Deus
1228 317 1438 382 supplere
1461 321 1614 381 gratiis
1636 324 1736 370 suis

257 397 505 446 actualibus
541 396 757 444 dicendus
783 396 842 443 sit
865 395 922 442 ad
954 395 1066 442 hacc
1101 394 1254 442 omnia
1282 394 1366 440 rite
1394 393 1638 459 explenda,
1674 407 1737 445 at-

256 487 402 521 tamen
431 490 561 520 nemo
597 471 823 536 negaverit
854 471 927 519 via
961 470 1188 518 ordinaria
1214 470 1259 516 in
1287 469 1536 533 coniugatis
1572 471 1738 534 gratias

256 550 354 597 illas
390 548 583 596 actuales
618 566 671 595 ex
708 549 851 612 gratia
886 546 1199 595 sacramentali
1244 546 1465 611 profluere
1481 583 1501 603 ‚.
1533 563 1650 610 quae
1682 546 1741 594 ad

257 628 380 691 ipsas
408 625 478 673 ius
508 624 676 672 tribuit.
705 624 934 671 Absonum
959 641 1090 688 porro
1113 623 1310 680 videtur,
1338 639 1415 671 eos
1439 622 1518 688 qui
1541 621 1739 686 legitime
1767 648 1771 650 >

257 700 525 760 contrahunt
561 718 640 766 per
671 700 1054 765 dispensationem
1090 699 1335 757 ecclesiae,
1374 716 1428 746 ex
1462 716 1552 764 qua
1588 698 1743 764 dispa-

258 776 401 823 ritatis
437 775 582 823 cultus
618 775 985 840 impedimentum
1018 775 1307 824 constitutum
1347 784 1449 832 est,
1495 784 1585 823 toto
1622 774 1742 823 vitae

257 870 366 901 suae
396 863 593 917 tempore
627 852 770 915 gratia
804 852 916 899 adeo
946 862 1195 917 opportuna
1229 851 1430 899 destitui.

355 928 483 984 Quod
529 927 710 993 quidem
749 927 1039 976 confirmatur
1083 945 1137 975 ex
1180 927 1506 992 primitivorum
1540 926 1742 975 fidelium

256 1004 539 1061 conditione3
569 1021 672 1050 nam
698 1013 900 1068 spectata
930 1002 1128 1050 fidelium
1153 1002 1400 1067 paucitate,
1434 1002 1512 1068 qui
1536 1002 1654 1050 inter
1674 1002 1744 1050 in-

257 1080 413 1143 fideles
441 1080 850 1137 commorabantur,
891 1079 1197 1145 spectatisque
1227 1089 1463 1142 parentum
1497 1096 1553 1126 ac
1580 1079 1643 1126 rei
1678 1079 1745 1127 fa-

256 1157 445 1204 miliaris
469 1156 885 1221 complicationibus
905 1194 914 1213 ,
940 1173 1079 1220 saepe
1096 1154 1392 1218 adigebantur
1415 1154 1591 1220 puellae
1615 1172 1746 1221 prae-

261 1234 413 1281 sertim
444 1235 602 1298 nuptui
638 1234 752 1281 tradi
790 1232 1078 1288 infidelibus;
1117 1248 1264 1296 neque
1298 1230 1489 1279 ecclesia
1520 1249 1602 1297 pro
1633 1242 1746 1280 tem-

257 1310 380 1374 poris
423 1310 546 1357 illius
587 1309 808 1374 angustiis
842 1308 984 1356 vetuit
1023 1307 1228 1355 absolute
1263 1307 1342 1355 illa
1374 1308 1585 1372 coniugia
1622 1310 1740 1372 (25).

256 1386 352 1433 Non
376 1395 444 1433 est
465 1403 571 1434 vero
602 1385 876 1432 censendum
912 1385 1021 1432 istos
1055 1401 1211 1432 omnes
1246 1384 1561 1432 sacramentali
1595 1385 1742 1449 gratia

259 1462 303 1507 in
339 1479 390 1509 eo
425 1471 543 1509 statu
579 1461 815 1509 destitutos
850 1461 1007 1509 fuisse.

356 1538 545 1602 Insuper
577 1537 769 1585 ecclesia
798 1536 932 1584 aliam
959 1537 1142 1585 omnino
1171 1537 1386 1585 rationem
1414 1537 1575 1601 agendi
1598 1538 1645 1584 in
1668 1537 1745 1586 his

259 1613 481 1677 coniugiis
527 1614 694 1671 tenuit,
728 1623 862 1678 atque
886 1613 932 1659 in
956 1613 1177 1677 coniugiis
1212 1613 1260 1660 in
1296 1613 1558 1661 infidelitate
1596 1614 1739 1662 initis.

260 1690 487 1755 Siquidem
512 1707 565 1737 ea
592 1701 821 1755 tamquam
846 1707 1029 1755 prorsus
1054 1689 1390 1737 indissolubilia
1419 1690 1605 1748 habuit,
1633 1689 1746 1740 adeo

260 1779 307 1814 ut
341 1767 548 1831 quamvis
580 1784 684 1831 pars
721 1766 868 1814 fidelis
907 1766 1065 1814 fuisset
1092 1766 1149 1813 ab
1174 1766 1347 1813 infideli
1386 1766 1600 1815 derelicta
1621 1805 1632 1825 ,
1670 1777 1748 1816 aut

261 1843 465 1907 quamvis
506 1841 702 1889 infidelis
746 1842 1027 1906 gravissimis
1078 1841 1294 1890 molestiis
1348 1852 1520 1907 partem
1566 1841 1743 1890 fidelem

263 1918 456 1965 afficeret
485 1919 588 1965 fidei
624 1936 784 1976 causa,
824 1936 905 1965 seu
939 1935 1032 1966 non
1065 1918 1336 1966 consentiret
1358 1917 1545 1982 pacifice
1567 1935 1621 1966 ac
1643 1918 1744 1966 sine

266 1995 428 2042 iniuria
464 1996 683 2043 Creatoris
720 1995 978 2043 cohabitare
1014 2005 1276 2060 cum—parte
1310 1994 1460 2053 fideli,
1498 2013 1744 2061 numquam

267 2082 414 2118 tamen
444 2072 633 2120 ecclesia
663 2072 864 2137 permisit
882 2082 932 2119 ut
947 2071 1288 2136 abrumperetur
1314 2071 1570 2136 coniugium
1593 2071 1743 2138 quoad

363 2265 429 2305 (25)
452 2266 534 2297 Sane
556 2275 621 2298 non
644 2267 761 2300 desunt
788 2268 936 2310 exempla
960 2268 1156 2309 quamplura
1182 2268 1252 2301 sive
1278 2268 1452 2301 mulierum
1472 2267 1636 2308 fidelium,
1664 2276 1749 2310 quae

269 2320 453 2359 nupserunt
471 2319 550 2351 viris
568 2320 720 2360 ethnicis,
741 2321 810 2353 sive
825 2323 939 2353 contra
951 2322 1097 2354 fidelium
1112 2321 1278 2361 virorum,
1293 2321 1352 2362 qui
1366 2330 1401 2354 se
1417 2321 1540 2363 nuptiis
1554 2320 1750 2363 copularunt

267 2379 342 2402 cum
361 2369 547 2402 infidelibus
562 2371 762 2404 mulieribus.
778 2375 910 2405 Praesto
924 2375 1000 2406 sunt
1015 2373 1164 2414 exempla
1184 2373 1316 2406 Eunicis
1332 2373 1403 2414 piae
1418 2382 1456 2405 ac
1470 2373 1578 2406 fidelis
1591 2372 1750 2406 foeminae

268 2431 353 2464 quae
367 2431 402 2455 se
417 2423 567 2455 iunxerat
581 2432 656 2455 cum
676 2425 806 2456 ethnico
820 2426 892 2457 viro
906 2435 944 2458 ex
959 2429 984 2459 Ι,
999 2428 1083 2459 Tim.
1100 2429 1127 2459 l.
1141 2432 1169 2459 5.
1183 2427 1302 2459 collat.
1315 2427 1385 2458 Act.
1397 2428 1483 2458 xvl.
1500 2432 1526 2459 1.
1539 2427 1573 2459 S.
1587 2425 1749 2459 caecinae

268 2484 343 2507 cum
357 2475 532 2507 Valeriano
544 2499 554 2515 ,
572 2485 599 2507 s.
612 2477 744 2508 Nonnae
758 2485 832 2508 cum
848 2479 1003 2518 Gregorio
1019 2478 1163 2519 seniore,
1179 2487 1207 2511 s.
1217 2478 1365 2511 Monicae
1379 2487 1454 2510 cum
1467 2478 1627 2518 Patricio,
1640 2485 1669 2510 s.
1679 2478 1747 2509 Ma·

270 2527 388 2560 thildis
403 2536 477 2559 cnm
494 2527 658 2559 Clodoveo
669 2551 678 2567 ,
700 2529 825 2568 praeter
842 2528 914 2560 illas
931 2529 972 2562 de
993 2530 1113 2570 quibus
1129 2531 1225 2563 refert
1238 2530 1326 2563 Beda
1342 2529 1400 2562 lib.
1417 2530 1444 2561 1.
1456 2530 1588 2561 Hister.
1603 2527 1746 2569 Anylor.

269 2590 301 2613 c,
318 2585 369 2613 25.
381 2581 414 2612 et
428 2580 484 2612 lib.
498 2581 539 2612 ll.
552 2589 582 2612 c.
597 2585 629 2612 9.
643 2579 684 2612 de
694 2581 829 2619 Benna,
844 2581 1038 2623 Edelburga‚
1051 2583 1209 2624 religiosis
1225 2581 1415 2614 mulieribus
1434 2589 1509 2613 cum
1527 2579 1666 2613 ethnicis
1679 2588 1747 2613 ma-

271 2633 428 2666 trimonio
455 2634 590 2674 iunctis,
613 2634 751 2674 aliisque
772 2634 892 2674 passim
911 2643 967 2675 per
983 2636 1017 2667 id
1032 2636 1206 2678 temporis,
1224 2635 1307 2668 adeo
1320 2636 1358 2667 ut
1374 2643 1401 2667 s.
1413 2634 1631 2675 Hieronymus
1646 2633 1703 2666 lib.
1719 2635 1746 2666 Ι.

273 2689 391 2720 Coner.
406 2688 631 2719 [normanum
644 2687 821 2728 scripserit:
840 2701 855 2715 «
867 2689 958 2719 Nunc
972 2688 1144 2730 pleraeque
1157 2689 1370 2730 (christianae
1380 2686 1552 2728 mulieres)
1569 2687 1746 2728 iunguntur

275 2740 456 2781 gentihus.»
467 2740 588 2781 Utique
600 2739 735 2773 ecclesia
751 2740 809 2772 has
823 2741 953 2781 nuptias
973 2749 1038 2773 non
1055 2742 1234 2783 probabat,
1251 2741 1317 2774 imo
1329 2742 1438 2782 patres
1455 2748 1510 2772 eas
1527 2741 1673 2782 carpunt.
1690 2741 1750 2773 Ast

272 2792 363 2825 atiud
384 2795 434 2826 est
456 2793 656 2834 improbare,
680 2792 771 2826 aliud
791 2792 901 2825 irritas
922 2793 1043 2834 facere,
1058 2795 1148 2835 quod
1163 2795 1222 2828 illa
1233 2795 1339 2827 aetate
1350 2794 1437 2827 certe
1449 2802 1516 2826 non
1529 2793 1616 2827 fecit.
1631 2793 1749 2832 Quoad

274 2846 363 2878 leves
379 2845 605 2886 difficultates,
619 2854 704 2887 quae
719 2847 832 2879 eontra
847 2846 966 2888 opponi
985 2849 1125 2888 possent.
1140 2848 1191 2880 ct.
1206 2847 1312 2880 collet
1330 2855 1363 2880 n.
1379 2848 1438 2880 247
1454 2855 1546 2888 seqq.
