1980 3260
252 261 341 292 cn».
361 260 422 292 ιιι.
442 260 493 291 nn
511 261 592 292 mv.
612 263 775 295 rorzsr.
792 264 927 296 rame.
946 265 1030 296 mr.
1050 266 1141 296 nai..
1155 266 1206 296 An
1225 266 1348 297 uun.
1365 266 1457 296 nir.
1474 266 1502 296 1.
1561 250 1648 295 465

185 351 268 386 art.
293 341 370 385 15.
392 338 449 385 ad
475 340 519 384 1.
548 340 830 389 «Dicendum
864 343 981 407 quod
1018 344 1204 391 ecclesia
1238 345 1282 390 in
1316 344 1389 391 his
1413 382 1422 399 ,
1454 360 1570 408 quae
1594 343 1650 390 ad

185 414 512 462 matrimonium
548 416 792 478 pertinent,
822 436 869 466 se
894 419 1028 466 habet
1055 419 1307 484 tripliciter,
1347 436 1434 466 uno
1467 419 1649 483 quidem

183 490 314 538 modo
337 507 417 555 per
439 490 618 537 modum
654 493 1066 542 iudicantis....alio
1096 495 1225 542 modo
1249 511 1328 558 per
1350 494 1528 541 modum
1547 511 1651 558 pro-

181 565 366 612 hibentis
399 575 443 612 et
468 568 927 629 punz'entis....Tertio
961 570 1090 617 modo
1120 588 1168 617 se
1195 570 1328 617 habet
1361 587 1440 634 per
1471 570 1649 617 modum

180 642 444 696 Statuentis,
485 643 597 706 quod
629 654 690 690 est
722 645 859 691 solum
892 647 1142 693 auctoritate
1164 648 1322 693 summi
1336 647 1580 710 pontificis;
1607 654 1651 692 et

179 718 423 765 secundum
448 718 533 766 hoc
562 737 775 783 personae
809 721 986 786 aliquae
1021 722 1263 769 redduntur
1296 721 1572 784 illegitimae,
1601 731 1649 767 ut

178 804 298 859 patet
320 793 365 840 in
390 794 658 858 quibusdam
682 796 892 858 gradibus
917 796 1314 859 consanguinitatis
1331 807 1374 844 et
1395 797 1642 853 affinitatis,

175 868 244 916 vel
279 869 411 916 etiam
445 870 499 916 de
533 870 754 927 adultera,
788 888 886 918 cum
922 871 1023 936 quis
1053 871 1175 918 dedit
1208 871 1249 918 ei
1284 871 1415 918 fidem
1451 871 1506 918 de
1542 889 1646 918 con—

179 945 395 993 trahendo
411 984 422 1003 ,
451 963 552 993 cum
577 947 856 995 machinatus
880 958 949 994 est
973 948 1017 993 in
1042 958 1225 995 mortem
1250 948 1450 995 uxoris.»
1473 946 1645 1002 Quibus

175 1020 322 1068 verbis
358 1031 619 1086 potestatem
665 1022 884 1069 statuendi
920 1022 1236 1086 impedimenta
1269 1022 1523 1069 dirimentia
1562 1022 1642 1070 soli

173 1114 350 1145 summo
386 1098 583 1163 pontifici
606 1136 615 1154 ,
658 1115 738 1145 seu
777 1098 990 1145 ecclesiae
1029 1098 1251 1146 exclusive
1290 1099 1466 1155 tribuit,
1504 1099 1563 1145 ita
1599 1110 1646 1145 ut

174 1173 286 1220 nulli
322 1174 475 1222 civiles
510 1174 735 1238 principes
770 1191 822 1220 ea
856 1174 1071 1221 fruantur.
1100 1175 1155 1220 Et
1184 1174 1294 1222 haec
1316 1175 1372 1221 de
1396 1192 1434 1220 s.
1453 1174 1646 1221 Thomae

173 1261 347 1307 mente,
393 1251 522 1298 cuius
563 1250 810 1298 auctoritati
855 1251 1136 1314 potissimum
1179 1251 1322 1298 fidunt
1367 1251 1558 1315 theologi
1602 1262 1644 1298 et

172 1326 428 1373 canonistae
461 1326 517 1373 de
550 1326 716 1391 quibus
751 1326 1016 1373 disserimus
1040 1327 1155 1388 (45).

265 1401 418 1448 Dicam
458 1403 501 1448 3.
535 1402 838 1449 auctoritatem
870 1401 1055 1448 istorum
1090 1401 1391 1464 theologorum
1427 1401 1641 1449 infirmari

168 1494 223 1525 eo
258 1478 357 1542 ipso
390 1478 508 1542 quod
543 1487 714 1524 constet
742 1488 786 1524 et
814 1477 987 1524 interna
1005 1488 1047 1524 et
1063 1488 1242 1524 externa
1260 1488 1518 1540 argumenta
1541 1478 1642 1542 qui-

168 1552 254 1601 bus
274 1553 576 1601 innitebantur
593 1571 694 1601 esse
714 1553 881 1600 nullius
904 1553 1072 1601 roboris
1093 1564 1136 1601 et
1152 1571 1179 1601 a
1197 1553 1325 1601 nobis
1345 1554 1553 1618 superius
1580 1572 1642 1601 re-

170 1629 309 1678 futata
336 1631 452 1692 (46).
470 1630 642 1677 Etenim
673 1647 817 1694 neque
834 1647 886 1676 ex
906 1630 1143 1677 Theodosii
1167 1629 1263 1693 lege
1286 1641 1437 1677 contra
1461 1630 1639 1694 nuptias

168 1707 534 1754 consobrinorum
550 1744 560 1763 ,
600 1706 656 1753 de
690 1724 779 1771 qua
807 1723 870 1753 ss.
894 1705 1155 1753 Ambrosius
1173 1744 1183 1762 ,
1212 1718 1255 1754 et
1276 1706 1551 1769 Augustinus
1576 1705 1639 1753 lo-

166 1792 387 1847 quuntur;
427 1800 572 1848 neque
605 1801 657 1830 ex
695 1782 796 1830 aliis
832 1783 1145 1847 imperatorum
1180 1782 1385 1846 legibus,
1419 1800 1564 1847 neque
1586 1800 1639 1830 ex

168 1859 262 1906 iure
302 1870 434 1924 atque
477 1860 624 1907 officio
672 1859 957 1924 promovendi
994 1859 1160 1907 bonum
1196 1859 1449 1924 publicum,
1492 1859 1638 1924 publi-

164 1953 353 2000 camque
393 1936 703 1992 honestatem;
744 1953 887 2001 neque
919 1953 973 1983 ex
1007 1935 1108 1982 aliis
1148 1936 1352 2000 superius
1386 1934 1532 1982 allatis
1572 1953 1637 1982 ar·

166 2012 387 2074 gumentis
418 2011 652 2059 conficitur
676 2012 899 2076 principes
924 2011 1197 2075 quicumque
1214 2011 1391 2057 demum
1411 2010 1520 2067 sint,
1542 2010 1636 2057 sive

166 2087 370 2135 infideles
395 2089 489 2136 sive
512 2087 692 2145 fideles,
721 2087 978 2135 auctoritate
1004 2087 1091 2134 sibi
1119 2086 1360 2150 originaria
1387 2095 1430 2133 et
1456 2086 1635 2150 propria

165 2181 316 2211 revera
356 2164 672 2229 impedimenta
713 2164 1042 2211 matrimonium
1083 2163 1337 2210 dirimentia
1369 2162 1635 2209 constituere

166 2257 331 2304 posse3
371 2240 572 2304 adeoque
614 2240 759 2287 dicam
793 2257 869 2287 eos
905 2239 1134 2302 theologos
1171 2256 1223 2286 ac
1257 2239 1367 2285 iuris
1401 2238 1633 2302 utriusque

164 2316 620 2381 peritos'huiusmodi
655 2316 905 2381 principum
941 2316 1010 2363 ius
1045 2316 1266 2363 affirmare
1299 2315 1479 2380 quidem
1502 2353 1511 2370 ,
1552 2314 1630 2361 sed

163 2410 250 2440 non
279 2392 481 2457 probare.
512 2394 605 2440 Imo
633 2392 793 2440 addam
820 2393 1001 2440 eosdem
1026 2392 1159 2440 simul
1182 2409 1281 2439 cum
1306 2392 1390 2439 hac
1415 2390 1631 2438 sententia

162 2469 218 2515 de
251 2470 347 2517 iure
386 2470 637 2534 principum
673 2469 921 2517 infidelium
957 2469 1045 2516 alia
1078 2469 1283 2517 docuisse
1307 2507 1316 2525 ,
1355 2485 1468 2532 quae
1502 2483 1629 2514 nemo

162 2544 409 2593 catholicus
434 2545 517 2592 hac
542 2554 684 2592 aetate
719 2544 905 2609 probare
938 2556 1101 2610 posset.
1132 2545 1244 2592 Data
1267 2544 1382 2591 enim
1407 2542 1542 2590 semel
1566 2543 1629 2588 in-

256 2725 322 2767 (45)
343 2726 534 2760 Cuiusmodi
556 2728 633 2760 sunt
658 2728 820 2769 quotquot
841 2727 1042 2769 principibus
1072 2727 1239 2759 vindicant
1264 2726 1452 2766 potestatem
1482 2725 1548 2757 inis
1571 2733 1623 2757 na-

160 2778 277 2819 tivam,
304 2780 468 2821 propriam
489 2781 588 2822 atque
609 2780 816 2821 originariam
839 2779 1056 2813 constituendi
1085 2779 1311 2820 impedimenta
1333 2777 1536 2818 dirimentia,
1566 2778 1624 2810 etsi

159 2831 317 2865 fateantur
338 2831 450 2865 eadem
470 2842 557 2866 nunc
575 2834 623 2866 uti
643 2842 709 2866 non
731 2842 842 2874 posse,
865 2842 1012 2875 quosque
1035 2832 1182 2874 superius
1203 2830 1431 2863 recensuimus.

251 2883 317 2925 (46)
339 2884 418 2926 Cap.
436 2887 479 2917 11.
498 2887 558 2918 art.
579 2890 606 2918 ί.
625 2887 657 2918 et
675 2891 703 2919 2.

267 2937 299 2972 11
1496 2941 1539 2971 30
