1980 3260
352 251 439 296 466
606 264 685 295 un.
717 263 762 294 11.
792 263 905 295 secr.
934 262 1105 295 Amani.
1135 263 1186 295 ni:
1212 263 1376 296 rorssr.
1407 264 1550 298 civiti.

351 342 558 389 fidelibus
595 341 873 405 principibus
919 350 1134 405 potestate
1156 379 1166 397 ‚
1204 351 1253 388 ut
1284 341 1447 390 deinde
1479 359 1577 389 eam
1612 358 1821 407 negarent

351 418 557 466 fidelibus
592 416 868 482 principibus
888 455 898 473 ‚
935 434 987 464 ac
1015 417 1100 465 soli
1129 417 1344 466 ecclesiae
1377 418 1499 466 iuxta
1533 419 1821 468 tridentinum

349 511 561 542 canonem
593 493 895 550 vindicarent,
935 493 991 540 ad
1026 493 1185 541 incitas
1221 493 1386 541 redacti
1420 503 1551 551 sunt,
1590 505 1724 560 atque
1757 497 1823 544 af·-

350 572 582 619 firmarunt
599 580 674 617 aut
691 569 924 617 ecclesiam
950 568 1060 615 illud
1085 569 1156 616 ius
1181 569 1406 617 ademisse
1429 571 1726 636 principibus,
1747 583 1823 620 aut

349 647 575 712 principes
605 645 715 692 illud
741 645 786 692 in
811 644 1026 692 ecclesiae
1049 645 1242 693 favorem
1267 646 1477 703 cessisse,
1502 646 1680 713 aliaque
1702 648 1823 696 eius-

350 724 470 772 modi
485 723 587 789 plus
601 723 804 770 minusve
821 722 991 770 absona
1009 722 1325 785 excogitarunt,
1339 740 1455 787 quae
1467 723 1590 771 nulla
1601 724 1825 788 theologo-

350 818 444 848 rum
472 811 548 848 aut
571 800 900 848 canonistarum
925 799 1184 847 auctoritate
1203 799 1453 864 probabilia
1470 801 1596 848 reddi
1615 812 1818 866 possunt.

348 878 476 925 Forte
499 887 543 924 et
572 875 682 922 illud
707 875 811 922 addi
839 885 1010 939 potest,
1045 875 1164 939 quod
1189 885 1318 923 antea
1342 875 1486 933 innui,
1515 877 1753 926 nonnullos
1770 895 1824 925 ex

350 954 421 1001 his
446 951 663 1016 theologis
682 990 692 1009 ,
725 969 812 1000 non
837 951 1054 1008 absolute,
1078 951 1158 998 sed
1182 951 1470 1017 hypothetice
1487 953 1629 1001 fuisse
1651 953 1822 1002 locutos

349 1047 429 1094 pro
460 1040 580 1078 statu
605 1046 763 1093 nempe
797 1028 1023 1076 societatis
1053 1045 1278 1092 paganae,
1307 1028 1352 1074 in
1383 1045 1472 1093 qua
1500 1028 1623 1076 nulla
1644 1040 1740 1077 erat
1760 1047 1819 1077 re-

348 1105 510 1169 ligiosa
533 1105 788 1152 auctoritas.
813 1103 1097 1168 Principibus
1122 1103 1291 1151 scilicet
1313 1114 1540 1169 tamquam
1563 1105 1823 1153 custodibus

348 1182 556 1230 residuae
590 1181 710 1229 illius
738 1181 985 1228 honestatis
1020 1197 1073 1227 ac
1101 1180 1328 1243 religionis
1358 1180 1575 1228 naturalis
1593 1219 1603 1238 ‚
1632 1198 1749 1247 quae
1775 1182 1822 1229 in

349 1259 496 1306 medio
532 1258 794 1323 paganismo
828 1267 1002 1304 servata
1035 1267 1127 1313 est,
1167 1266 1427 1321 potestatem
1461 1257 1656 1323 aliquam
1689 1259 1822 1306 etiam

348 1334 394 1380 in
429 1333 790 1388 matrimonium,
836 1332 1071 1379 deficiente
1111 1349 1237 1380 sacra
1281 1334 1539 1381 auctoritate
1571 1334 1822 1383 devolutam

348 1427 449 1458 esse
483 1419 778 1465 censuerunt,
820 1426 907 1456 non
942 1419 1090 1456 autem
1120 1410 1251 1474 quasi
1282 1427 1380 1457 eam
1405 1409 1491 1458 sibi
1516 1410 1820 1459 inhaerentem

349 1503 401 1533 ac
428 1485 714 1549 originariam
755 1484 1006 1532 habuerint.
1049 1485 1329 1550 Quamquam
1362 1486 1449 1534 visi
1486 1495 1590 1534 sunt
1623 1486 1823 1535 absolute

349 1580 399 1611 ac
435 1561 748 1627 philosophice
771 1561 893 1626 loqui
912 1600 921 1618 ‚
950 1572 1096 1608 tamen
1121 1572 1321 1610 concrete
1340 1562 1396 1610 de
1413 1563 1622 1611 societate
1646 1580 1823 1628 pagana

349 1638 622 1703 intelligendi
655 1638 876 1686 videntur.
919 1638 966 1684 In
1003 1655 1056 1685 ea
1091 1638 1300 1685 societate
1335 1638 1502 1686 nullam
1528 1639 1740 1688 videbant
1761 1639 1821 1688 le-

348 1716 548 1779 gitimam
585 1714 887 1763 auctoritatem
918 1714 1006 1761 nisi
1043 1713 1239 1771 civilem;
1274 1714 1384 1779 quid
1419 1715 1581 1763 mirum
1615 1715 1655 1763 si
1688 1716 1821 1764 etiam

351 1792 559 1855 coniugia
582 1791 647 1838 illi
671 1790 918 1839 auctoritati
957 1790 1184 1847 subiecta,
1214 1790 1317 1839 licet
1339 1808 1570 1857 perperam
1590 1831 1601 1850 ‚
1637 1810 1823 1842 censue·

350 1879 450 1916 runt
467 1868 491 1914 ?

443 1946 598 1993 Dicam
636 1946 677 1992 4.
695 1945 890 2009 denique
922 1943 1033 1991 illud
1057 1945 1204 2010 ipsum
1230 1945 1349 2010 quod
1375 1945 1672 2009 respondebat
1688 1944 1825 1994 ΒΑΗ-

349 2021 576 2085 gustinus,
615 2020 944 2086 opponentibus
969 2020 1056 2068 sibi
1082 2020 1296 2068 nonnulla
1319 2021 1619 2086 antiquiorum
1647 2031 1822 2085 patrum

350 2097 506 2154 effata,
535 2115 648 2162 quae
673 2097 935 2162 pelagianae
965 2107 1042 2144 aut
1071 2096 1446 2162 semipelagianae
1473 2096 1649 2145 haeresi
1676 2097 1824 2146 favere

348 2173 640 2230 videbantur3
686 2191 845 2240 nempe
889 2174 979 2221 illis
1020 2173 1256 2222 haereticis
1302 2173 1499 2221 nondum
1545 2173 1822 2237 litigantibus

351 2250 551 2298 securius
597 2249 735 2298 fuisse
766 2251 937 2299 locutos
975 2252 1091 2313 (47).
1121 2251 1236 2297 Sane
1270 2267 1359 2315 quo
1392 2260 1590 2315 tempore
1622 2250 1823 2315 plerique

350 2326 569 2374 eiusmodi
604 2326 795 2390 theologi
837 2328 1105 2384 floruerunt,
1145 2326 1342 2375 nondum
1377 2326 1650 2392 Spalatensis
1689 2328 1823 2392 atque

351 2401 534 2450 Launoii
558 2401 756 2449 theoriae
780 2402 954 2451 fuerant
972 2413 1245 2468 compertae;
1269 2403 1469 2450 nondum
1489 2388 1822 2467 pistoriensium

350 2488 683 2543 ceterorumque
717 2477 936 2525 eiusmodi
973 2479 1187 2527 secularis
1233 2478 1463 2545 potestatis
1498 2488 1821 2526 assentatorum

350 2555 570 2620 principia
602 2563 726 2602 erant
753 2564 930 2611 exorta;
964 2556 1161 2603 nondum
1197 2556 1243 2603 in
1278 2555 1443 2621 populo
1474 2554 1718 2603 christiano
1736 2571 1820 2601 -seu

351 2631 569 2680 catholico
593 2648 752 2679 nomen
769 2632 1038 2678 matrimonii
1058 2633 1201 2679 civilis
1225 2633 1368 2680 fuerat
1391 2631 1613 2687 auditum;
1635 2642 1678 2678 et
1700 2631 1818 2695 quod

351 2718 484 2773 caput
505 2718 573 2756 est
586 2746 596 2764 ,
620 2707 817 2756 nondum
834 2718 927 2755 erat
944 2708 1190 2771 excogitata
1213 2725 1329 2774 quae
1352 2725 1469 2756 nunc
1491 2707 1622 2771 longe
1643 2706 1820 2772 lateque

352 2794 613 2848 pervagatur
646 2783 818 2832 theoria
839 2783 895 2831 de
919 2782 1051 2848 plena
1085 2784 1362 2849 separatione
1391 2780 1674 2849 perfectaque
1706 2783 1820 2832 inter

447 2886 511 2925 (47)
532 2885 602 2918 Lib.
619 2887 668 2918 De
682 2884 859 2926 praedest.
873 2885 983 2917 sanct.
1002 2893 1072 2925 cap.
1085 2885 1168 2917 XlV.
1188 2893 1218 2916 n.
1236 2888 1285 2918 27.
