1980 3260
321 279 408 323 120
628 292 708 322 LlB.
738 292 784 322 11.
812 292 925 324 SECT.
953 292 983 322 1.
1011 291 1062 320 DE
1087 288 1250 319 POTEST.
1281 287 1443 320 EGGLES.

319 370 362 414 3.
399 368 515 431 quod
558 378 776 414 evertatur
809 387 835 415 a
869 366 1084 415 contrario
1121 382 1205 411 usu
1240 363 1451 410 hactenus
1485 364 1530 410 in
1563 367 1769 415 universa

317 444 502 489 ecclesia
525 453 697 489 servato
722 461 747 489 a
771 461 859 490 sec.
883 443 1000 488 XIII.
1029 440 1207 505 quando
1231 439 1449 486 eiusmodi
1472 439 1773 508 dispensati&

315 535 391 564 nes
421 518 625 580 praeviae
657 518 875 565 introduci
909 526 1146 580 coeperunt
1173 516 1288 576 (71).
1760 535 1762 540 ·

411 592 585 638 Falsum
619 604 842 656 praeterea
875 610 927 639 ex
954 609 1006 638 eo
1039 608 1138 638 esse
1172 589 1405 653 probatur,
1434 590 1553 653 quod
1577 590 1679 637 licet
1700 609 1774 637 ur-

312 685 420 728 gens
454 668 659 730 iustaque
690 668 800 714 ratio
832 678 875 714 et
908 667 1050 713 maior
1079 665 1247 712 utilitas
1266 703 1276 720 ,
1307 675 1356 710 ut
1390 665 1674 712 tridentinum
1708 665 1771 713 lo-

311 743 480 805 quitur,
502 742 877 805 dispensa-tionem
903 741 1171 809 postularent
1187 779 1197 796 ‚
1231 751 1375 787 tamen
1402 741 1573 787 nul-lum
1609 741 1771 789 exinde

311 817 380 862 ius
415 834 621 880 umquam
658 820 854 880 agnitum
884 818 1014 864 fuerit
1037 835 1089 863 ex
1112 827 1234 880 parte
1257 833 1407 863 eorum
1424 854 1433 872 ‚
1462 816 1539 881 qui
1564 817 1768 865 remotio-

309 907 408 936 nem
443 891 744 954 impedimenti
789 892 1031 955 petierunt,
1066 891 1276 954 nullaque
1310 890 1519 952 obligatio
1552 909 1605 937 ex
1645 902 1770 955 parte

307 966 603 1013 concedentis.
627 967 886 1014 Constanter
903 968 1019 1014 enim
1045 978 1267 1030 tamquam
1291 966 1413 1012 favor
1429 976 1471 1012 et
1494 966 1635 1028 gratia
1652 967 1768 1014 eius-

306 1041 423 1086 modi
459 1041 666 1088 relaxatio
699 1041 850 1088 habita
885 1053 966 1088 est.
997 1042 1141 1096 Quare
1178 1041 1249 1087 his
1278 1040 1425 1087 verbis
1450 1058 1488 1087 s.
1516 1042 1765 1088 Bernardus

306 1114 608 1178 alloquebatur
640 1116 883 1178 Eugenium
911 1117 987 1162 111.
1031 1136 1052 1160 «
1077 1115 1229 1171 Quid?
1253 1115 1402 1179 inquis
1421 1153 1430 1171 ,
1459 1115 1668 1179 prohibes
1695 1116 1767 1162 di-

304 1189 551 1253 spensare?
632 1228 640 1235 .
662 1228 670 1235 .
690 1191 785 1237 Non
811 1209 908 1237 sum
933 1202 1020 1237 tam
1040 1189 1164 1236 rudis
1181 1227 1190 1245 ,
1213 1201 1264 1236 ut
1278 1190 1475 1251 ignorem
1492 1190 1661 1253 positos
1684 1202 1773 1238 vos'

303 1281 401 1310 esse
432 1264 763 1329 dispensatores
780 1304 790 1322 ‚
821 1266 899 1313 sed
930 1266 975 1311 in
1002 1264 1349 1312 aedificationem
1366 1302 1376 1320 ‚
1405 1282 1492 1312 non
1522 1264 1568 1310 in
1592 1265 1767 1318 destru-

301 1339 505 1385 ctionem.
532 1340 732 1404 Denique
758 1341 985 1405 quaeritur
1008 1341 1122 1386 inter
1149 1340 1478 1404 dispensatores
1495 1378 1504 1396 ,
1536 1350 1584 1387 ut
1618 1340 1762 1388 fidelis

300 1413 404 1476 quis
435 1414 701 1460 inveniatur.
738 1415 820 1461 Ubi
845 1417 1072 1461 necessitas
1099 1426 1246 1478 umet,
1286 1415 1549 1461 eaecusabilis
1581 1416 1762 1480 dispen-

300 1488 411 1534 satio
433 1499 526 1543 est,
549 1488 626 1534 ubi
651 1490 820 1536 utilitas
845 1501 1077 1553 provocat.
1105 1490 1382 1554 dispensatio
1409 1490 1642 1538 laudabilis
1664 1502 1760 1547 est,

298 1563 464 1610 utilitas
485 1601 498 1620 ‚
522 1564 651 1620 dico,
671 1566 943 1622 communis,
972 1583 1060 1613 non
1096 1567 1301 1630 propria;
1330 1584 1431 1613 nam
1460 1585 1559 1614 cum
1590 1567 1652 1614 nil
1686 1567 1762 1615 ho-

297 1656 391 1684 rum
415 1649 505 1694 est,
533 1657 618 1686 non
646 1640 776 1704 plane
801 1641 945 1688 fidelis
974 1642 1272 1705 dispensatio,
1303 1643 1382 1689 sed
1406 1642 1602 1690 crudelis
1623 1643 1762 1690 dissi-

297 1713 414 1776 patio
443 1725 509 1760 est
537 1716 652 1775 (72).
679 1735 703 1765 »
733 1716 869 1778 Igitur
897 1716 1017 1778 gravi
1043 1716 1173 1763 etiam
1207 1727 1391 1779 urgente
1413 1733 1574 1772 causa,
1596 1717 1685 1769 imo
1716 1727 1759 1764 et

296 1788 556 1841 necessitate
580 1789 894 1837 interveniente
910 1828 920 1846 ‚
943 1800 1086 1837 tamen
1109 1808 1197 1837 non
1220 1808 1275 1836 θα)
1299 1791 1492 1845 iustitia,
1517 1791 1595 1844 sed
1613 1809 1667 1837 ex
1682 1809 1758 1839 ve—

295 1862 369 1908 nia
385 1899 394 1917 ,
417 1873 459 1908 et
479 1864 627 1925 qratia>
652 1863 858 1910 tribuitur
873 1864 1164 1928 dispensatio.
1197 1864 1404 1924 Quinimo
1422 1865 1616 1912 vidimus
1641 1884 1751 1914 rom.

294 1937 523 2000 pontifices
553 1938 598 1983 in
633 1939 849 1986 eiusmodi
880 1940 1253 1996 relaxationibus,
1286 1940 1418 1987 etiam
1457 1941 1757 1988 concurrenti-

293 2012 376 2058 bus
402 2013 626 2060 recensitis
651 2015 982 2063 conditionibus
1006 2016 1052 2061 in
1076 2033 1248 2063 summo
1272 2016 1411 2078 gradu
1428 2053 1438 2070 ‚
1468 2017 1753 2064 consuevisse

294 2097 438 2132 tamen
463 2089 755 2151 poenitentiae
781 2090 999 2138 subiicere
1015 2109 1091 2138 eos
1115 2091 1382 2155 quibuscum
1406 2090 1748 2154 dispensabant,

291 2161 359 2208 vel
393 2162 546 2208 saltem
560 2181 575 2218 ‚·
609 2164 757 2228 aliqua
790 2184 865 2213 eos
900 2166 1063 2213 mulcta
1096 2166 1231 2214 veluti
1267 2167 1313 2212 in
1347 2167 1751 2230 compensationem

293 2236 511 2284 relaxatae
545 2238 656 2301 legis
690 2258 895 2298 onerare,
938 2253 1066 2306 prout
1100 2242 1246 2289 adhuc
1279 2260 1398 2290 nunc
1425 2242 1520 2313 fieri
1557 2243 1683 2290 solet.
1762 2253 1766 2256 ’

259 2362 263 2365 ,
386 2313 451 2358 Ad
486 2314 719 2361 salsitatem
752 2316 935 2364 ulterius
978 2317 1106 2365 istius
1152 2318 1359 2382 principii
1402 2318 1749 2382 patefaciendam

290 2387 398 2434 illud
422 2389 589 2436 accedit
606 2428 616 2446 ‚
645 2391 763 2453 quod
787 2392 958 2439 etiamsi
983 2394 1152 2442 iudices
1177 2394 1267 2441 sibi
1287 2394 1438 2447 videre
1468 2394 1554 2441 vis-i
1587 2394 1751 2441 fuerint

287 2462 437 2527 aliquo
462 2464 507 2510 in
531 2481 638 2512 casu
662 2466 871 2529 peculiari
897 2484 1156 2515 concursum
1174 2470 1388 2517 dictarum
1413 2469 1741 2526 conditionum,

285 2537 446 2585 exinde
478 2540 660 2587 minime
694 2542 895 2606 sequitur
928 2560 979 2589 eo
1014 2544 1110 2607 ipso
1143 2545 1312 2593 iudices
1345 2562 1476 2610 posse
1508 2545 1762 2609 dispensa-'

372 2705 437 2745 (71)
459 2706 509 2738 Cf.
533 2716 644 2746 opusc.
672 2710 807 2740 Letcera
828 2710 910 2742 dell'
922 2711 1045 2743 abbate
1067 2714 1107 2743 Ν.
1122 2715 1165 2745 Ν.
1184 2715 1321 2746 intorno
1337 2714 1364 2745 il
1381 2713 1470 2746 libro
1486 2713 1544 2745 del
1557 2715 1675 2753 εὔριπον
1693 2722 1750 2745 ca·

282 2758 401 2788 nonico
430 2760 522 2790 Luca
535 2768 639 2800 sopra
664 2761 692 2792 il
713 2760 834 2793 dirilco
867 2762 903 2794 dc·
926 2764 1083 2796 stabilire
1114 2766 1346 2807 impedimenti
1367 2766 1545 2798 dir-intenti
1571 2765 1599 2797 il
1627 2767 1734 2798 matri

281 2811 391 2841 ηιοηὶο
415 2819 433 2841 e
461 2810 498 2842 dt
523 2811 732 2853 dispensare.
757 2816 792 2845 ln
820 2815 908 2846 {talla
935 2819 1023 2848 1784.
1043 2816 1078 2857 §.
1096 2824 1126 2850 6.

368 2863 432 2902 (72)
457 2865 503 2895 De
522 2865 725 2897 considerat.
752 2866 799 2898 ad
825 2869 955 2907 Echen.
977 2868 1032 2900 lib.
1052 2871 1107 2900 111.
1130 2879 1200 2910 cap.
1223 2872 1279 2902 ΙΙΙ.
1301 2879 1332 2902 n.
1365 2875 1410 2903 18,
