1980 3260
275 258 369 291 ων.
387 259 462 292 vn.
481 260 533 292 m:
551 260 676 294 marn.
695 260 822 293 mrm.
841 260 925 293 cnm
946 259 1081 292 rmm„
1102 259 1179 291 vnn
1198 259 1282 291 ιΝτ.
1301 258 1364 291 sn.
1388 259 1481 291 aar.
1500 260 1529 291 1.
1595 244 1683 289 309

207 338 462 396 vinculum,
491 349 625 404 atque
649 339 706 387 ad
731 356 845 387 nova
867 350 969 387 vota
1003 356 1105 404 pars
1136 338 1309 394 fidelis,
1338 337 1513 386 vivente
1537 335 1686 384 adhuc

207 414 396 478 coniuge
414 415 603 473 infideli,
622 416 855 474 transiret;
885 434 1012 464 secus
1034 433 1085 464 ac
1104 426 1298 464 statuere
1322 415 1554 463 consuevit
1571 414 1688 468 circa

207 490 417 555 coniugia
449 491 495 538 in
531 491 794 540 infidelitate
836 501 1086 549 contracta,
1130 503 1178 539 ut
1212 509 1294 539 suo
1339 491 1437 539 loco
1469 490 1682 538 vidimus.

208 567 301 614 Iam
318 585 423 616 vero
441 568 647 616 diversae
671 569 782 616 adeo
805 568 940 616 huius
959 569 1119 633 agendi
1138 568 1324 616 rationis
1346 585 1567 633 quaenam
1587 584 1690 632 pro-

206 643 370 692 babilis
406 661 542 692 causa
576 645 796 708 assignari
831 646 1015 711 poterit,
1057 646 1143 693 nisi
1175 645 1294 710 quod
1330 644 1520 693 ecclesia
1552 643 1688 691 veluti

206 730 479 768 contractum
517 721 885 769 sacramentalem
916 722 1126 786 spectarit
1154 722 1413 785 coniugium
1433 760 1443 778 ,
1482 721 1602 786 quod
1636 738 1689 768 ex

205 805 331 860 parte
373 795 493 844 fideli
530 813 583 844 ac
621 795 847 861 baptizata
887 797 1046 845 initum
1081 799 1226 846 fuerat
1260 797 1457 861 legitime
1491 815 1591 845 cum
1627 797 1690 843 in-

206 870 369 918 fideli?

298 947 416 995 Sane
451 949 530 994 14.
569 948 686 996 Iunii
723 950 865 996 1708.
902 949 1147 1014 insequens
1187 948 1374 996 dubium
1410 948 1689 1014 propositum

204 1033 296 1072 est:
320 1024 703 1090 «Nonnumquam
733 1025 952 1073 foeminae
981 1025 1254 1073 christianae
1278 1043 1331 1072 ex
1355 1024 1692 1089 dispensatione

205 1099 386 1165 nuptias
422 1100 692 1149 contrahunt
725 1119 826 1149 cum
861 1101 971 1149 viris
1006 1101 1265 1149 infidelibus
1290 1119 1317 1149 a
1346 1100 1512 1167 quibus
1537 1111 1691 1165 postca

203 1175 476 1224 abiiciuntur
508 1186 552 1224 et
584 1194 768 1242 prorsus
801 1176 1095 1234 deseruntur;
1127 1176 1214 1224 hae
1246 1194 1349 1226 vero
1382 1176 1602 1224 foeminae
1627 1177 1692 1224 sic

203 1269 231 1300 a
252 1252 363 1301 viris
393 1253 609 1311 reiectae,
651 1253 771 1319 quod
808 1254 1035 1302 continere
1071 1271 1121 1302 se
1151 1264 1400 1320 nequeant,
1433 1264 1592 1320 sponte
1616 1272 1692 1300 nu-

202 1328 340 1386 bunt,
384 1329 454 1377 vel
494 1329 739 1396 aliquando
790 1341 943 1379 contra
979 1331 1206 1396 propriam
1245 1330 1519 1379 voluntatem
1555 1348 1581 1377 a
1613 1348 1692 1395 pa-

203 1405 401 1454 rentibus
446 1423 545 1454 cum
586 1407 724 1455 altero
770 1407 974 1464 infideli,
1019 1407 1097 1472 qui
1140 1407 1417 1472 baptismum
1460 1407 1693 1471 suscipere

203 1492 385 1547 paratus
404 1491 494 1539 est,
518 1482 584 1530 vel
604 1499 705 1530 cum
725 1483 974 1531 christiano
1000 1483 1158 1548 nuptui
1189 1483 1475 1531 collocantur.
1507 1482 1695 1538 Quaeri-

202 1568 300 1615 tur,
338 1576 446 1606 num
481 1558 604 1607 istud
640 1559 860 1607 secudum
896 1559 1230 1607 matrimonium
1274 1559 1521 1623 legitimum
1557 1559 1616 1606 sit
1650 1569 1701 1606 et'

201 1633 465 1682 validum?»
488 1635 588 1682 Sac.
612 1652 819 1699 congreg.
850 1635 1057 1683 sanctiss.
1092 1635 1398 1700 inquisitionis
1429 1634 1687 1700 respondit:

200 1700 430 1776 Neqative.
457 1710 639 1767 Quare?
668 1711 757 1759 nisi
791 1711 899 1777 quia
936 1729 1017 1776 pro
1052 1721 1172 1759 certo
1207 1711 1480 1776 assumpsit,
1508 1710 1578 1759 vel
1603 1709 1694 1757 sal-

203 1796 291 1834 tem
309 1787 373 1834 uti
394 1787 673 1852 probabilius
693 1787 853 1836 habuit
876 1788 1098 1836 eiusmodi
1124 1787 1455 1835 matrimonium
1485 1805 1538 1834 ex
1570 1796 1694 1852 parte

204 1862 326 1911 fideli
369 1874 698 1912 sacramentum
739 1881 840 1912 esse
869 1902 878 1921 ,
922 1881 1011 1929 quo
1048 1864 1097 1911 fit
1130 1874 1179 1910 ut
1212 1863 1468 1926 coniugium
1506 1879 1691 1928 prorsus

203 1938 524 1987 indissolubile
559 1938 753 1988 evadat?
776 1941 886 1987 Nam
912 1939 951 1987 si
975 1939 1162 1986 mixtum
1197 1938 1455 2002 coniugium
1489 1947 1692 2002 spectas-

204 2025 274 2063 set
300 2026 352 2064 ut
378 2033 550 2064 merum
583 2026 858 2065 contractum
899 2015 1146 2063 naturalem
1176 2054 1186 2071 ,
1232 2014 1607 2080 quemadmodum
1645 2015 1690 2060 in

204 2092 304 2157 pari
341 2110 451 2141 casu
486 2093 693 2142 dissolvit
725 2093 1000 2142 connubium
1038 2092 1314 2150 infidelium,
1353 2092 1413 2140 ita
1437 2101 1479 2140 et
1503 2091 1587 2139 hoc
1614 2109 1693 2157 pa-

200 2168 312 2216 riter
343 2169 626 2217 dissolveret.

303 2244 454 2292 Altera
477 2245 590 2292 ratio
614 2262 695 2310 pro
721 2245 807 2293 hac
831 2246 1052 2293 sententia
1080 2246 1244 2310 petitur
1266 2263 1319 2293 ex
1346 2262 1398 2293 eo
1423 2244 1544 2310 quod
1571 2243 1694 2291 nulla

206 2331 423 2386 appareat
456 2321 605 2384 gravis
639 2321 908 2379 difficultas,
958 2322 1198 2388 quominus
1233 2339 1389 2370 verum
1425 2331 1693 2386 agnoscatur

208 2414 262 2445 ex
291 2406 415 2463 parte
446 2397 592 2445 fidelis
622 2398 827 2462 coniugis
861 2409 1203 2446 sacramentum.
1236 2398 1347 2445 Nam
1373 2398 1429 2445 de
1454 2397 1693 2461 capacitate

207 2473 421 2539 baptizati
455 2491 544 2521 non
579 2485 647 2522 est
681 2475 801 2541 quod
830 2475 1062 2532 dicamus,
1097 2492 1198 2523 cum
1232 2493 1286 2523 ea
1321 2474 1366 2521 in
1401 2474 1607 2522 confesso
1633 2471 1694 2518 sit

208 2549 329 2615 apud
364 2566 546 2607 omnes;
574 2550 725 2615 itaque
758 2550 891 2599 unica
924 2550 1165 2598 difficultas
1201 2551 1385 2616 reperiri
1414 2559 1568 2613 posset
1598 2547 1695 2595 sive

208 2643 263 2674 ex
297 2635 423 2691 parte
463 2626 656 2675 ministri
687 2665 696 2684 ,
736 2627 814 2693 qui
851 2626 1048 2675 infidelis
1082 2627 1257 2676 censeri
1293 2626 1477 2690 nequit,
1516 2623 1611 2671 sive
1640 2640 1693 2670 ex

210 2713 369 2751 natura
397 2714 650 2752 contractus
679 2715 724 2752 et
757 2705 1052 2763 sacramenti,
1086 2705 1207 2770 quod
1246 2705 1291 2751 in
1329 2701 1560 2754 individuo
1593 2717 1695 2748 con-

209 2778 354 2837 sistit,
384 2797 465 2828 nec
495 2780 748 2829 claudicare
772 2791 942 2847 potest,
972 2792 1021 2830 ut
1047 2781 1216 2830 scholis
1245 2778 1456 2845 loquendi
1482 2795 1578 2825 mos
1605 2787 1687 2824 est.

208 2854 345 2904 Aiunt
378 2856 527 2922 itaque
553 2868 630 2906 aut
663 2858 709 2905 in
743 2868 933 2924 utroque
953 2845 1256 2907 ‘contrahente
1293 2855 1512 2920 reperitur
1547 2871 1693 2902 sacra-
