1980 3260
350 217 439 270 270
666 233 746 265 mn.
776 232 822 265 11.
850 232 964 265 sacr.
993 231 1023 264 1.
1052 230 1105 263 00
1128 229 1294 262 rornsr.
1323 225 1489 264 0001115.

443 317 486 361 8.
522 310 903 375 Constantinopoli
929 310 1116 374 eiusque
1137 307 1367 356 suburbiis
1390 326 1465 356 an.
1495 311 1636 359 1769.
1665 330 1817 379 quam-2

345 394 414 440 vis
456 387 735 437 benedictina
765 386 1015 434 Declaratio
1054 402 1143 433 non
1185 384 1316 432 fuerit
1357 402 1568 450 expresse
1607 398 1812 448 extensa,

347 463 675 530 aequivalenter
708 462 827 510 idem
850 461 1136 509 constitutum
1160 470 1228 508 est
1250 459 1400 524 quoad
1423 460 1502 529 illa
1525 461 1622 525 loca
1645 462 1692 511 in
1716 467 1818 530 qui.-

345 539 430 590 bus
463 539 736 605 publicatum·
775 538 919 585 fuerat
951 553 1076 585 conc.
1121 536 1411 584 tridentinum
1439 574 1450 595 ‚
1494 537 1602 586 dum
1638 539 1815 599 valida,

343 617 547 684 quamvis
564 615 738 673 illicita,
752 623 975 663 contracta
987 612 1080 661 illie
1092 608 1376 661 matrimonia
1397 613 1634 663 edicuntur
1662 617 1792 680 (151)
1802 646 1813 664 .

442 696 486 741 9.
524 693 597 740 Sic
620 692 754 740 etiam
777 691 825 738 in
848 684 1063 739 Hibernia
1095 701 1169 738 an.
1199 691 1341 738 1785.
1375 692 1525 755 (152).

438 770 516 816 10.
561 768 612 815 In
646 766 891 833 provinciis
925 765 1137 815 rhenanis
1172 765 1256 815 sub
1289 766 1458 816 ditione
1490 768 1726 817 Borussica
1747 785 1821 817 an*

343 863 403 895 no
424 846 567 893 1830.
599 845 750 907 (153).

440 921 598 970 11.10
631 919 840 969 universo
873 919 1060 985 imperio
1092 919 1330 977 Russiaoe,
1372 929 1417 968 et
1449 920 1496 967 in
1530 938 1665 985 regno
1697 921 1820 970 Polo-

344 1001 447 1048 niae
479 1016 552 1047 an.
583 995 725 1045 1844.
760 998 909 1061 (154).

441 1075 519 1122 12.
548 1073 744 1122 Extensa
775 1072 860 1121 fuit
890 1071 1140 1121 Declaratio
1173 1071 1458 1120 benedictina
1490 1073 1545 1120 ins
1571 1073 1695 1122 Mosa
1721 1074 1822 1122 Tra*

344 1149 518 1200 iectana
534 1151 592 1200 ad
615 1167 802 1216 parvum
825 1162 863 1199 s.
882 1150 997 1198 Petri
1017 1147 1280 1198 suburbium
1297 1149 1342 1195 in
1358 1148 1576 1198 vicariatu
1592 1149 1820 1214 Limburgi

345 1242 419 1277 an.
449 1228 592 1276 1844.
624 1228 773 1291 (155).

439 1423 527 1465 (151)
546 1426 594 1456 Ex
616 1424 711 1456 Decr.
734 1431 761 1456 s.
782 1416 840 1456 off.
862 1423 943 1455 feria
962 1416 1005 1455 V.
1027 1427 1078 1456 20.
1092 1417 1227 1464 August.
1240 1425 1330 1455 1769.
1349 1435 1365 1450 «ι
1380 1422 1541 1456 Sanctitas
1554 1430 1613 1455 sua
1624 1413 1745 1463 auditis
1755 1414 1820 1457 etc.-

343 1469 490 1509 decrevit
503 1475 590 1517 quod
606 1484 664 1517 per
679 1483 707 1508 s.
717 1483 865 1516 congreg.
879 1475 921 1508 de
933 1483 1065 1517 propag.
1080 1474 1145 1507 fide
1157 1474 1317 1508 scribatur
1331 1474 1396 1508 vic.
1409 1475 1587 1516 apostolico
1607 1475 1823 1508 0005100110οὸ

343 1529 509 1571 politano,
537 1531 718 1571 opportuna
743 1530 837 1570 capta
861 1529 1030 1561 occasione
1046 1552 1058 1570 ‚
1086 1528 1255 1569 eidemque
1278 1527 1495 1569 significetur,
1520 1528 1728 1575 matrimonia
1751 1529 1821 1563 tam

346 1584 511 1616 contracta
528 1591 628 1624 quam
641 1582 879 1623 contrahenda,
897 1583 949 1615 vel
963 1583 1056 1615 inter
1069 1584 1256 1624 utramque
1268 1584 1408 1623 partem
1424 1582 1635 1615 haereticam
1645 1606 1656 1623 ‚
1671 1582 1724 1615 vel
1737 1582 1822 1615 inter

342 1645 452 1670 unam
479 1636 691 1670 catholicam
719 1638 754 1669 ct
783 1636 933 1669 alteram
962 1635 1174 1668 haereticam
1198 1634 1232 1666 in
1256 1634 1388 1668 civitate
1414 1635 1763 1677 constantinopolitana
1788 1636 1823 1668 et

343 1691 413 1724 eius
434 1689 597 1723 suburbiis
615 1699 684 1723 esse
701 1690 827 1731 valida,
843 1689 900 1723 sed
913 1689 1045 1731 illicita,
1067 1689 1207 1730 ideoque
1220 1689 1380 1732 parochos
1400 1689 1588 1722 huiusmodi
1606 1688 1826 1731 matrimoniis

342 1742 570 1776 contrahendis
591 1742 718 1776 nullum
739 1742 872 1775 omnino
893 1751 1104 1784 consensum,
1120 1751 1180 1774 nec
1196 1742 1408 1783 praesentiam
1422 1742 1586 1784 praestare
1599 1741 1749 1775 dehere.»

439 1796 525 1838 (152)
546 1799 593 1829 Ex
610 1798 705 1829 Dect.
722 1804 871 1837 congreg.
887 1804 915 1829 s.
927 1795 988 1828 off.
1006 1798 1096 1828 1785.
1112 1795 1193 1828 feria
1206 1796 1246 1827 V.
1264 1798 1294 1828 7.
1309 1795 1404 1828 Mart.
1423 1807 1438 1823 ιι
1450 1788 1604 1828 sanctiss.
1620 1794 1742 1828 auditis
1754 1795 1817 1828 etc.

343 1849 488 1883 decrevit
513 1845 720 1882 matrimonia
743 1849 846 1882 mixta
866 1850 901 1882 10
921 1849 1078 1882 Hibernia
1099 1844 1268 1882 contracta
1287 1850 1322 1882 et
1341 1848 1581 1895 contrahenda,
1605 1856 1671 1883 000
1690 1847 1821 1881 servata

344 1903 449 1935 forma
466 1912 556 1936 conc.
572 1902 739 1936 tridentini
754 1903 790 1935 in
805 1896 846 1935 iis
858 1902 956 1945 locis,
973 1903 1007 1935 in
1021 1902 1141 1944 quibus
1160 1902 1326 1936 decretum
1351 1901 1496 1935 eiusdem
1517 1901 1752 1942 concilii-sess.
1767 1903 1820 1934 24.

344 1959 417 1988 c.1.
434 1956 482 1987 De
494 1956 552 1988 ref
565 1956 627 1988 suit
640 1956 748 1988 forsan
761 1955 1016 1997 promulgatum,
1032 1954 1180 1988 alio‘non
1195 1954 1406 1987 concurrente
1419 1953 1576 1986 canonico
1590 1949 1823 1995 impedimento

345 2007 495 2048 quamvis
509 2007 642 2049 illicita,
658 2006 807 2041 habenda
821 2009 929 2041 tamen
946 2016 1015 2041 esse
1027 2007 1077 2040 uti
1091 2007 1216 2047 valida,
1232 2003 1336 2048 idque
1345 2006 1594 2048 significandum
1606 2004 1821 2048 archiepisco-

344 2060 395 2101 pis
409 2061 442 2092 et
454 2060 611 2102 episeopis
628 2032 706 2094 dicti
722 2061 829 2103 regni,
851 2070 971 2103 eosque
990 2060 1185 2102 hortandos,
1202 2060 1240 2094 ut
1257 2060 1374 2113 curent
1398 2059 1563 2103 retrahere
1584 2054 1763 2112 catholicos
1777 2056 1822 2090 011

344 2107 533 2145 huiusmodi
555 2111 676 2147 illicitis
693 2115 849 2156 00111115.)

441 2166 527 2207 (153)
549 2169 595 2199 Ex
610 2168 702 2200 Brevi
719 2169 769 2200 Pii
781 2169 870 2201 v111.
887 2169 930 2201 ad
946 2164 1088 2210 episcop.
1103 2166 1274 2200 Borussiae
1288 2167 1467 2199 rhenanae.
1486 2165 1586 2198 «10ιο
1599 2151 1730 2199 vei-'ond
1743 2172 1821 2198 000

344 2219 528 2252 1000110005
551 2219 639 2260 quod
661 2221 793 2262 attinet,
819 2230 903 2263 quae
923 2222 1027 2255 isthic
1053 2223 1157 2262 usque
1182 2220 1225 2253 ad
1250 2227 1403 2264 praesens
1427 2219 1570 2266 tempus
1581 2219 1655 2266 stne
1671 2217 1820 2261 parochi

341 2273 543 2313 praesentia
566 2271 665 2304 initae
689 2275 862 2315 sunt...per
881 2276 1007 2307 nostras
1025 2275 1149 2307 litteras
1166 2273 1320 2306 volumus
1343 2281 1382 2305 ac
1401 2272 1613 2313 mandamus,
1634 2272 1678 2304 ut
1697 2271 1819 2304 matri-

344 2325 464 2358 monia
483 2326 614 2364 mixta,
635 2334 718 2366 quae
737 2328 872 2367 posthac
885 2329 917 2360 in
933 2330 1058 2361 vestris
1079 2327 1290 2361 dioecesibus
1311 2326 1460 2359 contrahi
1480 2325 1662 2367 contingat,
1674 2333 1740 2357 non
1753 2330 1819 2357 ser·

345 2377 422 2410 vata
436 2375 540 2411 forma
554 2386 572 2410 a
587 2387 679 2411 eone.
690 2378 819 2412 trident.
839 2381 1036 2423 praescripta
1046 2405 1056 2422 ,
1074 2382 1101 2414 si
1117 2381 1240 2414 eisdem
1258 2380 1387 2412 nullum
1401 2378 1491 2411 aliud
1506 2378 1612 2411 obstet
1625 2377 1818 2410 canonicum

347 2431 631 2473 impedimentum,
644 2440 710 2474 pro
731 2434 819 2464 ratis
836 2442 874 2465 00
889 2436 980 2466 veris
1001 2434 1183 2467 connubiis
1206 2433 1405 2472 habeantur,
1420 2434 1518 2474 prout
1534 2440 1612 2472 nos,
1628 2430 1822 2465 auctoritate

346 2486 459 2517 nostra
482 2485 678 2526 apostolica,
704 2485 909 2518 matrimonia
924 2495 962 2518 00
978 2495 1056 2519 vera
1069 2496 1108 2519 ac
1126 2488 1196 2520 rata
1210 2487 1280 2520 fore
1301 2485 1533 2526 declaramus.
1550 2485 1649 2526 atque
1673 2482 1817 2517 decerni·

347 2547 439 2578 mus,
457 2538 629 2571 contrariis
652 2538 910 2581 quibuscumque
929 2548 994 2572 non
1015 2540 1253 2574 obstantibus.-

447 2591 533 2632 (154)
555 2593 602 2623 Ex
616 2599 765 2632 congreg.
780 2592 980 2632 negotiorum
994 2593 1325 2626 extraordinariorum
1341 2589 1632 2624 ecclesiasticorum
1651 2588 1818 2621 decretum

344 2645 410 2678 est:
429 2644 724 2686 «Respondendum
741 2646 899 2676 oretenus
916 2645 1121 2678 matrimonia
1141 2647 1257 2679 mixta
1277 2653 1361 2686 quae
1374 2645 1408 2676 in
1422 2644 1578 2676 massiaco
1598 2642 1763 2682 imperio,
1785 2641 1818 2673 et

344 2699 379 2731 in
394 2707 498 2739 reqno
511 2698 676 2731 poloniae
697 2697 778 2730 inita
798 2697 864 2730 sint
887 2699 1013 2739 praeter
1039 2698 1176 2732 formam
1190 2708 1210 2732 a
1222 2698 1400 2732 tridentino
1423 2695 1563 2729 concilio
1586 2694 1816 2737 praescriptam

345 2761 415 2785 esse
430 2751 604 2793 prudenter
618 2751 870 2792 dissimulanda,
892 2752 925 2783 et
947 2753 1097 2792 quamvis
1118 2753 1250 2794 illicita,
1261 2761 1330 2794 pro
1350 2749 1480 2785 validis
1494 2748 1673 2788 habenda,
1690 2747 1753 2782 nisi
1767 2748 1816 2781 1οἐ

345 2810 418 2838 11100
433 2805 521 2837 aliud
537 2805 642 2838 obstet
654 2805 846 2837 canonicum
866 2804 1022 2837 dirimens
1036 2806 1334 2848 impedimentum.»
1352 2808 1401 2838 19.
1415 2802 1553 2844 Augusti
1568 2804 1658 2837 1844.

441 2856 528 2898 (155)
549 2859 597 2890 Ex
613 2866 760 2899 congreg.
776 2866 803 2890 s.
818 2856 876 2890 off.
889 2865 941 2889 00.
959 2859 1048 2890 1844.
