1980 3260
347 225 434 272 175
671 237 752 267 Lm.
780 233 826 268 11.
855 233 968 267 sacr.
996 235 1026 266 1.
1055 234 1107 265 ni:
1134 233 1299 266 rornsr.
1331 234 1496 269 accius.

346 327 528 364 tractum
562 314 727 370 fuisse,
749 323 793 360 et
809 311 1010 360 videntes
1041 310 1265 375 publicam
1296 311 1641 376 supplicantium
1674 315 1809 365 coha-

345 392 600 438 bitationem
629 390 745 451 (36).
772 408 794 433 »

448 467 538 512 Iam
579 464 698 529 quod
732 464 887 510 attinet
920 463 977 509 ad
1013 462 1196 509 alteram
1235 462 1542 527 quaestionem
1582 462 1638 510 de
1672 466 1810 528 prolis

346 540 645 604 legitimitate,
684 537 895 586 nonnulla
914 538 970 584 iis
989 554 1105 602 quae
1133 536 1328 584 diximus
1352 536 1559 584 addenda
1582 547 1701 585 sunt.
1730 540 1812 589 Po'-

345 617 543 664 tissimus
578 615 760 662 effectus
798 614 1044 661 sanationis
1087 613 1358 661 matrimonii
1394 613 1441 659 in
1480 613 1629 662 radice
1662 624 1731 663 est
1751 615 1815 664 l'e-

345 692 557 756 gitimatio
575 690 738 756 prolis,
767 707 883 754 quae
901 689 1098 755 alioquin
1118 690 1228 738 foret
1246 689 1478 753 illegitima
1496 729 1506 748 ,
1544 701 1694 756 utpote
1716 702 1814 740 orta

345 786 397 815 ex
430 767 658 831 illegitimo
695 766 914 829 coniugio.
953 766 1048 813 Iam
1081 783 1184 814 vero
1218 766 1329 814 haec
1352 766 1518 815 sobolis
1552 767 1814 831 legitimatio

344 843 511 910 duplici
548 843 632 892 sub
655 853 858 907 respectu
882 842 1073 907 spectari
1108 853 1282 907 potest3
1322 843 1530 890 nimirum
1555 844 1650 892 sive
1677 844 1814 893 relate

344 920 401 967 ad
425 919 619 985 prolem,
658 936 774 984 quae
797 928 1026 983 procreata
1048 928 1116 966 est
1138 928 1239 984 post
1263 919 1539 967 sanationem
1564 920 1611 967 in
1635 920 1807 979 radice,

345 997 438 1044 sive
463 995 596 1043 relate
619 995 676 1042 ad
701 994 824 1042 illam
848 1011 964 1060 quae
997 1005 1092 1042 orta
1125 995 1214 1042 iam
1249 1006 1343 1043 erat
1366 1006 1467 1043 ante
1495 996 1715 1044 eiusmodi
1740 1014 1814 1045 sa-

345 1072 582 1120 nationem.
623 1072 755 1119 Porro
789 1070 961 1118 sanatio
984 1070 1119 1118 efficit
1139 1108 1149 1127 ‚
1186 1081 1236 1118 ut
1257 1088 1346 1118 non
1369 1071 1500 1119 modo
1523 1072 1715 1121 infantes
1732 1073 1810 1138 qui

346 1158 447 1213 post
470 1148 744 1195 sanationem
780 1147 977 1195 oriantur
1009 1145 1193 1209 legitimi
1218 1147 1329 1203 sint,
1358 1145 1438 1194 sed
1461 1157 1510 1194 ut
1539 1148 1670 1195 etiam
1688 1185 1699 1205 ‚
1735 1148 1813 1213 qui

349 1234 474 1272 erant
495 1224 620 1290 prius
645 1224 727 1272 orti
746 1240 798 1270 ex
828 1222 1056 1286 illegitima
1074 1222 1383 1270 coniunctione
1399 1260 1410 1280 ,
1438 1221 1686 1270 habeantur
1701 1233 1814 1271 tam-

347 1318 479 1366 quam
497 1300 699 1364 legitimi,
715 1311 848 1364 atque
867 1298 1083 1363 procreati
1101 1317 1154 1346 ex
1170 1298 1366 1362 legitimo
1384 1316 1567 1364 prorsus
1585 1299 1808 1363 coniugio.

441 1376 671 1423 Eiusmodi
689 1375 949 1438 legitimatio
968 1391 1021 1422 ea
1038 1385 1127 1432 est,
1151 1392 1291 1440 quae,
1314 1385 1363 1422 ut
1380 1374 1576 1423 diximus
1594 1374 1640 1421 in
1658 1393 1806 1440 praec.

343 1451 527 1499 articulo
545 1469 572 1499 a
594 1450 835 1499 canonistis
853 1450 1109 1515 plenissima
1138 1461 1422 1515 nuncupatur
1438 1489 1449 1508 ,
1487 1450 1544 1498 ad
1567 1450 1812 1500 distinctio·

345 1546 444 1577 nem
467 1528 563 1576 eius
597 1545 712 1594 quae
745 1527 876 1576 datur
899 1545 979 1592 per
1001 1528 1263 1593 rescriptum
1293 1546 1321 1575 a
1343 1527 1540 1592 legitimo
1558 1528 1804 1593 superiore,

343 1615 387 1652 et
419 1604 475 1652 ab
509 1623 562 1652 ea
585 1622 699 1670 quae
722 1604 922 1670 provenit
945 1622 999 1652 ex
1022 1604 1228 1668 coniugio
1253 1603 1568 1670 subsequenti,
1607 1621 1660 1653 ac
1676 1605 1811 1670 plena

342 1681 473 1745 vulgo
503 1681 665 1729 dicitur
693 1683 809 1744 (37).

438 1758 604 1806 Docent
636 1760 786 1824 itaque
820 1769 1020 1807 auctores
1061 1759 1281 1807 communi
1323 1776 1546 1807 consensu
1589 1775 1811 1806 summum

346 1834 597 1899 pontificem
631 1835 850 1883 eiusmodi
885 1835 1115 1883 sanatione
1143 1835 1189 1882 in
1224 1835 1374 1883 radice
1407 1835 1524 1883 filios
1558 1834 1811 1898 illegitimos

344 1909 509 1975 ubique
551 1921 764 1958 terrarum
809 1910 971 1958 directe
1006 1910 1254 1974 legitimare
1291 1928 1425 1976 posse
1469 1910 1617 1976 quoad
1658 1927 1812 1958 omnes

346 1987 595 2051 spirituales
636 1987 817 2036 effectus
835 2026 845 2045 ‚
890 2005 1117 2036 sacrorum
1159 1987 1365 2036 videlicet
1404 1987 1610 2036 ordinum
1627 2024 1638 2044 ‚
1678 1997 1811 2052 atque

345 2061 659 2110 beneficiorum
688 2063 1088 2112 ecclesiasticorum
1110 2083 1121 2121 ;
1150 2063 1270 2129 quod
1292 2080 1397 2112 vero
1422 2073 1593 2128 spectat
1615 2062 1673 2110 ad
1701 2072 1812 2110 tem-

347 2137 523 2202 porales
560 2139 800 2204 civilesque
827 2140 1009 2188 effectus
1038 2139 1199 2189 docent
1234 2157 1344 2188 rom.
1383 2138 1638 2205 pontificem
1666 2138 1813 2202 legiti-

348 2230 470 2260 mare
488 2212 743 2276 illegitimos
774 2215 890 2263 filios
914 2233 1050 2280 posse
1066 2254 1077 2273 ,
1099 2215 1255 2263 directe
1274 2214 1456 2281 quidem
1479 2214 1527 2261 in
1551 2214 1679 2263 terris
1703 2224 1814 2262 tem—

346 2288 488 2352 porali
522 2306 630 2336 suae
671 2290 963 2339 iurisdictioni
1007 2291 1246 2349 subiectis,
1284 2292 1406 2339 iuxta
1439 2308 1492 2339 ea
1531 2308 1647 2356 quae
1679 2290 1812 2356 plane

346 2364 615 2428 colliguntur
649 2382 700 2412 ex
734 2365 895 2413 celebri
921 2368 1209 2432 responsione
1243 2367 1488 2416 Innocentii
1513 2367 1592 2414 III.
1630 2368 1678 2414 in
1710 2384 1806 2431 cap.

347 2441 433 2487 Per
458 2441 766 2496 venerabilem,
805 2443 882 2506 qui
905 2442 990 2507 filii
1011 2445 1099 2490 sint
1133 2445 1317 2508 leqitimi
1335 2445 1451 2506 (38),
1480 2443 1686 2491 indirecte
1707 2459 1811 2491 vero

347 2517 513 2583 ubique
548 2528 788 2574 terrarum,
818 2535 896 2565 seu
921 2519 966 2564 in
992 2520 1120 2568 terris
1150 2520 1319 2568 alienae
1343 2518 1639 2567 iurisdictioni
1662 2516 1810 2583 quoad

347 2594 605 2660 temporalia
640 2594 870 2643 subiectis.
921 2595 1096 2644 Scilicet
1128 2594 1412 2661 legitimando
1451 2594 1616 2642 directe
1657 2593 1810 2642 coniu-

435 2744 502 2785 (36)
525 2746 663 2782 Quaest.
678 2748 748 2778 527.

433 2798 501 2838 (37)
519 2798 570 2831 cr.
593 2799 745 2831 Barbosa.
779 2801 865 2832 Vota
892 2798 1031 2833 deci-siv.
1043 2802 1082 2847 ,οι
1108 2800 1305 2834 consultiva
1333 2800 1487 2833 canonic.
1505 2797 1561 2832 lib.
1579 2799 1620 2831 11.
1637 2806 1671 2830 n.
1689 2802 1740 2831 22.

434 2851 499 2891 (38)
521 2852 570 2883 lta
592 2851 709 2884 Bened.
727 2852 811 2885 xw.
828 2853 961 2893 quaest.
979 2852 1033 2884 cit.
1055 2855 1123 2885 174.
