1980 3260
259 251 346 295 486
517 263 596 294 un.
627 261 672 294 ιι
701 261 815 293 sacr.
844 259 1016 292 Amana.
1045 258 1099 290 un
1122 258 1288 291 rorzsr.
1319 257 1460 291 etvini.

254 352 449 389 mentum
484 338 798 411 temporarium
824 340 909 395 sit,
940 337 1158 402 suspendi
1192 336 1355 384 debere
1387 335 1726 384 celebrationem

253 417 446 480 coniugii
479 408 621 464 donec
654 415 786 463 fuerit
820 415 1059 463 sublatum.
1084 415 1150 462 Ita
1175 414 1307 461 etiam
1341 430 1428 461 non
1460 410 1649 461 dubitat
1653 423 1732 464 ve-

254 512 355 542 care
388 492 721 540 matrimonium
756 490 1002 539 inchoatum
1025 500 1069 538 et
1091 490 1288 538 nondum
1319 485 1582 555 perfectum,
1611 491 1732 556 quod

254 570 467 618 canonice
496 607 506 626 ‚
550 586 631 617 seu
664 569 787 615 iuxta
827 567 1042 616 ecclesiae
1087 566 1208 631 leges
1255 566 1388 614 fuerit
1430 575 1702 615 contractum
1719 605 1730 623 ‚

255 647 397 693 donec
421 644 539 692 civili
564 635 662 708 lege
686 644 961 710 perficiatur;
983 654 1115 708 atque
1138 643 1316 690 interim
1341 642 1460 691 haud
1479 658 1613 709 posse
1634 638 1735 692 eon-

257 723 383 784 iuges
419 720 700 768 matrimonio
733 719 842 766 inito
876 736 1024 767 coram
1059 718 1248 766 ecclesia
1276 719 1370 776 uti,
1399 715 1487 767 nisi
1511 718 1637 784 prius
1658 734 1735 767 eo-

255 815 348 844 ram
381 797 642 861 magistratu
667 813 935 844 consensum
961 789 1382 860 rite'prae'stiterint.
1411 794 1613 844 Affirmat
1630 792 1735 843 mil·-

256 874 348 920 lum
373 873 514 921 fuisse
537 882 861 920 sacramentum
895 872 1043 938 quoad
1066 889 1144 919 eos
1162 910 1173 929 ‚
1200 872 1278 937 qui
1303 872 1618 937 praetermisso
1639 868 1737 921 fore

258 950 401 1007 civili,
425 950 568 998 solum
588 967 737 997 coram
755 949 946 997 ecclesia
962 949 1220 1013 coniugium
1238 945 1554 998 celebraverint
1565 980 1583 1006 ,-
1600 949 1737 1015 idque

258 1043 314 1073 σω
337 1025 504 1091 defectu
528 1026 702 1073 idoneae
724 1026 928 1072 materiae
943 1061 956 1081 ,
984 1025 1163 1090 quaein
1184 1025 1282 1073 eius
1307 1029 1549 1090 systemate
1572 1020 1738 1073 consti-

259 1103 401 1150 tuitur
434 1120 487 1150 ex
520 1112 748 1150 contractu
782 1101 928 1158 civili;
967 1101 1177 1167 quodque
1216 1101 1413 1149 deterius
1447 1100 1733 1157 adhuc‘est'-‚

261 1179 455 1226 affirmat
471 1179 576 1226 item
597 1178 749 1242 perfici
769 1187 1092 1225 sacramentum
1110 1191 1211 1224 cum
1238 1187 1471 1225 renovatur
1492 1184 1739 1224 consensus

263 1245 410 1303 coram
446 1255 708 1318 magistratu
727 1293 736 1311 ,
776 1254 822 1299 in
856 1270 1008 1301 eorum
1042 1253 1260 1300 sententia
1277 1292 1287 1311 ‚
1325 1253 1403 1318 qui
1439 1263 1589 1301 tenent
1633 1251 1739 1301 conl·

262 1331 486 1379 trahentes
521 1329 749 1377 ministros
784 1346 886 1377 esse
919 1328 1204 1377 sacramenti.

356 1410 508 1474 Neque
542 1408 588 1454 id
624 1408 757 1464 satis;
787 1407 866 1455 sed
900 1417 1128 1473 praeterea
1161 1408 1379 1478 affirmat
1385 1417 1486 1465 eos,
1524 1408 1603 1473 qui
1628 1420 1735 1455 oon·

259 1485 430 1548 iugium
466 1501 613 1532 coram
647 1483 836 1532 ecclesia
869 1482 1148 1531 celebrarunt
1179 1500 1281 1531 cum
1317 1475 1469 1549 aliquo
1497 1477 1665 1532 civili
1653 1500 1741 1529 im-

262 1561 541 1625 pedimento,
581 1559 682 1607 ideo
706 1559 848 1607 solum
874 1576 963 1606 non
987 1558 1149 1606 debere
1171 1559 1359 1607 admitti
1375 1560 1432 1607 ad
1457 1576 1620 1614 novum
1644 1573 1741 1606 ma-

262 1638 544 1694 trimonium,
575 1637 694 1702 quod
726 1637 946 1684 sententia
979 1647 1113 1701 quam
1146 1636 1243 1702 ipse
1274 1631 1544 1723 propugnat,
1564 1635 1743 1684 nonsit

263 1715 443 1762 omnino
467 1725 606 1770 certa,
637 1714 734 1761 sed
741 1730 821 1779 per
839 1731 888 1762 se
904 1703 1059 1779 utique
1082 1724 1259 1779 posset;
1281 1714 1371 1763 imo
1387 1714 1581 1762 ulterius
1592 1708 1741 1761 adhuc

263 1791 552 1856 progrediens
600 1790 800 1859 validum
841 1790 1105 1858 pronunciat
1153 1807 1314 1863 novum
1365 1790 1724 1838 matrimonium
1722 1827 1734 1846 ,

263 1867 381 1935 quod
419 1867 631 1924 iniretur,
669 1867 779 1932 quin
814 1866 959 1915 obstet
989 1857 1231 1915 celebratio
1274 1866 1544 1915 matrimonii
1569 1861 1741 1932 prioris

263 1943 308 1988 in
343 1942 455 1990 facie
487 1942 707 1991 ecclesiae
729 1953 773 1990 et
795 1943 916 1991 iuxta
949 1943 1071 2007 leges
1095 1944 1361 2001 canonicas,
1384 1954 1540 2010 utpote
1567 1941 1739 1990 irritum

263 2018 320 2086 eb
354 2019 718 2084 impedimentum
744 2019 872 2066 civile
890 2058 900 2076 ,
928 2019 1352 2090 concluditque'hoe
1376 2019 1620 2067 secundum
1649 2033 1741 2064 ma-

264 2094 519 2141 trimonium
545 2095 590 2141 in
614 2101 813 2161 utroque
836 2094 931 2142 foro
959 2095 1121 2141 initum
1147 2111 1234 2142 non
1258 2112 1360 2142 esse
1382 2090 1736 2149 dissolvendum,

265 2168 369 2218 licet
402 2170 528 2235 prius
562 2171 746 2219 alterum
781 2170 995 2219 canonice
1027 2163 1300 2218 celebratum
1335 2170 1509 2218 fuisset.

372 2245 458 2292 Sed
483 2263 627 2310 neque
650 2247 724 2294 hic
749 2247 979 2303 subsistit;
1012 2246 1236 2312 siquidem
1260 2246 1307 2293 in
1329 2242 1594 2312 hypothesi{
1621 2246 1742 2312 quod

268 2321 599 2369 matrimonium
634 2322 692 2368 sit
725 2340 844 2370 mere
884 2314 1038 2381 civile,
1077 2339 1130 2370 ac
1170 2332 1406 2389 propterea
1431 2321 1647 2380 *irritumss
1690 2339 1743 2370 eo

266 2397 389 2462 quod
423 2414 570 2445 coram
604 2398 799 2462 parocho
816 2409 910 2447 ‘non
936 2391 1066 2447 fuerit
1089 2394 1385 2457 celebratumss
1413 2413 1515 2447 cum
1539 2405 1687 2447 ta'men
1714 2416 1742 2446 a

267 2474 366 2538 lege
399 2473 518 2522 civili
553 2474 616 2521 uti
649 2474 847 2528 validum
882 2475 1123 2533 habeatur,
1162 2476 1322 2534 efficit,
1359 2487 1409 2523 ut
1441 2475 1565 2541 prius
1597 2475 1743 2523 matri·

267 2550 466 2597 monium
491 2549 841 2598 ecclesiasticum
865 2568 952 2597 non
978 2552 1121 2616 possit
1139 2549 1298 2617 'perfici
1317 2551 1363 2599 in
1382 2551 1475 2599 foro
1490 2549 1637 2608 civili;
1661 2567 1741 2597 seu

268 2625 364 2672 fieri
388 2626 655 2674 insanabile.
684 2627 750 2673 Ex
773 2643 862 2691 quo
886 2626 1067 2674 deducit
1090 2645 1189 2685 eos,
1219 2628 1297 2694 qui
1321 2627 1415 2676 solo
1438 2626 1743 2675 ecclesiastico

267 2702 471 2765 coniugio
505 2701 697 2768 copulati
733 2712 857 2758 sunt,
897 2701 1025 2766 longe
1059 2703 1337 2767 probabilius
1371 2700 1534 2750 debere
1567 2702 1614 2749 in
1643 2719 1743 2768 per-

266 2788 398 2840 petua
438 2777 708 2826 continentia
746 2777 893 2826 vivere
915 2816 925 2834 ‚
969 2789 1019 2826 ut
1052 2778 1117 2825 sic
1153 2778 1361 2843 propriae
1395 2777 1530 2827 saluti
1565 2777 1741 2843 prospi-

263 2864 397 2899 ciant.
