1980 3260
329 262 415 306 476
579 275 659 306 Lm.
689 275 735 306 11.
764 274 877 306 ster.
906 274 1164 306 ALTERAsDE
1190 274 1354 306 rores-r.
1383 275 1524 308 civim.

325 352 483 398 dentur
508 349 619 397 adeo
643 349 819 397 solliciti
861 367 960 398 esse
993 350 1434 415 iuriumprincipis,
1473 363 1522 399 ut
1553 353 1691 400 etiam·
1712 354 1788 401 in-

324 426 474 473 debita
507 426 604 472 iura
639 425 724 472 sub
758 426 842 473 zeli
878 427 1039 490 specie*
1062 427 1124 473 illi
1157 427 1383 474 vindicent
1420 429 1538 490 (¹5⁹1).
1576 450 1579 453 ’

422 503 488 548 Ita
519 501 699 566 quidem
735 502 906 566 passim
929 502 1122 566 theologi
1155 503 1320 567 optime
1355 503 1595 562 disserunt,
1625 505 1790 570 quibus

324 578 493 625 lubenti
535 578 684 626 animo
716 578 935 626 calculum
978 591 1176 626 nostrum
1209 579 1479 636 adiicimus,
1518 581 1653 628 immo
1684 598 1791 629 vero

326 653 551 700 nonnullis
570 654 1030 702 animadversionibus
1055 655 1156 701 heic
1178 655 1319 702 obiter
1336 656 1591 704 huiusmodi
1612 674 1791 721 respon-

327 730 476 777 siones
520 730 575 776 ad
623 730 932 793 regalistarum
965 731 1249 778 difficultates
1291 732 1620 780 confirmamus.
1646 733 1792 793 Diffi-‘3

326 805 510 853 cultates
545 806 631 853 hae
663 807 908 871 suppositis
945 807 1171 863 nituntur'‚-
1209 825 1325 871 quae
1359 807 1595 873 improbari
1630 808 1795 869 pariter

327 881 504 929 debent.
529 883 702 929 Etenim
733 885 777 929 1.
802 893 1066 948 supponunt·
1094 883 1370 948 principibus
1412 901 1505 931 non
1539 884 1794 932 incumbere

328 958 631 1007 necessarium
677 958 897 1015 officium,
936 959 1014 1006 sed
1039 976 1197 1008 *eorum
1231 976 1344 1024 pene
1385 959 1572 1008 arbitrio.
1602 959 1794 1024 relinqui

329 1040 562 1088 christiani
597 1041 706 1087 fiant
739 1059 819 1088 nec
852 1059 930 1098 ne,
953 1051 1087 1105 atque
1122 1041 1179 1087 ad
1206 1041 1259 1087 id
1290 1042 1346 1087 vex
1381 1041 1607 1105 principio·
1631 1042 1796 1088 utilite,

332 1117 387 1162 tis
410 1116 697 1163 determinari
731 1116 908 1163 debere.
937 1117 1201 1182 Supponunt
1225 1118 1269 1162 2.
1298 1116 1416 1179 leges
1449 1116 1555 1163 fieri·
1579 1116 1798 1181 potinem

330 1193 583 1257 principum
616 1192 831 1240 voluntati
865 1198 918 1239 ac
950 1193 1073 1255 leges
1113 1192 1280 1240 ferendi
1302 1192 1559 1239 auctoritati¹
1588 1191 1792 1249 satisfiat,

330 1285 463 1332 quam
498 1279 547 1314 ut
586 1268 845 1333 populorum
879 1267 1134 1314 necessitati
1170 1267 1471 1332 provideatur,
1495 1268 1798 1333 qui3=qnerun³

330 1355 402 1391 tur
433 1361 486 1391 ac
519 1362 649 1407 aegre
682 1344 828 1391 ferunt
858 1344 1128 1391 christianos
1162 1344 1351 1408 populos
1385 1343 1592 1391 civilibus
1625 1344 1798 1408 legibus

331 1438 419 1468 non
452 1420 674 1483 indigere,
709 1438 825 1484 quae
860 1421 1186 1468 matrimonium
1222 1424 1397 1484 regant,
1423 1438 1476 1468 eo
1507 1420 1800 1485 queduecolq-

331 1497 401 1544 sia
433 1497 672 1560 regendum
688 1497 809 1543 >illud
834 1500 953 1544 muto
980 1497 1154 1545 felicius
1173 1497 1387 1562 suscepit,
1409 1497 1800 1559 'similes-videntur

331 1572 505 1619 medico
531 1573 608 1637 qui
637 1573 747 1620 forte
769 1576 1026 1637 quereretur
1059 1575 1239 1636 aegrum
1274 1573 1450 1620 sanitati
1474 1574 1800 1637 ‘supernatand-

332 1648 432 1696 liter
463 1649 713 1697 restitutum
748 1650 837 1696 iam
871 1650 981 1697 suis
999 1649 1236 1696 medicinis
1262 1667 1368 1696 non.
1385 1649 1599 1712 indigene.
1627 1649 1802 1714 Suppo*

335 1730 445 1772 nunt
492 1728 536 1772 3.
574 1726 755 1775 civilem
799 1726 1104 1773 auctoritatem
1146 1728 1275 1772 extra·
1300 1725 1801 1790 xecclesiamoprincipia

334 1802 541 1867 publicae
565 1802 810 1849 honestatis
838 1812 990 1849 sancte
1014 1819 1190 1849 servare
1214 1818 1346 1866 posse
1360 1812 1410 1849 ¹et
1440 1801 1679 1848 efficaciter
1705 1802 1808 1865 pru?

335 1895 530 1934 movere,
552 1878 660 1925 dum
678 1889 832 1925 contra
865 1877 1137 1942 experientia
1162 1877 1318 1934 docet,
1338 1877 1581 1924 dictamina
1602 1877 1804 1941 ipsama—

335 1954 488 2002 turalis
514 1955 759 2002 honestatis
794 1965 887 2001 tum
909 1954 956 2000 in
989 1954 1224 2011 aliis,·tum
1246 1954 1293 2000 in
1326 1971 1374 2000 re
1397 1952 1804 2001 matrimoniali-im

335 2039 454 2076 certa
498 2041 631 2095 atque
674 2030 926 2078 inefficacia
970 2029 1028 2076 in.
1050 2033 1240 2094 pagana.
1275 2029 1482 2076 societate
1505 2029 1804 2076 evasissewac

337 2122 455 2152 nunc
489 2106 621 2153 etiam
655 2107 844 2154 evadere
876 2105 1011 2154 simul
1043 2123 1097 2153 ac
1131 2105 1425 2154 ecclesiaezet
1456 2105 1827 2168 religionis.÷·au--

338 2181 518 2228 ctoritas
551 2199 578 2228 a
611 2182 730 2229 civili
766 2186 983 2246 potestate
1025 2181 1335 2229 contemnitur.
1373 2180 1486 2227 Male
1518 2179 1664 2243 igitur!
1682 2180 1804 2245 pein-

339 2257 516 2323 cipibus
541 2257 748 2305 tribuitur
770 2259 841 2306 ius
865 2257 1034 2306 ferendi
1059 2257 1202 2320 leges,
1221 2273 1341 2321 quae
1369 2255 1634 2311 matrimonii
1646 2255 1806 2303 mineu-

338 2333 433 2380 lum
458 2333 723 2398 respiciant,
746 2352 951 2399 quaeque
974 2334 1086 2381 illud
1107 2333 1179 2381 vel
1203 2332 1448 2398 impediant
1467 2331 1801 2391 veli-dirimant,

338 2410 446 2457 dum
486 2410 614 2457 adest
651 2409 953 2458 ecclesiastica
994 2410 1230 2458 auctoritas
1270 2426 1387 2474 quae
1411 2408 1619 2473 ⁴profecto
1637 2407 1806 2456 maiori

340 2485 532 2535 scientia.
558 2503 612 2533 ac
627 2485 905 2534 :certitudine
921 2524 931 2542 ,
975 2486 1223 2550 maiorique
1261 2483 1807 2533 efficaciamonestati22oe

339 2561 564 2610 sanctitati
595 2561 791 2624 coniugii
824 2561 1056 2625 providere
1085 2572 1244 2626 potest.
1268 2561 1422 2626 Itaque
1440 2558 1617 2608 etiamsi
1640 2557 1809 2623 princi—

340 2655 420 2701 pes
444 2637 549 2685 dum
575 2655 627 2685 ex
651 2636 913 2684 infidelitate
938 2637 995 2683 ad
1018 2637 1307 2684 christianam
1331 2635 1589 2699 religionem
1606 2633 1804 2689 veniunt,

342 2713 413 2760 ius
447 2713 628 2779 aliquod
662 2713 709 2759 in
732 2712 1070 2783 ¹matrimonium
1105 2713 1377 2769 amitterent,
1399 2711 1444 2761 id
1467 2710 1638 2773 lucrum
1660 2709 1808 2775 potius

437 2835 502 2876 (57)
525 2837 595 2868 Hoc
615 2829 839 2877 argumentum
865 2834 1029 2877 praeclare
1054 2833 1177 2866 evolvit
1209 2833 1298 2866 card.
1325 2816 1489 2865 deminus
1511 2831 1545 2864 in
1566 2827 1627 2865 s'uo
1650 2830 1810 2885 ᾘαζὶᾳιο

340 2887 398 2919 del
417 2889 641 2921 „tarn-monio
659 2897 728 2930 par.
747 2890 790 2923 Π.
807 2887 904 2929 §.1v.
924 2887 1147 2929 Dian-esnone.
