1980 3260
274 238 364 279 cu.
377 247 436 280 vi.
451 229 643 296 nnsm'rn.
663 246 839 280 1111111111.
855 245 939 278 mr.
955 246 1003 278 sa
1020 246 1100 278 vm.
1120 237 1204 279 cuii
1224 245 1346 278 carn.
1366 236 1457 279 Aur.
1471 237 1528 278 iv.
1578 231 1668 277 259

302 325 356 371 21
370 363 385 371 ..
419 325 468 371 ln
498 324 663 372 ducatu
685 322 980 387 Luxemburgi
1013 324 1130 386 (93).

302 402 378 449 22.
419 402 469 447 In
492 400 603 448 urbe
627 399 872 448 Genevensi
888 401 940 461 (9
950 400 1014 462 4).

301 479 376 525 23.
417 478 468 524 In
501 476 650 524 insula
675 476 782 523 Tine
807 476 1082 541 archipelagi
1105 478 1221 538 (95).

302 555 378 611 24.
419 554 470 601 ln
493 562 583 601 toto
607 552 892 617 archipelago
916 553 1123 600 universe
1147 551 1420 617 publicatum
1444 561 1513 600 est
1536 552 1582 598 in
1606 568 1677 599 ec-¹

203 630 354 678 clesiis
377 628 610 677 catholicis
639 623 757 691 (96).

245 733 249 751 ;
299 707 377 752 25.
417 704 798 768 Constantinopoli
830 721 883 752 ac
914 705 962 751 in
994 704 1210 752 suburbio
1234 705 1370 752 Perae
1400 695 1445 750 in
1475 703 1676 752 ecclesiis

202 781 368 846 pariter
390 779 623 828 catholicis
648 780 975 843 promulgatum
999 791 1066 828 est
1089 782 1204 843 (97).

227 883 257 891 v
299 857 377 904 26.
408 856 466 903 ‚ln
500 854 704 920 pluribus
745 855 985 911 Hiberniae
1024 855 1327 912 dioecesibus;
1372 856 1596 920 siquidem
1631 858 1676 903 in

201 931 427 981 nonnullis
445 970 455 990 ,
493 920 754 997 praesertim
790 931 1209 996 septentrionalibus
1245 931 1335 978 iam
1359 930 1416 979 ab
1440 931 1675 980 haereticis

201 1009 428 1076 occupatis
457 1008 673 1073 publicari
698 1024 786 1056 non
809 1007 950 1073 potuit
972 1009 1087 1070 (98).

299 1163 364 1204 (93)
382 1165 430 1195 Ex
442 1162 514 1194 Act.
529 1170 556 1195 s.
572 1161 629 1194 off.
645 1170 698 1194 an.
716 1163 806 1194 1845.
822 1169 894 1203 pag.
913 1164 964 1194 27.
981 1160 1037 1193 ubi
1053 1160 1117 1193 vic.
1135 1160 1332 1202 apostolicus
1347 1161 1478 1194 scribit:
1499 1174 1513 1189 α
1526 1161 1677 1194 Essendo

205 1217 290 1249 stato
308 1215 495 1257 pubblicato
511 1215 544 1247 in
559 1215 672 1256 questo
685 1215 840 1247 vicariato
855 1215 877 1246 il
891 1222 982 1246 conc.
996 1213 1174 1247 tridentino
1188 1215 1273 1247 etc.»

300 1269 367 1310 (94)
388 1270 437 1300 Ex
455 1267 571 1300 iisdem
596 1268 666 1299 Act.
682 1276 734 1299 an.
757 1272 848 1300 1852.

300 1321 366 1363 (95)
386 1323 432 1353 Ex
449 1320 564 1353 iisdem
580 1321 650 1353 Act.
662 1321 696 1352 in
714 1320 832 1361 quibus
855 1320 971 1361 legitur
997 1314 1044 1352 12.
1062 1322 1138 1362 Apr.
1158 1324 1247 1353 1683.
1263 1321 1352 1353 card.
1368 1322 1527 1354 Gonettus
1540 1321 1678 1354 debebat

200 1374 325 1407 referre
345 1382 531 1415 processum
548 1373 590 1405 ab
604 1373 755 1414 episcopo
776 1370 893 1404 tinensi
916 1372 1142 1404 transmissum
1157 1373 1244 1405 circa
1258 1373 1510 1414 publicationem
1524 1375 1556 1406 et
1570 1374 1677 1407 obser-

203 1427 368 1460 vationem
391 1426 511 1459 decreti
539 1434 630 1458 conc.
646 1424 814 1458 tridentini
828 1424 868 1457 de
882 1426 1023 1456 matrim.
1039 1425 1072 1456 in
1086 1423 1193 1457 insula
1206 1423 1336 1466 tineosi,
1352 1425 1408 1458 sed
1425 1425 1509 1458 dixit
1526 1434 1592 1458 non
1607 1435 1677 1459 esse

197 1480 426 1521 necessarium,
444 1480 482 1511 ut
497 1479 629 1519 reserat,
645 1487 686 1511 ne
702 1478 855 1510 sanctiss.
872 1477 980 1510 taedio
994 1477 1064 1510 sine
1084 1478 1188 1511 fructu
1204 1478 1418 1511 afficeretur.»

212 1575 214 1578 y
289 1533 355 1575 (96)
376 1534 423 1565 Ex
441 1531 556 1565 iisdem
579 1521 667 1564 Actis
690 1531 729 1564 ad
753 1539 806 1563 an.
825 1534 914 1564 1758.
938 1533 1002 1563 Pro
1018 1530 1157 1564 dioecesi
1173 1532 1338 1564 Santorini
1362 1541 1388 1565 s.
1405 1541 1555 1574 congreg.
1572 1541 1599 1566 s.
1616 1534 1674 1566 ost'.

198 1585 343 1619 decrevit
357 1585 411 1619 die
426 1590 478 1619 28.
494 1586 591 1618 Mart.
608 1588 697 1618 1756.
712 1584 918 1616 matrimonia
938 1584 1040 1616 mixta
1059 1585 1142 1617 inter
1158 1585 1336 1617 catholicos
1348 1586 1380 1617 et
1395 1585 1618 1619 schismaticos
1639 1586 1676 1619 il-

200 1639 291 1677 licita
313 1647 381 1685 esse
403 1638 459 1672 sed
474 1638 596 1671 valida.
612 1638 673 1671 Die
695 1646 772 1671 vero
795 1642 845 1670 25.
860 1639 930 1670 Ian.
951 1641 1040 1670 1758.
1059 1637 1100 1670 ab
1120 1637 1233 1670 eadem
1253 1637 1399 1671 decisum
1420 1638 1498 1671 suit:
1516 1651 1531 1667 α
1546 1639 1677 1673 Arcbie-

200 1693 333 1736 piscopo
349 1692 520 1734 (Naxiae)
539 1691 750 1733 interroganti
772 1691 937 1733 quomodo
962 1700 995 1724 se
1020 1700 1129 1733 gerere
1155 1691 1270 1724 debeat
1292 1691 1378 1724 circa
1403 1691 1611 1725 matrimonia
1625 1701 1676 1726 ca-

198 1746 396 1780 tholicorum
405 1754 480 1778 cum
493 1745 726 1786 schismaticis,
736 1744 880 1786 idipsum
894 1744 1154 1787 respondendum
1169 1746 1380 1786 censuerunt,
1394 1745 1482 1786 quod
1492 1754 1512 1778 a
1524 1754 1674 1788 congreg.

199 1810 228 1833 s.
240 1800 299 1843 off.
315 1799 376 1833 sub
389 1799 443 1832 die
458 1804 509 1832 26.
520 1800 615 1832 Mart.
632 1802 722 1833 1786.
737 1808 927 1840 responsum
953 1799 1015 1831 fuit
1038 1798 1143 1832 eidem
1168 1799 1413 1840 interrogationi
1430 1799 1534 1832 factae
1553 1800 1594 1833 ab
1610 1801 1676 1843 epi-

201 1856 301 1895 scopo
329 1853 508 1893 Santorini‚
528 1859 567 1885 ac
587 1852 723 1894 proinde
749 1851 892 1885 edictum
917 1854 995 1885 tunc
1010 1852 1051 1884 ab
1066 1852 1179 1884 eadem
1194 1852 1440 1893 congregatione
1454 1853 1592 1886 Naxiam
1606 1862 1676 1887 esse

198 1905 495 1947 transmittendum,
510 1907 609 1947 atque
621 1905 654 1938 in
666 1905 830 1938 subiectis
846 1904 971 1938 insulis
986 1906 1098 1937 exacte
1111 1905 1382 1938 observandum.»
1391 1907 1463 1943 Quo
1477 1905 1606 1939 decreto
1619 1915 1673 1948 pa·

196 1959 266 1993 oefit
277 1959 480 2002 publicatum
506 1959 637 2000 quidem
660 1959 759 1992 fuisse
775 1958 988 1991 tridentinum
1012 1958 1177 1991 decretum
1199 1958 1233 1990 in
1251 1958 1395 1992 ecclesiis
1417 1958 1586 1992 catholicis
1609 1967 1676 1992 non

198 2012 306 2045 autem
321 2011 354 2056 in
369 2012 513 2045 ecclesiis
528 2011 819 2045 schismaticorum.
1262 2055 1264 2057 Ι
1474 2055 1478 2059 η

296 2065 362 2108 (97)
385 2067 432 2098 Ex
460 2065 590 2098 decreto
612 2074 639 2098 s.
652 2065 710 2098 off.
726 2065 784 2098 fer.
799 2067 840 2098 V.
857 2069 907 2098 20.
923 2066 1005 2107 Aug.
1025 2068 1115 2098 1769.
1130 2078 1146 2093 n
1160 2065 1320 2098 Sanctitas
1330 2074 1389 2098 sua
1403 2064 1524 2098 auditis
1544 2065 1607 2098 etc.
1622 2065 1675 2098 de-

195 2119 317 2158 crevit,
335 2118 424 2160 quod
438 2127 494 2161 per
508 2128 535 2152 s.
546 2128 694 2161 congreg.
710 2118 751 2151 de
765 2127 898 2161 propag.
921 2118 986 2151 fide
1009 2118 1169 2151 scribatur
1191 2119 1254 2152 vic.
1273 2118 1450 2161 apostolico
1463 2118 1677 2151 constantino-

198 2170 361 2213 politano,
386 2172 569 2212 opportuna
587 2171 698 2213 aliqua
721 2172 816 2213 capta
841 2172 1026 2213 occasione,
1052 2171 1223 2214 eidemque
1240 2170 1454 2212 significetur,
1469 2171 1677 2203 matrimonia

197 2225 265 2256 tam
288 2224 475 2264 contracta,
491 2232 589 2264 quarn
608 2224 827 2256 contrahenda
843 2224 893 2256 vel
910 2225 1002 2257 inter
1015 2226 1203 2267 utramque
1212 2225 1351 2266 partem
1371 2223 1601 2264 haereticam,
1622 2224 1674 2257 vel

197 2275 280 2308 inter
295 2284 405 2308 unam
420 2275 629 2308 catholicam
642 2277 675 2308 ct
690 2276 841 2308 alteram
866 2276 1079 2310 haereticam
1092 2278 1126 2309 in
1139 2278 1282 2310 civitate
1293 2277 1674 2319 constantinopolitana

197 2328 231 2359 et
251 2328 325 2360 eius
346 2327 525 2360 suburbiis
546 2336 616 2360 csse
636 2327 778 2369 valida,
798 2328 854 2361 sed
870 2328 1006 2371 illicita,
1022 2329 1159 2371 ideoque
1174 2329 1334 2370 parochos
1351 2329 1539 2362 huiusmodi
1562 2329 1690 2362 inatri->

197 2380 318 2413 moniis
330 2381 558 2414 contrahendis
571 2381 698 2413 nullum
711 2382 843 2414 omnino
854 2391 1046 2416 consensum
1058 2391 1118 2415 nec
1127 2382 1340 2424 praesentiam
1351 2385 1513 2424 praestare
1523 2383 1671 2415 debere.»

202 2477 204 2479 .
293 2435 336 2466 Et
348 2433 465 2467 iterum
481 2435 516 2467 in
530 2435 594 2467 alio
609 2435 754 2467 eiusdem
767 2443 794 2467 s.
807 2435 863 2468 off.
872 2444 1020 2478 congreg.
1035 2435 1162 2468 decreto
1174 2434 1310 2468 dicitur:
1325 2438 1443 2468 «Conc.
1455 2436 1669 2468 tridentinum

197 2486 233 2518 in
243 2487 325 2519 Pera
339 2487 477 2520 habetur
491 2496 550 2528 pro
566 2487 729 2529 publicato
749 2487 841 2520 iuxta
856 2487 1106 2521 declarationem
1124 2497 1151 2523 s.
1167 2497 1316 2530 congreg.
1331 2489 1460 2521 concilii
1479 2487 1669 2529 tridentini;

199 2546 275 2571 nam
291 2538 382 2572 adest
395 2539 569 2573 declaratio
585 2540 674 2581 quod
688 2540 721 2572 in
736 2540 889 2581 parochia
910 2541 992 2573 etc.»
1005 2542 1077 2578 Quo
1091 2541 1128 2574 fit
1144 2543 1179 2574 ut
1192 2541 1399 2574 matrimonia
1419 2541 1503 2573 inter
1519 2540 1606 2573 solos
1621 2548 1672 2572 ca·v

198 2591 339 2625 tholicos
355 2592 435 2625 inita
451 2593 573 2634 absque
587 2593 691 2626 forma
703 2601 795 2626 conc.
805 2593 973 2626 tridentini
987 2593 1032 2627 ibi
1047 2594 1137 2627 nulla
1148 2594 1232 2636 sint,
1249 2596 1286 2627 ut
1299 2594 1380 2627 alias
1395 2593 1458 2626 suit
1471 2593 1673 2626 declaratum

195 2643 324 2678 decreto
340 2655 366 2678 s.
381 2646 437 2678 ol'f.
450 2655 503 2678 an.
524 2651 613 2680 1850.

291 2698 356 2741 (98)
377 2701 460 2732 Nam
484 2708 537 2732 an.
558 2703 662 2742 1784„
679 2702 715 2733 ut
738 2700 902 2742 dicemus,
925 2710 945 2734 a
969 2701 1028 2735 Pio
1046 2703 1103 2736 vl.
1121 2703 1254 2735 extensa
1282 2701 1344 2734 fuit
1369 2699 1551 2733 Declaratio
1578 2698 1672 2732 bene*

195 2750 338 2794 dictina3
355 2752 495 2796 ideoque
509 2754 711 2796 publicatum
724 2755 847 2787 iamdiu
862 2757 932 2788 erat
946 2756 1112 2789 decretum
1128 2756 1352 2789 tridentinum.

291 2806 374 2839 Hinc
395 2806 449 2839 die
470 2810 500 2840 7.
518 2808 611 2841 Mart.
631 2811 720 2841 1785.
738 2809 928 2851 rescriptum
952 2809 1201 2851 archiepiscopis
1223 2808 1408 2841 Hiberniae.
1423 2820 1439 2835 «ι
1459 2805 1670 2848 Exploratum

196 2859 243 2892 est
257 2860 461 2902 amplitudini
476 2862 601 2896 vestrae
616 2863 789 2897 nonnullos
797 2863 970 2898 Hiberniae
983 2864 1143 2898 antistites
1155 2873 1220 2896 sac.
1236 2863 1319 2896 hanc
1334 2860 1615 2939 congregatione?
1629 2860 1671 2892 de
