1980 3260
289 230 377 262 cst.
393 230 439 260 11.
455 229 505 260 DE
524 228 639 261 Eccl..
655 228 817 259 POTEST.
833 227 974 259 coNsr.
990 227 1076 258 mr.
1100 227 1222 258 uun.
1239 227 1322 258 mn.
1339 227 1429 258 Aur.
1446 226 1490 257 H.
1574 212 1632 257 57

183 308 524 370 carthaginiensi
552 308 619 363 IV,
648 317 694 352 ut
718 305 961 352 invalidum
978 304 1227 351 decernitur
1250 304 1307 350 ab
1323 304 1576 352 Innocentio
1596 304 1628 349 1.

184 384 424 431 scribente:
453 383 611 439 «Quae
634 383 807 429 Christo
825 380 1080 445 spiritaliter
1097 391 1362 444 nupserunt,
1385 390 1427 427 et
1448 379 1580 427 velari
1607 397 1635 427 a

182 461 410 508 sacerdote
435 470 711 514 meruerunt,
743 459 782 506 si
806 467 958 523 postea
980 456 1049 504 vel
1075 456 1249 521 publice
1284 457 1540 520 nupserint,
1567 456 1636 504 vel

184 553 232 582 se
266 536 463 583 clanculo
504 534 805 599 corruperint,
854 551 942 581 non
985 550 1060 580 eas
1104 532 1396 579 admittendas
1439 549 1539 579 esse
1580 532 1636 579 ad

182 611 396 674 agendam
419 610 733 673 poenitentiam
749 647 758 664 ‚
781 610 866 655 nisi
896 610 934 656 is
961 609 1031 655 cui
1057 625 1104 654 se
1128 608 1358 654 iunxerant
1383 607 1439 654 de
1463 607 1640 654 saeculo

182 685 424 734 recesserit.
465 685 509 730 Si
539 685 656 731 enim
680 685 735 731 de
768 684 973 730 omnibus
1008 684 1117 731 haec
1150 684 1258 730 ratio
1293 683 1564 740 custoditur,
1590 693 1640 729 ut

179 778 455 825 quocumque
472 760 645 807 vivente
666 759 760 807 viro
784 759 908 805 alteri
927 760 1149 822 nupserit,
1172 758 1387 806 habeatur
1410 758 1607 805 adultera
1622 796 1632 815 ,

178 853 258 883 nec
281 837 320 883 ei
351 835 546 898 agendae
572 834 865 898 poenitentiae
888 834 1064 881 licentia
1088 834 1373 891 concedatur,
1402 835 1490 882 nisi
1523 852 1638 882 unus

177 929 229 959 ex
262 911 327 958 eis
350 911 581 959 defunctus
606 911 755 957 fuerit:
785 920 948 975 quanto
972 911 1112 972 magis
1141 910 1196 956 de
1228 909 1303 956 illa
1335 911 1522 957 tenenda
1545 921 1634 967 est,

177 1005 290 1052 quae
317 998 417 1035 ante
446 986 678 1034 immortali
714 1004 761 1033 se
791 1003 957 1050 sponso
989 987 1304 1041 coniunxerat,
1333 996 1377 1032 et
1400 996 1551 1050 postea
1584 985 1640 1033 ad

178 1063 395 1110 humanas
430 1063 608 1127 nuptias
644 1062 972 1124 transmigravit
1001 1061 1134 1124 (fimi)
1155 1082 1176 1106 »
1216 1061 1266 1107 Id
1297 1061 1443 1126 ipsum
1477 1061 1641 1109 consti-

178 1140 259 1186 tuit
281 1156 404 1187 conc.
434 1138 783 1186 chalcedonense
806 1155 904 1186 can.
924 1138 1033 1184 XVI.
1062 1138 1134 1185 his
1158 1138 1330 1195 verbis;
1366 1158 1387 1183 «
1408 1138 1639 1185 Sancimus

177 1215 414 1278 virginem,
453 1232 567 1279 quae
606 1232 652 1262 se
690 1215 782 1262 ‘Deo
822 1214 1126 1270 consecravit,
1166 1214 1370 1261 similiter
1409 1224 1452 1261 et
1489 1231 1641 1262 mona-

177 1290 309 1337 chum
328 1329 337 1347 ,
369 1308 456 1338 non
484 1291 625 1354 licere·
647 1291 863 1355 nuptialia
893 1291 989 1337 iura
1022 1291 1294 1338 contrahere.
1325 1290 1451 1346 Quod
1486 1290 1524 1337 si
1555 1290 1639 1337 hoc

178 1366 342 1414 inventi
377 1366 541 1413 fuerint
574 1376 897 1431 perpetrantes,
937 1367 1387 1414 excommunicentur.
1424 1366 1640 1413 Confiten-

176 1439 293 1489 tibus
329 1452 474 1489 autem
508 1443 806 1499 decrevimuS,
837 1454 886 1489 ut
914 1443 1075 1490 habeat
1103 1443 1404 1490 auctoritatem
1439 1442 1639 1489 eiusdem

177 1517 261 1565 loci
297 1518 533 1582 episcopus
575 1518 923 1566 misericordiam
963 1519 1060 1575 eis,
1106 1519 1512 1584 humanitatemque
1554 1517 1642 1565 lar-

175 1592 258 1655 giri
287 1594 381 1654 (63)
404 1630 414 1649 ,
435 1612 458 1637 »
491 1602 534 1640 et
557 1610 655 1640 can.
683 1594 770 1639 XV.
799 1594 854 1640 de
876 1593 1130 1641 diaconissa
1152 1594 1240 1640 iam
1266 1603 1495 1651 sanxerat,
1523 1593 1643 1659 quod

182 1668 262 1715 «si
297 1668 556 1732 aliquandiu
588 1670 796 1734 temporis
821 1670 867 1715 in
896 1670 1140 1717 ministerio
1164 1687 1427 1734 permanens
1445 1707 1455 1727 ,
1483 1680 1641 1717 semet-

176 1745 319 1809 ipsam
356 1745 504 1792 tradat
535 1746 704 1810 nuptiis
727 1784 736 1802 ,
776 1746 942 1808 gratiae
974 1747 1055 1793 Dei
1090 1746 1400 1794 contumeliam
1440 1746 1606 1794 faciens
1627 1784 1639 1804 ‚

177 1819 569 1867 anathematizetur
602 1820 858 1868 huiusmodi
892 1839 989 1868 cum
1030 1839 1082 1869 eo
1104 1859 1114 1878 ,
1160 1823 1236 1886 qui
1279 1821 1422 1869 eidem
1463 1821 1642 1888 copula-

179 1904 249 1942 tur
274 1896 391 1957 (64).
418 1915 440 1940 »

272 1970 462 2018 Rursum
497 1972 784 2019 Innocentius
821 1973 855 2018 1.
890 1973 935 2018 in
966 1973 1096 2037 epist.
1131 1972 1188 2019 ad
1223 1971 1412 2019 Probum
1453 1970 1644 2036 impedi-

176 2056 374 2094 mentum
409 2047 635 2111 ligaminis
671 2049 740 2095 sin
766 2049 915 2096 minus
950 2048 1165 2106 instituit,
1203 2049 1310 2114 quia
1343 2048 1490 2113 ipsum
1531 2048 1642 2096 iuris

174 2121 313 2169 divini
349 2133 440 2180 est,
480 2124 634 2171 saltem
668 2124 863 2189 applicat
887 2125 942 2171 ad
978 2125 1243 2189 peculiarem
1277 2142 1430 2173 casum
1458 2124 1515 2172 de
1553 2142 1641 2190 quo

174 2198 410 2262 agebatur,
440 2199 626 2264 eiusque
651 2200 740 2248 vim
773 2201 967 2248 declarat
992 2202 1082 2249 illis
1115 2201 1288 2250 verbis:
1323 2221 1345 2247 «
1364 2201 1606 2249 Statuimus
1624 2239 1634 2259 ‚

176 2272 263 2321 fide
299 2273 517 2321 catholica
557 2275 828 2339 suffragante
855 2315 865 2333 ,
910 2277 1019 2342 illud
1053 2294 1153 2325 esse
1186 2277 1440 2342 coniugium
1465 2316 1475 2336 ,
1519 2277 1639 2343 quod

176 2349 382 2412 primitus
417 2361 510 2398 erat
542 2351 684 2414 gratia
717 2352 868 2400 divina
902 2352 1157 2410 fundatum,
1198 2364 1548 2418 conventumque
1572 2370 1640 2402 se·-

265 2515 331 2555 (62)
352 2516 452 2557 Epist.
471 2518 512 2549 11.
524 2517 566 2549 ad
582 2517 771 2550 Victrieium
785 2519 1049 2560 Rotomagensem
1064 2529 1134 2561 cap.
1146 2522 1217 2553 Xll.
1230 2520 1317 2562 apud
1327 2522 1483 2555 coustant
1492 2522 1553 2555 col.
1565 2524 1638 2555 754.

173 2567 229 2599 uhi
255 2568 457 2609 apertissime
478 2571 510 2602 et
531 2570 790 2603 ineluctabilibus
809 2571 1011 2605 documentis
1031 2573 1139 2606 ductis
1153 2582 1172 2605 a
1186 2582 1277 2606 conc.
1293 2574 1436 2607 toletano
1451 2576 1478 2606 1.
1497 2583 1568 2608 can.
1589 2579 1637 2608 16.

173 2620 340 2652 turonensi
349 2622 392 2652 Η.
409 2630 480 2653 can.
493 2627 544 2654 20.
555 2622 723 2654 arelatensi
736 2624 777 2655 11.
788 2631 859 2656 can.
873 2629 924 2657 52.
940 2625 1154 2658 aurelianensi
1163 2628 1292 2659 V.·can.
1312 2631 1360 2662 19.
1375 2626 1600 2659 matisconensi
1613 2628 1638 2659 l.

175 2680 246 2704 ean.
267 2676 315 2705 12.
335 2673 376 2705 cl.
396 2673 501 2706 editor
521 2675 663 2707 ostendit
683 2676 905 2710 Innocentium
923 2677 964 2710 de
981 2686 1059 2710 vera
1077 2678 1218 2720 coniugii
1236 2679 1447 2713 dissolutione
1467 2679 1639 2719 disserere,

171 2725 270 2765 atque
290 2725 411 2758 idcirco
430 2726 471 2759 de
491 2726 664 2760 dirimente
684 2728 929 2771 impedimento,
946 2730 1034 2771 quod
1055 2731 1123 2772 ipse
1143 2731 1322 2764 constituit.

259 2778 325 2819 (63)
347 2779 504 2813 Harduin.
528 2782 614 2814 Acta
634 2782 757 2814 concil.
775 2783 853 2816 tom.
871 2785 912 2815 ll.
932 2784 994 2816 col.
1015 2788 1087 2816 607.

262 2831 327 2872 (64)
348 2832 430 2865 lbid.
