1980 3260
251 255 342 288 cn.
361 255 424 286 111.
443 254 495 285 nn
514 252 631 285 acen.
649 250 923 284 POT.1>ISP.1N
941 250 1173 284 memmi.
1192 250 1277 283 mn.
1295 251 1389 283 Aur.
1405 251 1463 283 1v.
1538 235 1629 282 1153

153 332 371 396 originem
406 328 778 378 ducit.‘Affinitas
813 330 964 387 enim,
1004 346 1121 394 quae
1154 329 1294 376 oritur
1326 346 1380 376 ex
1414 340 1515 376 actu
1550 329 1634 377 for-

154 409 323 457 nicario
348 425 436 456 non
461 425 558 455 eam
583 407 826 472 praesefert
855 405 1080 471 publicam
1107 404 1401 452 indecentiam
1421 443 1431 462 ,
1460 422 1513 453 ac
1536 423 1634 471 pro-

156 486 260 533 inde
295 485 523 550 publicum
553 483 840 540 scandalum,
870 499 988 547 quae
1013 499 1065 529 ex
1096 482 1303 545 coniugio
1334 483 1447 529 inter
1474 483 1634 531 affines

154 579 208 609 ex
244 561 443 625 legitima
475 559 634 624 copula
667 558 818 606 enasci
853 569 1192 606 consueverunt.
1233 558 1463 622 Siquidem
1499 559 1635 624 privi-

156 638 272 702 gnus
294 675 304 692 ‚
344 636 551 701 privigna
574 674 582 692 ‚
623 653 759 699 gener
781 646 824 682 et
847 653 986 683 nurus
1017 635 1158 682 donec
1185 635 1514 682 matrimonium
1539 653 1635 700 per-

155 714 356 769 duravit,
390 727 651 767 novercam,
692 728 922 767 socerum,
962 728 1138 758 socrum
1172 710 1268 758 loco
1301 721 1535 776 parentum
1560 711 1636 758 ha-

155 789 371 845 buerunt;
409 796 563 834 contra
585 803 689 834 vero
713 803 814 833 eum
840 787 919 850 qui
944 787 1188 834 fornicatus
1214 787 1344 834 fuerit
1370 804 1471 834 cum
1495 798 1635 836 matre

157 866 387 921 defuncta,
424 880 668 927 numquam
703 862 799 909 loco
833 863 974 927 patris
1015 863 1174 909 habuit
1213 863 1465 926 quispiam;
1504 874 1636 930 atque

156 944 227 991 ita¹
246 957 377 1006 porro
411 939 468 986 de
503 939 661 987 ceteris
695 939 883 986 dicatur.
911 939 1055 1004 Atque
1078 939 1192 985 haec
1215 938 1452 1003 potissima
1475 951 1543 987 est
1565 958 1636 988 ra-

155 1019 242 1075 tio,
282 1034 422 1082 quare
458 1017 621 1064 summi
655 1016 889 1081 pontifices
917 1016 963 1062 in
992 1015 1237 1073 affinitate,
1276 1016 1333 1063 de
1367 1033 1457 1080 qua
1490 1017 1637 1064 disse-

154 1094 322 1151 rimus,
359 1094 582 1142 interdum
615 1093 955 1158 dispensarint,
995 1110 1240 1158 numquam
1273 1110 1379 1142 vero
1404 1093 1450 1139 in
1477 1093 1631 1151 altera,

159 1188 278 1236 quae
309 1188 363 1217 ex
396 1170 678 1218 matrimonio
712 1169 911 1233 legitimo
945 1180 1196 1234 promanat.
1534 1183 1536 1185 ’

197 1246 199 1248 ’
255 1247 375 1303 Quin
408 1247 542 1294 etiam
577 1263 678 1294 cum
709 1245 888 1294 veniam
916 1246 1211 1294 concederent
1231 1256 1281 1294 ut
1304 1247 1507 1295 contrahi
1532 1263 1637 1312 pos-

157 1335 225 1372 set
257 1322 516 1388 ceniugium
549 1340 649 1371 cum
685 1324 906 1371 eiusmodi
942 1324 1077 1372 affine
1101 1324 1157 1372 ob
1187 1318 1392 1372 illicitum
1428 1342 1638 1373 commer—

155 1399 302 1458 cium,
342 1399 604 1466 opportunis
641 1400 830 1449 sollicite
865 1401 1052 1449 cautelis
1087 1403 1143 1448 ad
1178 1396 1392 1467 quamvis
1410 1402 1495 1450 hac
1513 1395 1565 1449 'in
1591 1419 1638 1449 re

155 1478 566 1543 aequivocationem
601 1478 893 1526 amovendam
928 1475 1168 1526 utebantur
1190 1473 1340 1542 (137).

176 1572 194 1581 ¹*
251 1553 317 1601 De
350 1555 691 1620 dispensatione
715 1555 761 1601 in
786 1554 930 1619 primo
956 1555 1186 1603 affinitatis
1220 1555 1362 1619 gradu
1395 1554 1637 1603 collaterali

160 1632 225 1681 nil
254 1633 412 1680 attinet
435 1633 606 1690 dicere,
634 1650 736 1680 cum
760 1632 850 1679 iam
875 1633 1183 1698 quaestionem
1215 1633 1334 1680 hanc
1368 1632 1502 1697 paulo
1537 1642 1638 1680 ante

158 1709 651 1774 praeoccupaverimus.
681 1710 807 1756 Nunc
831 1726 969 1773 penes
1005 1709 1235 1773 theologos
1270 1726 1424 1757 omnes
1450 1726 1502 1756 ac
1526 1708 1638 1756 iuris

156 1784 360 1832 canonici
402 1785 662 1850 interpretes
703 1783 978 1849 exploratum
1013 1796 1082 1832 est
1096 1800 1112 1842 ⁵,
1164 1783 1349 1848 gradum
1390 1783 1511 1831 hunc
1549 1801 1638 1831 non

156 1872 360 1927 spectare
378 1861 435 1908 ad
454 1861 525 1909 ius
544 1871 728 1909 naturae
752 1878 908 1926 presse
932 1871 1177 1926 sumptum.
1201 1861 1419 1908 Discussa
1441 1878 1494 1908 ex
1518 1870 1640 1908 utra-

161 1955 250 2003 que
283 1947 407 2002 parte
439 1937 643 2002 quaestio
667 1937 779 1985 haec
802 1954 963 2000 magno
989 1937 1238 1985 animorum
1263 1947 1390 1984 aestu
1411 1936 1639 2001 quondam

158 2013 242 2061 fuit
281 2031 336 2060 ex
380 2013 620 2061 occasione
648 2052 658 2070 ,
708 2031 798 2078 qua
825 2051 835 2069 ,
884 2023 933 2060 ut
975 2012 1212 2070 diximus,
1260 2011 1480 2060 Henricus
1518 2012 1634 2058 Vlll.

158 2089 458 2139 contendebat
502 2090 673 2137 nullam
710 2108 762 2138 ac
794 2089 965 2136 irritam
997 2106 1100 2138 esse
1133 2089 1516 2155 dispensationem
1551 2088 1639 2137 sibi

159 2165 320 2215 factam
350 2183 377 2213 a
400 2166 514 2212 Iulio
550 2167 607 2212 11.
640 2166 834 2215 ducendi
868 2166 1155 2213 Gathar-inam
1189 2183 1512 2231 aragonensem
1546 2184 1638 2214 ma-

160 2242 364 2291 trimonio
416 2241 670 2306 copulatam
711 2259 811 2290 cum
857 2241 1068 2291 defuncto
1107 2242 1205 2291 eius
1249 2243 1384 2290 fratre
1421 2242 1633 2291 Arthuro.

160 2318 297 2366 Nemo
327 2335 445 2365 nunc
479 2328 686 2382 superest
712 2319 791 2383 qui
815 2318 965 2367 adhuc
993 2336 1047 2367 ea
1069 2319 1126 2367 de
1149 2336 1196 2367 re
1222 2320 1534 2385 quaestionem
1566 2330 1643 2368 aut

159 2393 347 2442 dubium
371 2403 561 2443 moveat.

253 2559 341 2601 (137)
363 2560 459 2598 Quod
475 2560 564 2602 patet
576 2570 615 2594 ex
633 2561 753 2594 recenti
767 2563 915 2605 exemplo
928 2563 962 2596 iu
974 2571 1072 2597 causa
1086 2563 1229 2605 quadam
1246 2563 1415 2597 leodiensi.
1428 2565 1509 2596 Nam
1524 2562 1577 2595 die
1589 2567 1640 2595 23.

155 2612 319 2654 Septemb.
337 2622 391 2645 an.
410 2616 501 2646 1841.
519 2622 595 2646 cum
620 2614 808 2647 indulsisset
834 2623 981 2649 summus
1010 2617 1153 2658 pontifex
1176 2618 1353 2658 Gregorius
1377 2617 1466 2648 XVI.
1486 2615 1638 2655 cuidam,

157 2666 302 2708 quicum
317 2665 471 2699 defuncta
484 2668 632 2708 putativa
646 2677 748 2701 uxore
761 2669 1007 2702 matrimonium
1023 2670 1120 2703 civile
1134 2671 1278 2710 tantum,
1298 2670 1445 2710 adeoque
1468 2667 1641 2700 clandesti-

156 2727 236 2751 num
251 2720 284 2752 et
300 2719 428 2752 irritum
454 2722 676 2761 contraxerat,
697 2723 732 2754 ut
747 2731 821 2754 cum
836 2722 930 2756 istius
946 2725 1172 2764 praemortuae
1194 2724 1262 2756 filia
1287 2724 1417 2765 nuptias
1444 2721 1640 2762 celebraret3

156 2773 253 2805 simul
273 2773 381 2806 tamen
401 2774 580 2815 apostolico
603 2775 720 2808 nuntio
739 2775 896 2818 iniunxit,
914 2777 951 2810 ut
963 2778 1078 2810 notum
1093 2778 1184 2811 fieret
1198 2777 1338 2819 puhlicis
1350 2776 1447 2809 etiam
1462 2775 1639 2817 ephemeri·

157 2825 273 2866 dibus,
294 2825 321 2858 si
337 2835 420 2867 opus
443 2827 576 2869 fuisset,
592 2837 633 2861 ne
647 2829 742 2861 venia
759 2829 899 2863 ducendi
916 2830 1097 2872 privignam
1112 2841 1150 2865 ex
1167 2831 1310 2872 legitimo
1334 2830 1441 2863 ortam
1467 2829 1541 2861 toro
1566 2836 1640 2861 con-

155 2886 246 2912 cessa
261 2877 444 2921 videretur;
461 2881 498 2914 ut
514 2889 555 2914 ex
570 2882 651 2915 actis
664 2890 813 2924 congreg.
827 2891 909 2916 rom.
926 2884 1064 2917 constat.
