1980 3260
323 246 412 293 324
642 258 722 290 un.
752 257 797 289 11.
828 256 940 288 sacr.
971 256 1000 287 1.
1029 255 1083 287 nn
1107 253 1273 286 rornsr.
1304 252 1468 286 nectas.

319 337 645 386 matrimonium
679 333 891 390 ineundi,
929 342 1109 398 propter
1150 331 1254 378 fidei
1290 341 1367 378 aut
1399 329 1629 379 charitatis
1667 350 1796 382 scan-

319 414 469 461 dalum
503 410 623 476 quod
658 410 852 474 patitur;
891 409 1013 474 quod
1048 408 1088 456 si
1124 406 1295 455 nullum
1330 423 1432 454 esse
1465 405 1712 470 periculum
1744 409 1792 457 in

319 486 647 536 cohabitatione
665 485 853 543 viderit,
876 484 1027 532 iubeat
1048 480 1519 548 expectareinfidelem
1532 518 1542 538 ,
1564 491 1643 529 aut
1663 481 1795 531 etiam

317 563 546 620 consulat,
585 562 624 609 si
658 561 875 626 prodesse
907 560 1175 623 intelligat.»

413 638 534 685 Adeo
568 648 714 685 autem
750 636 934 683 firmiter
967 634 1212 700 apostolica
1245 633 1377 682 sedes
1411 633 1574 681 institit
1606 633 1801 681 necessi-

317 716 396 763 tati
431 714 660 762 faciendae
693 712 1065 777 interpellationis
1083 749 1094 769 ,
1131 728 1238 758 num
1261 728 1366 776 pars
1390 709 1588 758 infidelis
1612 726 1800 758 consen-

319 792 398 839 tiat
433 791 531 838 sine
565 789 732 837 iniuria
765 788 987 836 Creatoris
1011 804 1113 836 cum
1136 796 1263 852 parte
1286 785 1409 834 fideli
1433 785 1719 843 cohabitare,
1751 795 1802 837 ut

319 867 442 915 nullo
486 884 699 933 umquam
743 866 788 912 in
830 883 939 914 casu
955 904 965 922 ‚
1005 882 1106 913 cum
1149 864 1246 911 fieri
1287 874 1463 929 posset,
1510 861 1801 928 praetermitti

320 962 417 992 earn
448 943 704 1001 indulserit,
730 953 782 990 ut
803 952 924 1009 patet
946 960 1001 990 ex
1025 940 1249 990 solutione
1272 940 1328 988 ad
1353 939 1640 1005 insequentia
1662 938 1803 987 dubia

321 1037 412 1068 sac.
453 1019 785 1084 congregationi
821 1036 848 1066 a
883 1017 1173 1084 propagando
1207 1016 1455 1065 christiano
1484 1015 1664 1064 nomine
1686 1032 1803 1064 nun-

320 1106 507 1161 cupatae
540 1095 784 1162 proposita.
807 1095 1054 1160 Siquidem:

418 1173 463 1217 1.
504 1171 699 1219 Dubium
733 1170 970 1218 excitatum
1004 1179 1095 1218 est:
1135 1179 1284 1217 utrum
1318 1169 1376 1216 ad
1409 1168 1616 1217 effectum
1649 1167 1803 1216 matri-

320 1248 458 1296 monii
482 1247 758 1296 dissolvendi
782 1247 906 1294 iuxta
924 1245 1210 1310 privilegium
1229 1245 1276 1291 in
1294 1244 1491 1293 favorem
1510 1244 1616 1292 fidei
1635 1261 1663 1292 a
1679 1243 1806 1292 Chri-

321 1334 389 1371 sto
411 1324 601 1371 Domino
631 1338 893 1371 concessum
912 1360 922 1379 ,
950 1331 994 1369 et
1016 1321 1073 1368 ab
1101 1321 1313 1386 Apostolo
1342 1320 1671 1386 promulgatum
1688 1358 1700 1378 ‚
1735 1320 1805 1368 in-

321 1399 572 1465 terpellatio
618 1399 759 1463 partis
792 1398 839 1445 in
873 1397 1137 1446 infidelitate
1181 1398 1486 1463 permanentis
1520 1398 1580 1446 sit
1612 1397 1669 1446 de
1707 1396 1805 1445 iure

290 1476 472 1524 *divino
495 1514 505 1532 ‚
550 1486 683 1540 atque
718 1475 832 1523 adeo
867 1475 1120 1523 necessaria
1143 1513 1154 1532 ‚
1203 1484 1252 1522 ut
1292 1492 1345 1523 ea
1384 1474 1584 1538 neglecta
1605 1513 1616 1533 ‚
1653 1473 1804 1522 nullus

322 1553 455 1617 plane
494 1552 713 1600 habeatur
746 1551 1020 1599 matrimonii
1059 1550 1336 1599 dissolvendi
1370 1550 1538 1599 locus?
1566 1550 1633 1598 An
1657 1549 1804 1599 solum

323 1631 543 1696 pertineat
575 1630 631 1677 ad
665 1630 853 1677 formam
889 1628 1173 1686 iudicialem,
1209 1645 1292 1677 nec
1330 1629 1584 1694 requiratur
1605 1666 1617 1686 ,
1644 1628 1733 1676 nisi
1755 1637 1808 1676 ut

322 1706 562 1754 dissolutio
592 1706 708 1753 licite
733 1705 834 1762 fiat,
860 1705 1122 1771 praesertim
1153 1722 1254 1753 cum
1277 1704 1458 1752 aliunde
1486 1713 1658 1753 constet
1685 1702 1806 1751 indi-

324 1783 405 1830 ciis
450 1781 677 1830 moraliter
723 1782 855 1830 certis
877 1820 887 1839 ‚
927 1781 1114 1829 alterum
1148 1780 1387 1844 coniugum
1423 1798 1506 1829 nec
1546 1780 1681 1828 fidem
1716 1797 1807 1828 am-

323 1858 455 1922 plecti
491 1875 573 1905 nec
609 1857 708 1905 sine
741 1856 1011 1905 contumelia
1045 1855 1266 1905 Creatoris
1299 1856 1415 1904 velle
1448 1854 1741 1904 cohabitare?

420 1934 501 1980 Cui
535 1933 673 1981 dubio
698 1933 931 1998 respondit
954 1950 1046 1981 sac.
1077 1932 1385 1996 congregatio,
1414 1949 1504 1980 non
1529 1949 1631 1980 esse
1653 1931 1805 1980 locum

325 2010 608 2057 dissolutioni
643 2010 913 2058 matrimonii
948 2009 994 2056 in
1028 2009 1291 2057 infidelitate
1333 2008 1573 2067 contracti,
1613 2008 1660 2056 in
1694 2025 1804 2058 casu

326 2086 382 2133 de
416 2103 505 2150 quo
540 2087 710 2149 agitur,
737 2088 828 2134 nisi
858 2086 1203 2150 interpellatione
1220 2087 1483 2150 praemissa,
1513 2095 1590 2133 aut
1612 2085 1702 2134 nisi
1726 2084 1807 2133 ob-

327 2172 447 2210 tenta
479 2162 689 2225 legitimis
723 2181 777 2211 ex
811 2163 961 2213 causis
979 2201 990 2219 ,
1019 2179 1154 2227 super
1183 2161 1539 2227 interpellatione
1562 2162 1808 2228 apostolica

328 2237 679 2303 dispensatione.

426 2315 470 2360 2.
509 2314 623 2360 Num
659 2314 754 2361 sola
788 2315 845 2362 de
879 2315 1094 2379 religione
1121 2315 1429 2383 amplectenda
1453 2315 1646 2364 sufficiat
1670 2315 1806 2362 inter-

329 2390 524 2453 rogatio:
563 2399 709 2436 utrum
742 2391 904 2437 scilicet
933 2410 1043 2455 pars
1078 2393 1125 2438 in
1158 2392 1413 2458 infidelitate
1445 2408 1670 2439 remanens
1703 2390 1808 2438 velit

329 2466 518 2512 converti
553 2464 718 2511 necne?
759 2464 888 2520 Quod
929 2467 1124 2515 Thomae
1167 2468 1367 2516 Sanchez
1412 2467 1672 2514 auctoritate
1705 2464 1805 2513 freti

329 2542 585 2589 existimant
618 2540 758 2605 aliqui
784 2557 837 2587 ex
861 2541 1183 2601 missionariis;
1214 2562 1271 2592 an
1300 2543 1448 2609 potius
1478 2540 1801 2607 interpellatio:

334 2619 489 2666 Utrum
509 2618 663 2665 saltem
679 2635 789 2682 pars
813 2619 859 2664 in
883 2618 1135 2683 infidelitate
1151 2636 1433 2684 perseverans
1456 2618 1615 2683 absque
1635 2617 1808 2664 Creato-

330 2695 392 2741 ris
427 2694 684 2742 contumelia
707 2693 950 2741 cohabitare
975 2697 1230 2751 consentiat,
1255 2696 1314 2743 sit
1332 2710 1509 2760 quoque
1530 2691 1803 2750 essentialis,

330 2782 374 2818 et
407 2755 612 2826 absolute
645 2770 882 2836 requisita,
912 2770 973 2818 ita
995 2781 1045 2818 ut
1066 2771 1144 2819 illa
1165 2771 1505 2837 praetermissa,
1539 2787 1628 2818 non
1661 2768 1806 2817 solum

331 2864 416 2893 non
435 2846 569 2903 licite
588 2846 666 2896 sed
680 2846 813 2896 etiam
831 2863 915 2893 non
931 2846 1076 2894 valide
1093 2847 1424 2896 matrimonium
1442 2845 1628 2895 dissolvi
1645 2843 1810 2912 queat?
