1980 3260
244 262 334 296 cn».
352 263 413 296 111.
433 262 485 295 ns
502 262 585 295 mv.
605 262 769 297 rorssr.
785 267 920 300 rame.
939 268 1022 301 mr.
1039 269 1197 302 nsum
1216 270 1340 303 urs.
1354 269 1448 302 aar.
1463 269 1493 302 1.
1551 255 1636 302 ⁴61

179 341 225 387 in
257 339 526 388 matrimonii
560 340 787 388 vinculum
812 380 822 398 ‚
861 361 912 392 ac
946 346 1205 394 nominatim
1239 347 1314 394 ius
1346 346 1642 395 constituendi

179 415 494 482 impedimenta
527 433 643 480 quae
676 418 1004 466 matrimonium
1038 422 1284 470 dirimant?

272 492 427 540 Dicam
455 496 496 540 1.
520 508 607 539 non
633 509 732 540 esse
764 493 983 542 eiusmodi
1014 499 1275 546 sententiam
1303 499 1415 547 adeo
1448 516 1644 547 commu·

177 586 277 617 nem
305 584 357 615 ac
384 567 475 615 fere
507 568 782 626 unanimem,
817 580 865 616 ut
892 571 1041 635 plures
1075 574 1340 622 arbitrantur
1374 584 1646 639 supponunt-

175 662 289 709 que;
327 644 601 710 exploratum
626 645 744 692 enim
762 657 830 693 est
853 646 973 694 haud
997 666 1162 713 paucos
1193 650 1424 714 theologos
1447 661 1490 698 et
1511 666 1645 699 cano-

176 721 319 769 nistas
355 738 434 786 pro
468 721 689 769 sententia
717 733 868 770 nostra
898 723 1076 772 stetisse
1096 762 1108 781 ‚
1149 743 1308 790 nempe
1342 743 1418 774 eos
1453 743 1605 774 omnes
1628 763 1639 784 ‚

175 797 254 862 qui
283 796 450 844 nullam
484 795 683 843 tribuunt
712 797 860 845 nativo
884 798 978 845 iure
1007 799 1283 864 principibus
1316 800 1411 848 sive
1436 800 1643 849 fidelibus

174 871 271 920 sive
305 871 563 920 infidelibus
599 882 858 937 potestatem
882 911 892 930 ,
930 891 1046 939 quae
1083 874 1304 922 vinculum
1342 875 1509 923 afficiat
1541 893 1646 924 con·

175 947 285 1012 iugii
319 947 597 996 subditorum
632 965 810 996 suorum
826 986 836 1005 ‚
865 959 999 1013 atque
1023 949 1174 1014 ipsum
1200 950 1469 998 matrimonii
1492 967 1646 998 assen-

174 1040 298 1081 sum,
332 1023 413 1071 sed
447 1041 545 1071 eam
578 1033 841 1089 potestatem
870 1024 926 1071 ad
961 1024 1105 1072 solum
1136 1035 1406 1073 contractum
1443 1024 1639 1084 civilem,

177 1109 221 1148 et
236 1099 294 1147 ad
312 1098 432 1148 solos
451 1100 634 1148 effectus
659 1099 812 1148 civiles
832 1110 1071 1148 coarctant.
1087 1101 1254 1148 Horum
1271 1118 1453 1149 censum
1471 1101 1648 1151 exhibet

175 1175 232 1226 cl.
247 1175 661 1225 HabertVabrorum
680 1177 884 1234 antistes,
898 1177 976 1242 qui
995 1186 1038 1224 et
1056 1176 1152 1242 ipse
1168 1176 1366 1224 eamdem
1385 1177 1646 1226 sententiam

178 1252 383 1318 sequitur
399 1270 450 1301 ac
468 1253 699 1319 profitetur
714 1254 831 1316 (31),
849 1270 930 1301 nec
947 1270 1036 1301 non
1056 1252 1334 1301 Leuillierius
1353 1252 1459 1301 dum
1485 1271 1648 1319 expen-

176 1329 242 1377 dit
259 1339 455 1377 veterum
475 1329 727 1377 testimonia
744 1329 974 1377 aLaunoio
995 1328 1179 1394 prolata,
1197 1329 1253 1377 ab
1264 1347 1406 1394 eoque
1422 1340 1643 1395 corrupta,

174 1417 226 1453 ut
251 1423 305 1454 ea
327 1405 384 1453 ad
408 1405 622 1471 placitum
656 1423 788 1453 suum
824 1405 1127 1454 accommodet
1155 1407 1271 1468 (32).
1295 1406 1419 1453 Hanc
1445 1406 1645 1454 eamdem

176 1481 424 1530 doctrinam
468 1493 614 1530 tuetur
648 1482 766 1529 idem
801 1482 890 1529 lac.
918 1481 1178 1530 Leullierius
1212 1481 1380 1547 ubique
1412 1481 1458 1529 in
1490 1482 1646 1531 eodem

173 1575 332 1623 opere,
371 1575 453 1606 nec
485 1576 573 1607 non
611 1557 750 1606 Feller
771 1560 888 1621 (33);
924 1558 1027 1605 item
1056 1559 1144 1622 Pey
1177 1559 1293 1621 (34);
1314 1557 1493 1606 Barruel
1523 1558 1642 1621 (35),

173 1633 230 1682 cl.
259 1634 510 1682 Muzzarelli
551 1637 674 1697 (36),
722 1634 878 1682 ceteris
923 1633 1249 1699 praetermissis
1293 1651 1405 1699 quos
1451 1644 1650 1682 recenset

170 1710 226 1756 D.
250 1709 450 1758 Carriere
471 1712 588 1773 (37).
612 1711 716 1758 Post
731 1727 844 1775 quos
862 1709 1062 1757 eamdem
1087 1709 1349 1757 sententiam
1367 1709 1471 1758 data
1488 1727 1639 1775 opera,

172 1786 433 1852 prolixaque
451 1786 733 1835 discussione
751 1786 969 1834 adstruxit
996 1785 1052 1834 cl.
1075 1786 1234 1834 Martin
1257 1787 1375 1849 (38),
1397 1802 1449 1833 ac
1467 1785 1645 1835 demum

266 1918 332 1958 (31)
354 1919 449 1959 Resp.
466 1916 521 1950 Ad
540 1919 705 1959 optatum
726 1916 867 1950 Gallum
890 1916 923 1948 in
946 1915 1003 1948 lib.
1022 1917 1069 1948 De
1078 1917 1216 1948 iustitia
1236 1915 1454 1948 connubialis
1467 1914 1572 1949 edicti
1584 1916 1647 1948 Lu·

171 1967 249 2002 (lov.
264 1971 351 2002 xm.
367 1970 422 2002 ubi
438 1969 613 2012 generatim
629 1970 741 2002 scribit
752 1978 916 2010 exponens
927 1968 1024 2001 etiam
1039 1968 1263 2001 auctoritatem
1283 1968 1382 2002 theol.
1401 1968 1499 2010 paris.
1513 1981 1531 1996 ι
1545 1969 1649 2010 Impu-

173 2021 318 2054 dimenta
333 2021 519 2054 dirimentia
534 2022 730 2054 constituere
743 2023 849 2063 potest
862 2021 997 2054 ecciesia
1006 2045 1015 2061 ‚
1026 2023 1159 2062 possunt
1175 2022 1207 2053 et
1222 2029 1312 2062 reges
1326 2021 1441 2060 etiam.
1456 2021 1490 2053 et
1503 2018 1646 2062 supremi

171 2074 334 2116 principes
345 2100 355 2116 ,
382 2074 504 2116 quibus
522 2074 563 2107 ad
578 2074 835 2107 contrahendum
857 2074 1016 2115 quosdam
1035 2073 1195 2106 inhabiles
1220 2072 1377 2115 reddant3
1391 2073 1446 2106 sed
1463 2081 1547 2115 quae
1562 2081 1582 2106 a
1597 2081 1646 2106 re·

172 2127 267 2168 gibus
290 2128 479 2160 sanciuntur
504 2130 561 2161 aut
584 2137 604 2160 a
627 2126 827 2170 principibus
851 2127 963 2167 laicis,
983 2126 1073 2159 solos
1094 2125 1244 2167 effectus
1260 2127 1396 2167 civiles,
1417 2135 1482 2159 non
1503 2135 1580 2160 vero
1598 2135 1648 2159 so·

174 2183 329 2213 crementi
349 2181 507 2213 rationem
520 2182 677 2222 spectant.
689 2181 739 2213 Cf.
748 2181 853 2213 Moser
867 2182 917 2213 De
932 2180 1056 2222 impeti.
1072 2182 1226 2213 matrim.
1238 2189 1267 2212 c.
1282 2181 1398 2212 XXIV.
1412 2188 1445 2213 n.
1460 2181 1516 2212 lx.

267 2233 333 2274 (32)
357 2235 390 2265 lu
405 2242 458 2274 op.
475 2233 530 2265 cit.
549 2234 592 2265 In
610 2232 740 2265 librum
761 2234 921 2273 maqistri
937 2233 1064 2264 Ioanni
1084 2233 1230 2264 Launoit
1252 2231 1356 2265 theol.
1369 2233 1568 2273 parisiens„
1585 2232 1647 2274 qud

171 2286 394 2328 inscribitur.-
408 2287 512 2326 Reyia
523 2287 559 2317 in
575 2286 838 2318 matrimonium
848 2286 1017 2326 potestas,
1032 2283 1297 2318 observationes.
1314 2284 1448 2318 ΟΜΝ.
1462 2286 1489 2317 1.
1499 2286 1531 2318 et
1545 2284 1647 2317 obser·

173 2341 239 2372 vat.
255 2340 326 2372 vu.
343 2338 373 2380 §.
386 2344 416 2372 2.

268 2392 333 2432 (33)
355 2392 504 2424 Dic-tion.
524 2390 644 2424 histor.
663 2391 722 2422 art.
741 2390 875 2429 Gibert,
902 2392 1069 2432 Espence‚
1093 2392 1142 2422 Dc
1154 2391 1329 2430 Dominis,
1347 2390 1481 2422 Launoi
1499 2389 1562 2422 ete.

267 2445 333 2486 (³4)
355 2446 405 2477 De
428 2443 606 2476 l’autorit6
621 2443 681 2476 des
701 2443 797 2476 deux
815 2445 1034 2485 putssances,
1053 2443 1105 2476 ed.
1123 2449 1154 2476 2.
1169 2443 1261 2476 Paris
1276 2446 1365 2477 1791.
1380 2445 1458 2475 tom.
1475 2443 1532 2475 m.
1549 2441 1601 2475 ch.
1614 2446 1645 2474 ³.

174 2496 204 2539 §.
220 2502 250 2531 8.
265 2506 338 2540 pag.
358 2501 414 2530 158
431 2506 522 2538 seqq.

266 2549 332 2592 (35)
355 2551 415 2583 Les
436 2552 532 2583 vrats
546 2551 722 2592 principes
741 2558 805 2582 sur
825 2549 860 2582 le
879 2551 1046 2590 mariaye.

268 2602 335 2644 (36)
355 2604 474 2644 opusc.
491 2603 606 2635 XXIX.
619 2611 674 2644 op.
691 2601 729 2634 Il
751 2601 841 2634 buon
862 2609 926 2634 uso
946 2601 1041 2634 della
1063 2601 1176 2643 loqica
1196 2603 1233 2635 in
1254 2602 1403 2634 materia
1417 2600 1454 2634 dt
1468 2599 1644 2641 reliqtone.

171 2654 238 2688 Del
248 2656 424 2688 contracto
437 2654 496 2687 del
510 2655 732 2687 matrimonio
746 2656 783 2687 in
797 2656 930 2697 quanto
939 2656 1173 2695 sacramento,
1185 2655 1236 2688 ed.
1245 2655 1374 2687 Firenze
1390 2658 1478 2687 1822.
1488 2653 1646 2687 tom.V11.

174 2716 246 2750 pag.
264 2712 324 2742 200
339 2717 431 2750 seqq.

268 2762 336 2803 (³7)
357 2764 419 2805 op.
434 2763 490 2796 cit.
504 2763 584 2796 tom.
602 2763 629 2795 1.
645 2771 679 2795 ιι.
698 2764 757 2795 549
772 2771 863 2804 seqq.

268 2813 334 2855 (38)
355 2815 393 2846 [n
417 2823 472 2857 op.
500 2817 551 2848 De
570 2814 794 2848 matrimonio
815 2822 857 2848 ac
874 2815 1045 2857 potestate
1066 2816 1179 2856 ipsum
1212 2811 1400 2846 dirimendi
1430 2812 1518 2854 quod
1538 2820 1647 2846 exara·

172 2866 221 2900 vit
244 2867 286 2900 ad
310 2866 564 2911 impugnandum
593 2870 632 2902 D.
654 2868 820 2910 Carriere,
852 2868 1002 2910 Lugduni
1031 2869 1121 2900 1844.
1144 2868 1224 2899 tom.
1249 2867 1291 2899 ΙΙ,
1317 2867 1385 2899 tota
1412 2865 1553 2900 sectione
1580 2867 1605 2899 1.
1630 2874 1649 2898 a
