1980 3260
289 253 379 286 CAP.
393 250 451 286 Vl.
469 248 520 285 DE
539 254 666 286 MATR.
686 251 863 287 mmm.
882 254 965 288 INT·
979 255 1026 287 SE
1045 255 1123 287 vm.
1135 254 1218 288 cmi
1237 255 1358 288 cA'rn.
1376 256 1468 288 ΛΒΤ.
1484 251 1527 287 V.
1588 233 1678 286 2⁷5

209 338 299 377 tur.
327 322 507 378 Interim
543 332 713 396 passim
747 332 980 397 contingit,
1008 343 1059 380 ut
1090 332 1288 381 nonnulli
1314 350 1366 380 ex
1396 332 1493 381 loco
1518 334 1563 380 in
1592 349 1681 398 quo

208 404 434 454 decretum
470 407 758 455 tridentinum
794 425 881 456 non
914 408 998 456 fuit
1027 408 1350 473 promulgatum
1386 418 1462 456 aut
1493 425 1582 457 non
1615 418 1684 457 est

210 492 459 547 receptum,
497 483 555 530 ad
589 482 735 531 locum
770 494 997 532 transeant
1035 484 1111 531 ubi
1152 484 1320 532 obtinet
1353 500 1406 531 ac
1442 493 1642 532 servatur
1667 521 1679 541 ,

208 559 477 624 nuptiasque
510 559 734 607 celebrent
756 571 834 608 aut
857 578 1004 609 coram
1029 562 1232 609 ministro
1266 561 1488 609 haeretico
1511 570 1587 608 aut
1609 577 1684 609 co*

208 651 303 681 ram
347 634 469 682 civili
509 635 787 698 magistratu.
826 637 999 685 Exinde
1031 647 1231 702 permota
1270 637 1498 702 quaestio:
1535 647 1682 684 utrum

206 710 393 757 istorum
436 710 645 772 coniugia
690 721 786 758 rata
819 727 871 758 ac
906 712 1034 759 firma
1067 712 1221 759 haberi
1258 729 1338 760 nec
1376 728 1433 759 ne
1472 711 1677 760 debeant.

205 785 341 833 Porro
374 795 583 833 constans
615 795 684 833 est
707 786 935 834 doctorum
954 788 1175 835 sententia
1207 787 1427 835 eiusmodi
1461 787 1684 835 connubia

204 876 259 908 ex
284 858 438 925 regula
467 859 578 908 iuris
603 860 771 909 nullius
797 875 982 926 prorsus
1006 880 1106 911 esse
1128 862 1311 919 valoris,
1334 862 1442 927 quia
1466 862 1522 910 ab
1546 862 1684 910 omni·

203 935 290 985 bus
314 935 488 984 servari
514 935 648 984 debet
670 935 812 984 forma
835 948 1013 1002 recepta
1035 938 1082 984 in
1107 937 1197 985 illis
1222 936 1481 1000 regionibus
1511 937 1558 983 in
1587 937 1684 1002 qui*

206 1011 294 1061 bus
328 1021 580 1060 contractus
613 1012 767 1060 initur.
829 1013 884 1061 Et
918 1013 1002 1062 hoc
1035 1023 1125 1060 tam
1159 1030 1240 1078 pro
1274 1012 1368 1061 foro
1402 1013 1522 1061 civili
1546 1029 1682 1078 quam

205 1105 288 1154 pro
311 1086 405 1137 foro
428 1088 748 1137 ecclesiastico.
777 1088 888 1137 Cum
912 1089 1048 1154 igitur
1063 1089 1111 1136 hi
1130 1107 1261 1137 suum
1285 1089 1509 1137 celebrent
1530 1089 1683 1137 coniu-

204 1164 348 1229 gium,
370 1163 448 1212 ubi
466 1164 586 1228 viget
601 1164 672 1212 lex
688 1164 946 1222 tridentina,
972 1165 1178 1231 quamvis
1197 1165 1319 1229 regio
1337 1182 1391 1212 ex
1410 1182 1500 1230 qua
1517 1164 1683 1213 disces*

205 1250 361 1290 serunt
393 1241 449 1289 ab
482 1240 638 1288 eadem
670 1239 768 1305 lege
801 1252 1004 1307 exempta
1026 1241 1106 1300 sit,
1135 1251 1303 1290 certum
1337 1251 1406 1290 est
1436 1240 1548 1288 illud
1584 1240 1685 1289 nul·-

206 1316 300 1365 lum
334 1334 387 1365 ac
421 1317 595 1365 irritum
628 1334 745 1366 esse.

302 1392 418 1440 Hinc
441 1392 836 1457 Schmalzgrueber
858 1403 961 1458 post
991 1393 1127 1441 verba
1159 1411 1277 1458 quae
1310 1410 1363 1441 ex
1386 1410 1438 1441 eo
1462 1394 1509 1440 in
1545 1392 1683 1441 altero

205 1468 392 1517 articulo
425 1468 721 1526 adduximus,
749 1469 813 1517 ita
845 1469 1144 1534 prosequitur:
1177 1470 1274 1516 «Et
1297 1469 1383 1518 hoc
1407 1487 1559 1517 verum
1584 1480 1678 1527 est,

205 1547 379 1594 etiamsi
406 1547 515 1610 vaqi
545 1547 634 1593 sint
666 1556 744 1593 aut
771 1547 1014 1611 pereqrini,
1060 1563 1138 1611 qui
1172 1546 1351 1594 veniant
1383 1562 1436 1593 ex
1470 1545 1567 1594 loco
1607 1546 1687 1593 ubi

208 1623 490 1670 tridentinum
521 1640 606 1670 non
639 1633 701 1670 est
732 1634 974 1688 receptum,
1010 1633 1050 1671 et
1078 1624 1145 1670 ibi
1178 1623 1361 1671 habeant
1394 1619 1677 1670 domicilium.

206 1699 263 1747 Et
295 1699 396 1748 ideo
428 1700 471 1747 si
493 1700 697 1747 haeretici
729 1700 958 1748 venientes
993 1718 1049 1747 eoe
1081 1717 1162 1747 sua
1190 1701 1342 1764 patria
1374 1699 1453 1746 ubi
1486 1699 1684 1746 tridenti-⁶

205 1794 311 1823 num
332 1793 418 1823 non
440 1786 502 1824 est
523 1786 736 1841 receptum
759 1776 808 1822 in
836 1776 980 1824 locum
1014 1776 1091 1823 ubi
1125 1775 1238 1822 illud
1273 1785 1496 1840 receptum
1521 1786 1612 1833 est,
1642 1785 1686 1823 et

206 1852 408 1901 haeresis
442 1853 668 1919 publicum
703 1853 963 1900 exercitium
999 1869 1087 1900 non
1121 1851 1257 1900 habet
1283 1854 1432 1915 (170),
1465 1851 1602 1899 veluti
1636 1852 1682 1898 in

205 1930 394 1978 Bavaria
410 1941 583 1987 nostra,
605 1929 719 1977 clam
737 1929 1029 1987 contrahunt,
1058 1928 1250 1976 invalide
1267 1928 1553 1985 contrahunt3
1575 1926 1684 1993 quia

207 2016 458 2054 contractus
491 2006 689 2070 requlari
709 2005 859 2053 debent
885 2005 1118 2053 secundum
1143 2005 1253 2070 leqes
1277 2015 1317 2052 et
1341 2004 1685 2052 consuetudinem

210 2082 294 2130 loci
324 2082 371 2129 in
406 2098 496 2147 quo
531 2081 832 2139 celebrantur,
862 2092 905 2130 et
938 2099 1026 2130 non
1061 2081 1206 2129 solum
1241 2081 1383 2139 cives,
1412 2080 1491 2128 sed
1526 2097 1682 2129 omnes

208 2153 375 2207 ibidem
413 2158 742 2215 contrahentes,
771 2158 915 2206 forum
939 2158 1023 2206 loci
1047 2157 1169 2206 illius
1194 2157 1457 2214 sortiuntur;
1487 2157 1534 2204 in
1562 2154 1683 2205 omni

207 2235 328 2282 enim
361 2235 458 2284 loco
491 2234 771 2282 observanda
793 2244 861 2283 est
885 2235 1026 2283 forma
1059 2234 1367 2282 substantialis
1401 2245 1676 2291 contractus,

209 2328 325 2376 quae
358 2328 438 2377 pro
472 2310 548 2359 illo
582 2310 678 2359 loco
712 2311 983 2376 praescripta
1016 2322 1099 2360 est:
1128 2310 1264 2377 idque
1297 2311 1344 2358 in
1380 2311 1530 2376 specie
1563 2311 1684 2359 deci-

209 2387 329 2436 ditur
347 2387 479 2436 etiam
498 2388 545 2434 in
563 2398 790 2436 contrectu
808 2387 1120 2436 matrimoniali
1138 2405 1237 2453 cap.
1253 2388 1317 2435 De
1334 2388 1538 2435 Francia.
1562 2387 1601 2433 I.
1620 2387 1683 2434 De

208 2464 400 2529 sponsal.
428 2463 506 2511 ubi
531 2462 861 2512 matrimonium
885 2473 1156 2512 contractum
1171 2502 1181 2521 ,
1203 2481 1288 2511 non
1312 2463 1536 2510 observata
1569 2463 1677 2526 leqe,

207 2539 277 2587 vel
299 2539 600 2587 consuetudine
633 2539 803 2605 patriae
819 2578 829 2597 ,
858 2539 1015 2587 initum
1043 2549 1182 2587 tamen
1208 2539 1439 2587 secundum
1464 2539 1576 2602 leqes
1603 2538 1685 2584 loci

207 2615 284 2663 ubi
324 2633 435 2665 uxor
466 2616 600 2664 ducta
633 2626 724 2673 est,
752 2616 1067 2682 pronunciatur
1097 2616 1293 2664 validum
1321 2616 1503 2678 (171).»

309 2764 396 2805 (170)
416 2765 503 2797 Haec
517 2765 680 2806 clausula,
697 2773 737 2798 ex
754 2763 869 2806 dictis,
888 2772 953 2797 non
974 2763 1083 2797 obstat
1101 2763 1242 2797 nullitati
1266 2760 1462 2794 matrimonii
1479 2759 1519 2792 de
1535 2768 1601 2800 qno
1616 2759 1679 2791 dis·

210 2816 361 2849 serimus.

306 2869 392 2911 (171)
412 2870 476 2903 Tit.
493 2871 551 2904 111.
570 2872 620 2904 De
639 2870 854 2904 clandestin.
868 2870 899 2913 §.
916 2871 958 2904 11.
975 2879 1008 2903 n.
1027 2875 1097 2904 101.
1551 2917 1579 2942 ἰ
