1980 3260
1553 243 1645 287 ‹1-99

726 341 965 403 clu-111*
1000 340 1092 376 v1.

273 469 324 501 ns
360 468 581 502 rectasm:
616 467 846 500 rorasrirss
874 467 917 499 ιΝ
949 466 1209 500 mummolam
1233 466 1551 499 ninan‘ricoaum

542 545 664 578 mrsu
699 545 745 577 sn
780 544 859 576 vat
894 543 978 577 cum
1014 525 1270 585 curiencis.

747 657 1026 701 ARTICULUS
1052 665 1082 701 1.
1135 660 1138 663 ’

194 772 413 812 Generatim
443 771 736 809 matrimonialis
760 771 953 811 Ecclesiae
978 772 1169 822 legislatio
1198 772 1448 811 Matrimonia
1475 774 1632 822 respicit

247 847 326 875 non
346 834 460 874 modo
478 834 756 873 catholicorum
776 846 910 874 verum
934 837 1048 874 etiam
1075 838 1197 874 mixta
1221 840 1265 890 et
1276 832 1571 893 haereticorum.

272 948 498 1013 Suspicari
526 948 636 995 sorte
666 947 768 1012 quis
799 958 951 1012 posset
979 964 1032 995 ea
1061 964 1176 1012 quae
1203 946 1398 1005 diximus
1429 947 1485 994 de
1513 947 1653 995 ecclc—

175 1025 284 1074 siae·
304 1034 522 1090 potestate
556 1014 602 1071 in
630 1023 959 1077 matrimonium
994 1023 1290 1071 christianum
1320 1023 1377 1071 ad
1406 1022 1651 1072 catholicos

173 1101 320 1150 solum
354 1102 567 1165 coniuges
601 1101 843 1166 pertinere.¹
875 1101 930 1148 At
962 1100 1302 1149 matrimonialis
1336 1100 1553 1149 ecclesiae
1594 1101 1654 1147 le-

172 1178 353 1242 gislatio
386 1178 668 1226 matrimonia
701 1178 878 1242 attingit
900 1195 989 1226 non
1023 1178 1155 1227 modo
1181 1177 1530 1235 catholicorum,
1572 1178 1651 1226 sed

175 1256 311 1304 etiam
344 1257 483 1304 mixta
504 1294 514 1313 ‚
554 1266 598 1303 et
615 1254 952 1303 haereticorum.
976 1254 1038 1303 Ac
1055 1254 1111 1302 de
1146 1255 1444 1303 matrimoniis
1470 1254 1654 1320 quidem

177 1333 330 1381 mixtis
364 1333 495 1398 plura
528 1332 719 1381 dicenda
743 1342 922 1388 essent,
962 1332 1042 1380 sed
1071 1333 1284 1397 quoniam
1317 1331 1373 1379 de
1407 1333 1463 1379 iis
1490 1332 1653 1380 fusein

177 1408 440 1472 theologicis
475 1410 640 1458 nostris
681 1409 1053 1474 praelectionibus
1091 1409 1293 1472 egimus,
1330 1409 1394 1455 nil
1439 1409 1524 1457 hoc
1558 1409 1654 1457 loco

172 1485 407 1534 addemus.
451 1486 557 1535 Tres
591 1485 1016 1551 ibi'propositiones
1053 1486 1290 1533 statuimus
1324 1502 1376 1533 ac
1407 1485 1655 1541 vindicavi-

174 1571 310 1611 mus:
354 1563 641 1627 1.j'coniugia
659 1562 772 1610 inter
805 1562 1046 1610 catholicos
1071 1573 1114 1610 et
1142 1562 1411 1611 acatholicos
1441 1562 1655 1626 regulari-

170 1644 254 1688 -ter
280 1638 436 1688 illicita
471 1657 598 1697 esse,
637 1650 789 1706 utpote
824 1641 1016 1704 graviter
1050 1639 1300 1704 improbata
1334 1639 1429 1688 iure
1462 1639 1654 1688 naturali

175 1728 221 1765 et
253 1717 435 1774 divino,
473 1728 606 1783 atque
650 1735 676 1766 a
711 1718 807 1765 iure
840 1717 1143 1766 ecclesiastico
1178 1717 1355 1782 penitus
1390 1717 1649 1774 interdicta,

176 1795 222 1840 2.
266 1811 355 1842 non
390 1794 479 1842 nisi
521 1795 693 1842 romani
729 1794 956 1859 pontificis
989 1795 1327 1860 dispensatione
1360 1794 1479 1842 licite
1522 1811 1656 1859 posse

175 1869 279 1916 iniri
315 1870 524 1934 coniugia
554 1871 718 1927 mixta;
742 1870 934 1934 graviter
963 1870 1149 1935 proinde
1180 1880 1414 1935 peccarent
1448 1870 1655 1918 sacerdo—

176 1957 243 1996 tes
272 1947 519 2009 catholici,
562 1948 640 2014 qui
677 1948 848 2013 absque
893 1947 1122 2013 pontificia
1164 1947 1502 2013 dispensatione
1524 1986 1534 2005 ,
1574 1965 1655 1996 nec

177 2024 366 2073 servatis
400 2024 735 2073 conditionibus
771 2024 827 2072 ab
862 2042 913 2072 eo
949 2025 1262 2090 praescriptis,
1301 2024 1520 2074 eiusmodi
1553 2042 1655 2073 con-

169 2100 298 2165 -iugia
326 2101 582 2166 praesentia
610 2119 693 2149 sua
711 2140 721 2158 ,
743 2101 1052 2148 benedictione
1070 2139 1080 2158 ,
1105 2099 1247 2149 aliove
1271 2101 1357 2150 ritu
1381 2118 1508 2149 sacro
1525 2101 1655 2149 coho-

164 2179 435 2234 *nestarent;
478 2179 521 2224 3.
562 2195 650 2225 non
680 2195 814 2243 posse
842 2177 1140 2234 acatholicos,
1163 2178 1272 2243 quin
1301 2178 1451 2227 omnia
1473 2178 1656 2225 'laedant

173 2254 411 2319 aeqmtatis
442 2253 540 2301 iura
563 2270 720 2317 cogere
756 2254 1010 2302 sacerdotes
1044 2253 1286 2303 catholicos
1322 2254 1378 2302 ad
1413 2254 1654 2303 honestan-

171 2331 256 2385 das
288 2331 600 2379 benedictione
633 2330 777 2380 aliove
811 2332 898 2380 ritu
938 2349 1066 2381 sacro
1095 2331 1274 2399 nuptias
1304 2333 1466 2381 mixtas
1491 2372 1499 2389 ‚
1540 2350 1654 2397 quac

174 2409 388 2472 neglectis
425 2409 652 2456 canonicis
700 2408 1005 2457 sanctionibus
1050 2409 1371 2458 contrahuntur
1409 2410 1493 2472 (1).
1535 2408 1653 2463 Quin

172 2486 308 2549 igitur
341 2485 461 2534 dicta
494 2496 770 2550 repetamuS,
795 2486 931 2533 fixum
957 2497 1154 2544 maneat,
1181 2486 1417 2552 ecclesiam
1446 2487 1542 2532 iure
1572 2502 1654 2532 suo

173 2563 458 2611 matrimonia
503 2562 641 2610 mixta
684 2562 951 2627 prohibere,
989 2564 1235 2629 eademque
1279 2563 1520 2628 prudenter
1554 2579 1653 2625 per-

173 2639 379 2696 mittere,
419 2650 462 2687 ct
497 2639 712 2687 ecclesiae
747 2639 891 2704 ipsius
924 2639 1193 2704 legislationi
1230 2656 1405 2703 semper
1443 2637 1652 2684 standum

170 2732 273 2764 esse
306 2717 428 2782 quod
457 2718 615 2766 attinet
640 2717 697 2765 ad
734 2716 871 2781 prolis
902 2719 1162 2782 praesertim
1197 2716 1459 2766 catholicam
1491 2714 1653 2762 educa-

173 2802 352 2840 tionem.

263 2894 308 2933 (ι)
329 2895 366 2926 ln
392 2895 505 2927 Tracc.
522 2893 563 2927 de
581 2896 732 2928 niatrim.
756 2903 826 2935 cap.
842 2896 895 2927 lv.
