1980 3260
358 218 416 263 92
656 227 735 258 mi.
763 226 809 257 11.
837 224 949 257 sacr.
978 226 1007 257 1.
1042 225 1093 256 m:
1118 223 1282 255 rorzsr.
1311 223 1474 256 nectas.

358 310 462 357 here
489 307 822 370 disposuerunt;
857 314 906 350 ut
933 303 1086 350 saltem
1114 301 1198 348 isto
1223 317 1339 347 nexu
1364 300 1659 348 confoederati
1684 303 1798 349 inter

358 402 406 432 se
429 398 579 447 pacem
612 390 809 427 tenerent
835 389 877 427 et
908 378 1134 425 haberent.
1171 377 1328 423 Penset
1362 376 1512 439 itaque
1532 386 1681 424 vestra
1707 378 1801 425 dis-

357 457 512 512 cretio,
543 466 592 502 ut
623 455 661 502 si
695 455 802 520 quid
836 455 891 501 de
925 453 1063 516 gradu
1091 452 1485 515 consanguinitatis
1514 451 1686 507 obstat,
1722 470 1801 516 pro

356 532 470 579 bono
511 530 633 594 pacis
668 539 711 576 et
742 546 822 593 pro
856 538 1071 576 tantorum
1105 527 1321 574 malorum
1361 527 1787 590 recompensatione,

356 622 659 671 quaecumque
683 604 775 651 fieri
800 614 968 669 potest,
991 622 1017 650 a
1039 603 1217 650 domino
1237 620 1352 667 papa
1370 620 1457 649 non
1475 612 1700 648 recusetur
1715 602 1805 649 dis-

356 680 553 747 pensatio
582 682 695 742 (19).
723 699 745 724 »
773 680 860 726 Nec
882 679 1068 742 legimus
1087 678 1379 725 Alexandrum
1409 694 1695 741 repugnasse.
1723 677 1805 723 Ve-

357 773 452 803 rum
476 773 545 803 res
569 754 734 803 incerta
755 766 846 811 est;
874 765 1004 819 prout
1026 755 1189 801 incerta
1212 764 1290 800 aut
1313 754 1466 801 saltem
1490 752 1684 799 obscura
1702 762 1806 799 sunt

356 847 469 895 quae
500 831 786 894 perhibentur
819 831 874 877 de
908 830 1082 877 Urbano
1099 831 1176 875 Ill.
1203 830 1274 876 cui
1304 829 1510 875 tribuitur
1532 827 1804 892 dispensatio

354 905 459 953 data
480 907 633 954 Ioanni
667 916 818 970 postea
840 905 1021 968 Angliae
1044 905 1163 967 regi,
1190 915 1238 951 ut
1260 905 1438 951 duceret
1471 903 1607 949 filiam
1631 903 1803 950 comitis

355 980 679 1043 glocestriensis
728 980 914 1035 «Quam
948 981 1044 1044 ipse
1082 990 1275 1043 tempore
1313 979 1450 1043 patris
1491 980 1506 1039 (
1523 977 1729 1038 Hem-ici)
1766 986 1806 1022 et

349 1057 626 1119 permissione
658 1072 855 1102 romanae
877 1056 1074 1102 ecclesiae
1097 1055 1281 1101 duxerat
1312 1054 1427 1114 (20).
1447 1072 1468 1096 »
1498 1053 1607 1098 Nam
1631 1052 1805 1115 ignora·

357 1140 426 1177 tur
447 1148 535 1195 quo
557 1131 694 1193 gradu
718 1131 879 1177 fuerint
910 1130 974 1176 illi
1003 1130 1116 1176 inter
1139 1146 1188 1176 se
1210 1127 1430 1176 coniuncti
1454 1137 1497 1173 et
1518 1143 1608 1190 qua
1635 1124 1806 1173 ratione

357 1204 459 1253 data
497 1207 627 1253 fuerit
658 1206 945 1271 dispensatio.
1639 1199 1642 1202 ⁴
1734 1215 1738 1218 ’

451 1280 676 1345 Quidquid
693 1298 822 1345 porro
849 1281 905 1327 de
927 1280 998 1326 his
1023 1280 1107 1335 sit,
1129 1280 1175 1325 in
1197 1279 1382 1326 dubium
1407 1276 1601 1324 revocari
1625 1276 1802 1340 nequit,

356 1372 461 1418 prae
484 1356 640 1402 ceteris
665 1355 991 1402 celeberrimam
1023 1354 1330 1401 relaxationem
1356 1353 1554 1400 extitisse
1579 1369 1712 1416 quam
1729 1351 1808 1398 de*-

356 1428 421 1474 dit
454 1429 731 1476 Innocentius
764 1431 840 1475 111.
879 1429 962 1476 sub
993 1429 1166 1475 initium
1203 1429 1339 1476 seculi
1361 1429 1479 1475 XIII.
1517 1428 1612 1475 sive
1641 1427 1698 1474 ob
1732 1444 1807 1475 eo-

357 1520 452 1549 rum
482 1503 643 1568 quibus
679 1521 891 1552 concessa
924 1514 991 1552 est
1018 1504 1313 1552 conditionem
1347 1505 1440 1551 sive
1473 1503 1530 1551 ob
1563 1513 1705 1550 cetera
1738 1519 1808 1550 re-

358 1582 453 1625 rum
477 1580 681 1626 adiuncta
705 1597 757 1627 ac
790 1581 1148 1628 documentorum
1181 1580 1368 1645 copiam.
1408 1580 1473 1625 Ex
1505 1596 1559 1626 ea
1590 1578 1807 1642 comperi-

356 1670 455 1701 mus
484 1672 742 1718 persuasum
778 1665 881 1702 tunc
913 1655 1120 1720 temporis
1143 1655 1349 1702 omnibus
1381 1654 1521 1702 fuisse
1547 1663 1806 1719 potestatem

357 1729 470 1776 hanc
496 1730 542 1775 in
576 1730 670 1777 solo
702 1748 810 1778 rom.
847 1731 1054 1795 pontifice
1086 1731 1302 1787 residere,
1340 1730 1536 1794 alioquin
1565 1747 1653 1777 non
1686 1739 1809 1776 tanta

357 1821 580 1869 procerum
597 1843 608 1862 ,
646 1805 858 1852 nobilium
891 1823 944 1852 ac
976 1806 1283 1869 episcoporum
1308 1805 1467 1852 fuisset
1489 1805 1608 1869 apud
1631 1803 1809 1869 pontifi·-

358 1896 450 1926 cem
485 1880 730 1927 sollicitudo
765 1881 820 1927 ad
854 1881 973 1927 illam
1014 1881 1322 1938 obtinendam;
1366 1881 1542 1928 namsi
1583 1890 1806 1944 receptum

358 1954 523 2001 iamdiu
539 1955 695 2002 fuisset
719 1955 839 2003 illius
857 1957 1085 2020 potestatis
1103 1956 1357 2003 exercitium
1377 1956 1423 2002 in
1449 1955 1699 2002 relaxandis
1724 1956 1807 2001 im-

358 2028 619 2092 pedimentis
648 2031 836 2094 praeviis
855 2032 1135 2079 matrimonii
1150 2031 1430 2079 celebrationi
1453 2069 1463 2087 ,
1495 2041 1662 2078 tantam
1685 2031 1806 2095 apud

359 2104 609 2168 pontificem
634 2105 750 2152 haud
776 2107 1017 2155 invenisset
1049 2106 1353 2154 difficultatem
1377 2107 1488 2155 haec
1511 2107 1802 2171 dispensatio.

453 2179 565 2226 Sane
581 2196 632 2226 ex
658 2180 741 2227 hac
769 2182 935 2245 epocha
956 2220 966 2238 ‚
1006 2199 1165 2246 nempe
1187 2182 1244 2229 ab
1276 2199 1392 2229 anno
1419 2184 1560 2228 1209.
1599 2181 1806 2246 frequen-

359 2254 490 2301 tiores
514 2270 614 2301 esse
636 2268 872 2318 coeperunt
905 2259 1159 2305 auctoritate
1190 2275 1306 2305 rom.
1335 2258 1594 2322 pontificum
1622 2257 1808 2321 dispen-

360 2329 551 2376 sationes
575 2329 631 2375 ad
654 2330 846 2377 ineunda
868 2333 1071 2395 coniugia
1089 2334 1133 2379 in
1151 2333 1363 2396 gradibus
1391 2351 1471 2398 per
1486 2350 1677 2380 canones
1702 2349 1808 2380 con-

359 2404 523 2452 stitutis
545 2442 556 2461 ,
593 2421 693 2452 cum
717 2417 876 2464 antea,
914 2418 963 2454 ut
994 2408 1229 2472 plurimum
1260 2410 1447 2466 saltem,
1484 2408 1694 2455 relaxatio
1717 2425 1811 2455 non:

359 2480 512 2535 fieret,
549 2480 634 2527 nisi
674 2481 819 2545 quoad
855 2482 1058 2545 coniugia
1090 2484 1176 2530 iam
1210 2486 1319 2532 inita
1349 2501 1449 2532 cum
1483 2483 1633 2548 aliquo
1666 2484 1808 2547 impe-

358 2554 566 2602 dimento.
589 2554 724 2602 Cuius
748 2555 926 2619 quidem
945 2557 1144 2605 diversae
1167 2559 1430 2624 disciplinae
1453 2559 1563 2605 ratio
1587 2559 1634 2604 in
1657 2575 1806 2622 prom-

357 2639 433 2693 ptu
469 2640 536 2677 est
558 2667 568 2685 ‚
605 2630 738 2694 quod·
763 2648 919 2695 nempe
952 2632 1118 2680 abusus
1163 2634 1395 2682 invaluerit
1415 2671 1426 2690 ‚
1470 2651 1560 2698 quo
1594 2633 1726 2680 fiebat
1758 2644 1807 2681 ut

445 2752 510 2791 (19)
530 2751 599 2784 Lib.
610 2753 666 2784 Vl.
679 2753 772 2794 epist.
783 2755 839 2785 ΙΙΙ.
854 2755 920 2786 Uni
928 2755 1164 2789 cardinalium
1175 2757 1226 2790 ed.
1241 2755 1413 2789 sirmondi.
1427 2755 1529 2787 Paris.
1544 2759 1632 2789 1613.
1646 2764 1718 2797 pag.
1733 2757 1804 2787 2³4.

445 2803 512 2844 (20)
531 2804 574 2836 Ut
593 2804 705 2836 scribit
724 2804 914 2845 Rodulphus
931 2815 950 2837 a
972 2806 1082 2839 Diceto
1102 2808 1187 2848 apud
1205 2808 1389 2841 zachariam
1411 2807 1472 2839 loc.
1495 2808 1550 2839 cit.
