1980 3260
265 243 352 275 CAP.
372 243 417 275 11.
434 243 484 274 DE
504 243 619 275 scel..
636 243 800 275 POTEST.
815 241 959 275 coNsr.
975 241 1062 274 ml>-
1079 243 1202 275 MATR.
1219 243 1303 275 nm.
1320 244 1413 275 ΛΒΤ.
1428 243 1489 276 111.
1563 231 1620 275 65

169 320 273 366 riter
311 320 539 384 respondit
571 320 817 367 Lutherus:
859 338 882 365 τ(
904 319 997 367 Hoc
1029 318 1120 366 dixi
1155 319 1300 384 quoad
1345 331 1622 386 praeceptum

168 394 269 450 Dei,
300 396 376 459 qui
408 396 473 443 sic
507 395 747 452 ordinavit,
785 395 886 442 licet
918 411 1035 459 papa
1067 394 1187 441 aliud
1221 395 1394 442 ordinet
1411 397 1559 458 (81).»
1577 397 1621 442 Si

170 470 305 533 igitur
327 471 503 519 Lutheri
528 471 766 518 Lutherum
790 470 1082 518 adhibeamus
1110 470 1388 534 interpretem
1406 509 1416 528 ,
1444 473 1624 520 evidens

170 556 238 594 est
255 547 403 611 ipsum
421 564 502 610 per
521 547 630 610 leqes
647 548 875 602 humanas,
898 564 978 594 seu
996 547 1105 609 leqes
1124 546 1338 593 hominum
1360 547 1626 596 intellexisse

171 622 290 686 leges
324 621 650 670 ecclesiasticas
685 639 764 670 seu
797 622 1065 685 pontificias.

267 697 311 743 3.
339 696 525 742 Demum
558 713 658 743 cum
682 696 883 743 Facultas
914 697 1176 760 parisiensis
1207 698 1320 746 duas
1350 699 1432 747 has
1465 716 1627 764 propo-

169 771 351 820 sitiones
367 807 378 826 ,
405 787 520 833 quae
544 769 762 816 hahentur
784 788 903 817 num.
923 772 1000 817 14.
1022 781 1065 818 et
1083 774 1158 818 15.
1177 772 1426 820 Coniunctio
1438 775 1528 821 viri
1542 784 1618 821 etc.

169 857 212 894 et
229 846 390 892 Debent
405 845 640 892 sacerdotes
658 855 736 892 etc.
755 855 885 909 prout
900 863 1040 910 nuper
1060 846 1289 894 retulimus
1305 885 1315 904 ‚
1336 850 1628 913 excerpsisset

168 939 221 968 ex
253 921 332 968 lib.
369 922 433 967 De
476 922 634 985 captiv.
670 921 891 985 babylon„
932 921 1032 968 illas
1064 921 1149 968 bac
1191 939 1378 970 censura
1420 925 1621 972 notavit:

171 1016 192 1042 «
217 996 409 1061 Utraque
443 996 600 1044 harum
634 996 985 1060 propositionum
1018 1006 1087 1044 est
1119 996 1253 1044 falsa:
1281 998 1479 1046 ecclesiae
1507 1009 1627 1062 pote-

167 1073 274 1119 stati
306 1072 441 1137 impie
474 1072 752 1135 derogativa,
780 1082 823 1120 et
847 1089 899 1119 ex
923 1072 1130 1119 damnato
1151 1072 1459 1121 Waldensium
1483 1091 1628 1122 errore

170 1148 413 1212 procedens
441 1149 589 1210 (82).»
606 1148 742 1195 Nemo
767 1165 896 1212 porro
920 1161 1057 1196 sanus
1082 1148 1256 1196 inficias
1280 1148 1362 1196 ibit
1383 1149 1513 1213 longe
1535 1167 1627 1197 me-

167 1222 256 1270 lius
280 1223 400 1270 illius
423 1223 582 1271 aetatis
605 1222 820 1286 theologis
840 1223 1163 1287 parisiensibus
1187 1234 1463 1289 perspectam
1487 1224 1626 1273 fuisse

167 1299 341 1347 Lutheri
370 1309 558 1347 mentem
574 1337 584 1357 ,
610 1316 742 1364 quam
766 1299 962 1348 Launoio
985 1299 1172 1364 eiusque
1194 1299 1380 1349 asseclis
1397 1338 1408 1358 ,
1435 1301 1512 1366 qui
1537 1318 1624 1349 non

265 1513 331 1554 (81)
353 1513 435 1545 lbid.
451 1511 505 1546 fol.
523 1514 595 1547 442.
613 1513 716 1546 recto.

264 1566 334 1599 Non
347 1567 396 1599 est
411 1566 464 1598 hic
478 1566 547 1599 sine
562 1566 838 1599 animadversione
852 1562 1044 1599 dimittenda
1058 1563 1191 1599 Lutheri
1205 1562 1456 1607 incohaerentia,
1472 1562 1551 1598 dum
1565 1571 1630 1597 non

163 1618 246 1651 alios
267 1618 385 1660 gradus
400 1620 469 1652 sive
483 1619 650 1652 affinitatis
664 1619 733 1651 sive
747 1620 1052 1660 consanguineitatis
1070 1619 1237 1652 contendit
1257 1628 1352 1660 posse
1373 1620 1430 1651 aut
1449 1618 1605 1660 impedire
1619 1642 1629 1658 ,

164 1672 221 1704 aut
245 1671 394 1704 dirimere
414 1672 619 1713 coniugium,
647 1681 744 1713 quam
764 1672 820 1713 qui
842 1672 953 1704 divino
967 1672 1037 1705 iure
1050 1673 1083 1704 in
1099 1673 1243 1705 Levitico
1256 1673 1332 1705 sunt
1348 1671 1537 1712 constituti,
1551 1672 1630 1703 atta-

164 1731 237 1756 men
251 1723 386 1764 ipsemet
401 1723 531 1756 devovit
545 1723 625 1756 diris
637 1725 768 1765 Moysen
780 1724 946 1765 legemque
959 1724 1133 1757 mosaicam
1144 1723 1340 1756 universam.
1352 1724 1406 1756 Sic
1419 1723 1505 1756 enim
1519 1723 1631 1756 scribit

168 1775 202 1808 in
213 1777 320 1808 serm.
337 1775 379 1808 de
395 1778 526 1818 Moyse.-
542 1790 558 1804 «ι
570 1777 699 1809 Mallem
713 1785 890 1818 numquam
902 1777 1109 1817 concionari,
1130 1784 1228 1817 quam
1243 1775 1369 1816 aliquid
1384 1785 1422 1808 ex
1438 1777 1547 1817 Moyse
1559 1784 1632 1817 pro·

167 1838 301 1870 ponere:
321 1830 458 1870 allegare
472 1832 602 1871 Moysen
618 1831 666 1862 est
680 1830 844 1862 Christum
860 1839 898 1862 ex
914 1830 1067 1862 cordibus
1085 1830 1253 1861 hominum
1268 1829 1403 1861 auferre.
1419 1830 1550 1869 Moysen
1564 1837 1629 1860 non

167 1881 320 1914 admitto:
338 1882 415 1923 quia
427 1882 455 1914 si
470 1891 543 1915 eum
560 1882 593 1914 in
608 1891 673 1915 uno
687 1882 823 1915 articulo
837 1882 974 1923 recipio,
994 1883 1135 1923 recipere
1148 1881 1245 1913 etiam
1260 1880 1420 1922 oportebit
1433 1879 1466 1913 in
1482 1880 1632 1913 omnibus

166 1932 354 1966 ceremoniis
370 1933 515 1967 iudaicis.
526 1934 682 1967 Nolumus
697 1934 864 1966 admittere
871 1936 1013 1975 Moysen,
1030 1934 1108 1974 quia
1120 1934 1267 1965 mortuus
1281 1934 1346 1973 est,
1360 1934 1392 1965 et
1406 1933 1547 1974 regimen
1561 1932 1630 1964 eius

170 1985 307 2018 finitum.
322 1986 420 2019 Stulti
439 1987 606 2027 patiuntur
625 1996 660 2020 se
679 1987 789 2019 induci
813 1987 847 2019 in
869 1989 997 2028 Moysen
1010 2011 1019 2026 ,
1044 1986 1129 2018 sicut
1150 1986 1239 2027 porci
1258 1986 1292 2018 in
1313 1985 1486 2018 stabulum.
1504 1986 1631 2026 Moyses

167 2047 232 2071 non
249 2039 385 2080 pertinet
404 2039 466 2072 nisi
494 2040 536 2072 ad
561 2040 709 2080 iudaeos,
737 2049 801 2072 non
826 2039 866 2072 ad
889 2039 1098 2080 christianos,
1119 2047 1185 2071 non
1201 2038 1242 2070 ad
1256 2038 1400 2080 gentiles.
1418 2037 1535 2070 Nullus
1555 2046 1630 2078 ergo

166 2100 259 2133 apex,
273 2094 330 2125 aut
342 2094 513 2134 punctum
527 2093 569 2125 ad
582 2101 641 2126 nos
655 2093 887 2135 pertinet....ex
900 2093 989 2125 textu
1005 2092 1090 2124 clare
1103 2092 1202 2133 patet,
1210 2090 1298 2132 quod
1310 2090 1408 2123 etiam
1421 2090 1532 2122 decem
1546 2097 1632 2131 prae-

166 2147 260 2186 cepta
273 2145 314 2176 ad
328 2154 387 2177 nos
399 2154 464 2177 non
474 2145 651 2186 pertinent;
666 2154 731 2177 non
745 2146 830 2177 enim
843 2154 918 2185 nos,
935 2144 990 2177 sed
1005 2144 1111 2177 solum
1123 2144 1256 2176 iudaeos
1267 2144 1424 2176 Dominus
1436 2151 1475 2175 ex
1488 2143 1632 2184 Aegypto

167 2197 312 2230 eduxit.»
323 2198 362 2230 Et
383 2199 490 2230 tamen
517 2198 746 2239 impedimenta
773 2197 933 2238 admittit,
950 2206 1034 2238 quae
1058 2197 1092 2229 in
1118 2196 1262 2229 Levitico
1287 2196 1515 2236 continentur‚'
1537 2195 1629 2236 quasi

168 2259 283 2292 nempe
309 2252 432 2291 Moyses
455 2250 635 2283 Leviticum
649 2259 712 2282 non
727 2249 924 2290 scripsisset!
943 2251 990 2281 En
1005 2249 1082 2290 quid
1098 2249 1163 2282 sint
1178 2248 1348 2290 haeretici,
1361 2257 1459 2289 quam
1473 2247 1535 2281 sibi
1552 2248 1631 2281 bene

168 2303 378 2336 cohaereant!

265 2358 376 2398 Neque
391 2356 474 2388 illud
490 2354 700 2397 praetermitti
720 2355 831 2396 debet,
845 2356 930 2397 quod
946 2364 1020 2388 cum
1032 2355 1123 2397 prius
1134 2355 1255 2388 nullam
1274 2354 1441 2387 admiserit
1458 2353 1630 2385 auctorita-

171 2410 236 2441 tem
252 2409 286 2441 in
300 2408 486 2450 coniugium
500 2407 561 2440 nisi
574 2407 735 2448 divinam,
754 2407 870 2440 deinde
879 2416 955 2440 cum
968 2407 1152 2449 coniugium
1167 2407 1202 2439 in
1214 2407 1349 2439 classem
1361 2414 1468 2438 rerum
1483 2404 1630 2446 profana·

172 2470 244 2494 rum
257 2461 444 2503 relegasset,
464 2461 646 2502 principum
661 2461 694 2492 in
708 2460 789 2492 illud
808 2460 1030 2493 auctoritatem
1045 2460 1187 2501 agnovit.
1205 2459 1256 2493 cs.
1267 2458 1399 2491 cochlei
1409 2456 1634 2491 Miscellanea

171 2517 208 2547 in
230 2516 346 2547 causis
368 2514 556 2556 reliyionis.
572 2513 757 2555 lngolstadii
777 2513 1251 2546 1545.lib.11.t0m.1.n.185.
1269 2511 1467 2545 Seckendors
1476 2510 1635 2543 Historia

171 2566 413 2600 lutherani-imi
434 2567 489 2599 lib.
508 2568 563 2599 111.
581 2567 657 2599 sect.
674 2568 742 2598 XV.
757 2574 828 2607 pag.
845 2569 895 2599 49.
913 2567 1051 2599 Tantum
1067 2566 1157 2598 abest
1167 2589 1177 2606 ‚
1193 2566 1230 2598 ut
1245 2564 1385 2598 voluerit
1398 2563 1558 2596 Lutherus
1572 2561 1632 2594 eri·

169 2627 244 2661 pere
259 2619 456 2660 principibus
468 2620 656 2660 potestatem
669 2618 910 2651 statuendomm
925 2617 1245 2660 impedimentorum!

270 2671 336 2712 (82)
357 2672 406 2703 lta
421 2670 455 2703 in
468 2679 579 2712 opusc.
596 2670 848 2711 propositiones
869 2678 914 2703 ex
937 2669 1027 2703 libro
1046 2668 1190 2702 Luctum-i
1210 2670 1272 2711 qui
1292 2670 1339 2701 De
1355 2667 1513 2708 captivit.
1533 2665 1632 2706 baby-

170 2722 238 2756 lon.
266 2723 489 2764 inscribitur,
520 2723 684 2756 collectae
699 2747 709 2762 ‚
737 2724 771 2755 et
794 2730 859 2765 per
887 2722 1122 2764 theologorum
1143 2722 1391 2763 parisiensium
1417 2717 1632 2759 facultatem

166 2775 369 2809 damnatae.
402 2777 542 2810 Insertus
568 2777 617 2810 est
640 2778 748 2809 autem
783 2775 836 2808 hic
866 2775 1018 2809 elenchus
1048 2783 1123 2817 opp.
1151 2774 1286 2808 Lutheri
1312 2772 1364 2806 ed.
1397 2772 1453 2805 cit.
1484 2772 1564 2805 tom.
1588 2772 1629 2802 ll.

167 2827 224 2860 fol.
236 2830 297 2861 445
310 2837 400 2870 seqq.

279 2909 312 2935 11
1552 2898 1572 2930 5
