1980 3260
267 209 356 241 CAP.
371 209 428 241 v1.
443 209 495 241 DE
513 210 638 243 MATR.
657 210 833 245 EAERET.
853 210 937 243 INT-
950 209 998 242 SE
1015 207 1096 240 vm.
1111 207 1195 241 CUM
1214 207 1336 241 CATH·
1353 207 1445 241 ΛΒΤ.
1459 207 1516 240 Ν.
1578 188 1667 239 271

298 286 353 334 Et
386 286 496 335 haec
520 287 700 352 quidem
725 286 872 352 quoad
897 285 999 335 illas
1023 286 1225 350 regiones
1249 285 1414 351 quibus
1438 284 1673 334 dominan-

201 373 270 411 tur
302 363 526 429 principes
559 363 823 422 acatholici3
851 380 954 411 nam
988 362 1108 429 quod
1142 363 1296 410 attinet
1327 361 1385 411 ad
1419 361 1528 410 illasv
1554 378 1674 427 quae

200 439 392 488 subsunt
425 440 683 490 orthodoxis
711 458 792 489 seu
823 439 1057 489 catholicis
1096 456 1341 505 numquam
1371 437 1674 488 voluitsedes

201 517 445 582 apostolica
478 517 679 565 eamdem
714 517 1057 565 declarationem
1090 515 1341 564 extendere.
1643 559 1646 562 Δ

294 593 604 641 Verumtamen
629 592 852 659 peculiare
874 602 1268 658 temperamentum
1291 592 1438 658 caepit
1455 592 1502 640 in
1518 590 1675 642 ordine

200 670 256 717 ad
289 668 574 717 matrimonia
604 670 762 716 mioeta.

296 746 341 791 1.
370 744 421 791 In
453 744 642 791 Bavaria
674 761 748 792 an.
780 745 922 792 1834.
955 747 1105 808 (156).

221 865 223 867 .
295 821 339 868 2.
370 821 421 868 In
455 819 686 884 Hungaria
718 837 791 868 an.
823 822 964 869 1844.
999 822 1148 884 (157).

255 980 257 983 “
294 938 351 1021 ll.
381 973 432 1020 In
465 972 583 1022 Asu.
607 973 848 1021 —Extensa
881 972 965 1020 fuit
996 971 1248 1021 Declarati'o
1271 971 1497 1021 Benedicti
1527 971 1636 1020 XIV.

295 1053 341 1098 1.
372 1049 621 1099 Pondicerii
657 1067 730 1098 an.
761 1050 903 1097 1833.
938 1050 1098 1112 (158)..

297 1128 340 1174 2.
370 1127 421 1174 In
456 1125 665 1191 Georgia,
693 1125 850 1175 saltem
874 1123 1205 1192 aequivalenter
1234 1141 1308 1174 an.
1346 1125 1488 1172 1845.
1520 1126 1669 1188 (159).

293 1297 380 1338 (156)
400 1299 447 1329 Ex
464 1298 607 1338 quadam
628 1298 840 1330 instructione
860 1297 938 1331 data
959 1298 1000 1330 ab
1027 1299 1132 1339 apost.
1157 1298 1234 1331 sede
1259 1307 1298 1331 ac
1322 1299 1408 1340 typis
1426 1298 1506 1332 edit.
1527 1302 1574 1331 12.
1586 1298 1675 1340 Sept.

201 1353 292 1384 1834.
309 1350 344 1382 in
365 1358 432 1391 qua
451 1351 498 1383 ita
520 1350 654 1391 legitur:
671 1364 687 1379 <e
701 1351 735 1383 Si
749 1359 791 1383 ex
806 1351 1006 1392 temporum,
1031 1351 1178 1384 locorum
1196 1360 1234 1384 ac
1253 1360 1466 1393 personarum
1488 1351 1676 1385 conditione

196 1403 440 1438 matrimonium
463 1404 636 1437 acatholici
660 1403 724 1437 viri
750 1413 826 1437 cum
850 1404 1013 1438 catholica
1032 1404 1168 1437 muliere
1182 1405 1216 1438 et
1228 1404 1389 1446 vicissim,
1404 1404 1526 1446 absque
1541 1404 1676 1439 maioris

195 1459 274 1492 mali
294 1458 506 1500 scandalique
528 1458 673 1500 periculo
688 1458 723 1490 in
740 1457 906 1498 religionis
920 1458 1096 1499 perniciem
1109 1458 1278 1491 interverti
1289 1466 1355 1491 non
1367 1458 1487 1499 possit,
1501 1458 1580 1491 tunc
1596 1466 1675 1491 sane

194 1512 238 1545 ad
261 1512 385 1545 maiora
410 1512 496 1544 mala
515 1512 548 1544 et
565 1510 718 1544 scandala
742 1510 965 1552 praecavenda
989 1510 1217 1544 abstinendum
1237 1512 1299 1544 erit
1314 1519 1334 1543 a
1354 1510 1514 1544 catholico
1539 1511 1676 1553 coniuge

195 1567 339 1599 censuris
360 1566 407 1599 ibi
430 1566 524 1599 illum
544 1565 735 1598 nominatim
756 1564 915 1606 expressis
938 1565 1162 1606 corripiend03
1179 1565 1247 1597 imo
1264 1574 1342 1598 vero
1357 1564 1582 1606 tolerandum,
1601 1565 1640 1598 ut
1655 1572 1676 1598 a

195 1619 339 1661 parocho
361 1619 523 1652 catholico
538 1619 608 1651 tum
623 1618 795 1650 consuetae
814 1617 1084 1659 proclamationes
1101 1617 1199 1659 fiant,
1215 1617 1306 1650 omni
1327 1618 1437 1650 tamen
1451 1618 1677 1659 praetermissa

197 1671 362 1704 mentione
382 1671 546 1713 religionis
564 1671 714 1711 illorum,
733 1670 790 1711 qui
806 1670 937 1712 nuptias
950 1671 1027 1703 sunt
1039 1670 1237 1703 contracturi
1247 1694 1257 1711 ,
1273 1670 1310 1703 ut
1324 1670 1421 1703 etiam
1435 1670 1476 1703 de
1490 1670 1584 1703 factis
1600 1679 1674 1713 pro·

197 1723 447 1756 clamationibus
467 1723 580 1756 literae
599 1731 708 1755 merae
727 1722 959 1756 testimoniales
975 1722 1215 1764 concedantur,
1228 1723 1263 1755 in
1277 1722 1396 1764 quibus
1411 1722 1460 1764 (si
1474 1722 1601 1755 nullum
1619 1722 1675 1755 ad·

196 1777 241 1810 sit
258 1777 414 1810 dirimens
429 1776 696 1818 impedimentum
711 1776 723 1818 )
741 1776 836 1809 unice
848 1775 1040 1810 enuncietur
1054 1777 1102 1810 nil
1116 1776 1208 1809 aliud
1222 1777 1347 1818 praeter
1362 1775 1500 1809 vetitum
1518 1776 1674 1810 ecclesiae

197 1830 467 1872 impedimentum
482 1830 604 1863 mixtae
619 1829 783 1871 religionis
806 1829 1014 1862 matrimonio
1037 1829 1242 1862 conciliando
1261 1829 1406 1871 obstare,
1429 1829 1521 1863 nullo
1542 1837 1675 1871 prorsus

197 1883 311 1916 addito
330 1883 432 1916 verbo
456 1891 498 1916 ex
524 1892 590 1924 quo
619 1891 814 1923 consensus,
835 1883 891 1915 aut
910 1881 1154 1924 adprobationis
1169 1883 1220 1915 vel
1235 1882 1317 1915 levis
1332 1882 1472 1923 suspicio
1485 1881 1528 1915 sit
1539 1881 1674 1914 oritura.

196 1936 295 1975 Quod
308 1937 386 1969 siin
400 1936 554 1969 ecclesiae
571 1936 764 1976 utilitatem,
779 1937 811 1969 et
824 1943 996 1968 commune
1020 1935 1203 1968 animarum
1229 1935 1352 1968 bonum
1374 1934 1489 1968 cedere
1508 1942 1605 1976 posse
1625 1934 1675 1967 di·

195 1990 388 2031 gnoscatur,
405 1988 535 2030 nuptias
548 1988 798 2030 quamtumlibet
816 1988 946 2021 illicitas
961 1990 994 2021 et
1006 1988 1123 2021 vetitas
1136 1996 1246 2021 coram
1266 1986 1407 2030 parocho
1425 1987 1602 2029 catholico,
1618 1995 1674 2029 po·

196 2042 264 2076 tius
278 2051 378 2084 quam
391 2050 501 2074 eoram
515 2042 666 2075 ministro
679 2041 858 2082 haeretico,
874 2040 917 2073 ad
935 2050 1032 2082 quem
1048 2042 1155 2082 partes
1169 2040 1264 2074 facile
1277 2039 1449 2082 confugere
1463 2040 1613 2082 ment,
1623 2047 1674 2073 ce·

197 2096 335 2138 lebrari3
349 2097 428 2128 tunc
442 2094 510 2136 ipse
526 2095 687 2136 parochus
708 2094 906 2135 catholicus,
927 2095 1052 2128 aliusve
1065 2093 1216 2128 sacerdos
1228 2093 1299 2127 eius
1313 2093 1402 2127 vices
1421 2100 1520 2134 agens
1530 2116 1542 2135 ,
1557 2092 1676 2135 poterit

200 2148 316 2182 iisdem
339 2147 462 2189 nuptiis
488 2147 649 2181 materiali
675 2149 803 2181 tantum
831 2149 1010 2189 praesentia
1026 2172 1037 2189 ,
1065 2147 1197 2182 excluso
1221 2147 1340 2189 quovis
1363 2147 1583 2182 ecclesiastico
1608 2146 1674 2180 ritu

199 2201 344 2235 adesse.»
1196 2206 1199 2209 '
1437 2220 1446 2225 «

295 2254 382 2295 (157)
403 2256 451 2286 Ex
473 2254 690 2287 Instructione
713 2254 790 2287 data
813 2254 867 2288 die
883 2258 935 2288 30.
951 2255 1056 2297 April.
1073 2258 1194 2288 1841.a
1206 2263 1272 2288 sac.
1288 2263 1436 2296 congreg.
1452 2255 1559 2296 negot.
1573 2254 1676 2287 extra·

199 2306 306 2339 ordin.
319 2307 512 2348 ecclesiast„
529 2307 564 2339 in
586 2315 653 2348 qua
676 2307 813 2340 dicitur:
830 2321 846 2337 ιι
856 2307 951 2347 Quod
965 2310 1073 2342 autem
1092 2308 1208 2342 attinet
1219 2308 1262 2341 ad
1273 2308 1511 2343 connubiorum
1536 2308 1674 2341 istorum

201 2360 435 2400 (mixtorum)
457 2369 567 2392 coram
587 2361 768 2393 acatholico
792 2361 959 2403 ministro,
991 2371 1046 2395 seu
1077 2371 1145 2395 non
1171 2363 1313 2395 servata
1333 2361 1471 2395 concilii
1492 2360 1675 2394 tridentini

196 2412 319 2453 forma
344 2413 803 2455 celebrationem...inspectis
828 2415 895 2447 tam
920 2415 1119 2456 praeteritis,
1150 2423 1249 2456 quam
1275 2414 1498 2457 praesentibus
1521 2414 1676 2446 locorum

200 2464 243 2498 de
263 2465 391 2507 quibus
406 2473 517 2498 sermo
529 2467 580 2498 esc
594 2466 812 2507 peculiaribus
832 2467 1100 2508 circumstantiis,
1117 2469 1213 2501 erunt
1225 2467 1266 2500 ab
1278 2468 1437 2509 episcopis
1449 2468 1480 2499 et
1494 2475 1514 2498 a
1527 2465 1676 2507 parochis

199 2517 392 2559 prudenter
406 2517 664 2551 dissimulanda
677 2521 710 2552 et
721 2528 789 2561 pro
804 2519 933 2554 validi-5
948 2520 1119 2562 habenda,
1136 2520 1199 2554 nisi
1215 2522 1325 2554 tamen
1337 2520 1529 2555 canonicum
1543 2517 1675 2551 aliunde

201 2570 324 2603 officiat
336 2570 491 2603 dirimens
505 2571 805 2612 impedimentum.»
1240 2607 1242 2609 .

294 2623 382 2665 (158)
402 2626 450 2657 Ex
466 2625 582 2657 litteris
602 2627 759 2658 23.Mart.
776 2631 866 2660 1833.
878 2626 1010 2660 directis
1034 2627 1076 2660 ad
1102 2628 1261 2661 vicarium
1280 2627 1491 2670 apostolicum
1506 2626 1540 2658 in
1552 2624 1673 2666 quibus

198 2676 330 2718 legitur:
353 2677 441 2710 «His
464 2677 581 2711 litteris
603 2678 728 2711 adiecta
754 2679 934 2721 amplitudo
954 2681 1011 2712 tua
1030 2681 1167 2722 reperiet
1188 2680 1254 2713 duo
1275 2680 1428 2721 rescripta
1435 2690 1445 2719 ;
1471 2679 1505 2710 in
1531 2685 1671 2719 quorum

197 2729 300 2763 altero
315 2730 500 2765 extenditur
515 2740 535 2764 a
549 2732 697 2766 sanctiss.
714 2734 753 2765 D.
769 2734 808 2766 N.
826 2733 868 2766 ad
882 2733 944 2766 ista
961 2733 1032 2766 loca
1046 2734 1264 2768 iurisdictioni
1278 2735 1352 2766 tuae
1366 2732 1510 2765 subiecta
1524 2730 1673 2768 Declara-

199 2783 246 2816 tio
269 2792 296 2817 s.
314 2792 358 2816 m.
377 2785 544 2819 Benedicti
564 2789 650 2820 ΚΝ.
666 2789 790 2821 4.Nov.
811 2790 901 2821 1841.
918 2786 959 2821 de
979 2788 1196 2821 matrimoniis
1216 2787 1326 2821 mixtis
1344 2785 1570 2819 nollandiae.»

295 2837 380 2877 (159)
403 2839 451 2871 Ex
464 2848 612 2882 congreg.
630 2850 657 2874 s.
673 2841 730 2874 oss.
743 2850 794 2874 an.
816 2844 905 2874 1845.
923 2842 1029 2875 Dubio
1046 2842 1207 2884 siquidem
1227 2841 1379 2881 excitato,
1394 2848 1473 2873 num
1488 2847 1554 2873 non
1575 2837 1674 2872 modo
