1980 3260
354 251 444 297 250
652 263 731 295 un.
761 263 807 295 11.
836 262 977 295 sueno
1001 262 1031 293 1.
1060 261 1111 293 m:
1142 261 1308 293 pornsr.
1339 261 1503 295 noctus.

352 342 542 409 quodam
569 340 774 403 coniugio
797 357 870 388 an.
896 341 1036 386 1832.
1060 339 1169 386 inito
1194 338 1381 387 Parisiis
1416 357 1564 388 coram
1600 343 1695 391 solo
1728 362 1823 394 ma-

351 420 536 482 gistratu
553 416 672 464 civili
691 416 804 463 inter
819 415 1056 463 Caeciliam
1082 414 1346 462 catholicam
1370 426 1415 463 et
1436 415 1716 480 Alphonsum
1737 421 1822 469 eal-

349 493 579 542 vinianum
592 529 602 548 ,
625 508 812 556 quorum
835 500 1022 555 uterque
1038 490 1129 537 nati
1148 506 1200 537 ac
1217 490 1393 539 educati
1418 491 1592 539 fuerant
1607 493 1817 544 Lutetiae.

349 568 668 617 Contrahentes
693 577 794 632 post
815 566 1046 613 biennium
1064 584 1112 615 se
1131 566 1177 613 in
1191 567 1396 631 Angliam
1421 568 1723 627 contulerunt,
1744 570 1823 618 ubi

347 645 458 694 ortis
493 642 718 700 dissidiis,
745 643 815 691 vir
837 661 886 691 se
908 643 1074 708 recepit
1108 643 1155 690 in
1184 643 1435 692 Americam
1458 645 1535 692 ubi
1559 662 1662 693 cum
1685 646 1823 696 altera

351 720 536 768 muliere
569 719 900 768 matrimonium
924 719 1163 778 contraxit,
1192 719 1387 768 Caecilia
1410 720 1576 786 pariter
1598 738 1648 770 se
1671 722 1824 770 matri*

349 797 496 845 monio
521 796 665 844 iunxit
687 813 788 843 cum
815 795 944 859 anglo
968 796 1186 845 catholico
1205 814 1352 845 coram
1372 797 1567 862 parocho
1583 798 1817 847 catholico.

344 873 549 938 Cumque
571 864 795 937 scrupulis
820 873 1117 921 conscientiae
1141 873 1384 936 agitaretur
1405 874 1823 932 Caecilia,Parisios

347 949 496 1006 rediit,
519 959 563 996 et
577 965 731 997 casum
756 966 886 997 suum
911 949 1183 997 confessario
1211 950 1438 1015 exposuit,
1467 951 1546 1015 qui
1569 951 1824 1001 dubitanter

345 1025 600 1094 respondit,
631 1025 822 1096 primum
852 1025 1107 1090 coniugium
1136 1026 1382 1074 invalidum
1411 1026 1552 1075 fuisse
1583 1027 1821 1077 clandesti-

346 1101 499 1150 nitatis
523 1101 657 1158 vitio,
683 1101 970 1167 validumque
994 1102 1262 1159 secundum;
1292 1112 1445 1150 contra
1466 1120 1572 1151 vero
1594 1105 1822 1153 confessa-

348 1177 441 1225 rius
466 1176 577 1225 alter
599 1177 640 1225 ei
663 1178 891 1243 respondit
924 1178 1116 1243 primum
1141 1178 1346 1225 illicitum
1369 1177 1511 1225 fuisse
1533 1179 1817 1243 coniugium,

346 1253 427 1301 sed
460 1252 658 1300 valedum
680 1270 733 1301 eo
755 1252 876 1318 quod
899 1252 1361 1318 pseudo-reformati
1349 1271 1438 1300 lam
1469 1271 1558 1302 non
1589 1265 1822 1324 teneantur

349 1329 396 1375 in
415 1328 557 1376 Gallia
579 1328 896 1394 impedimento
914 1329 1148 1377 dirimente
1166 1329 1540 1398 clandestinitatis
1559 1349 1586 1379 a
1602 1348 1726 1380 conc.
1743 1322 1822 1380 tri-

340 1392 524 1451 dentino
548 1403 756 1462 inducto,
778 1407 885 1470 quia
908 1404 1011 1453 licet
1036 1405 1188 1454 vivant
1211 1405 1257 1453 in
1281 1423 1439 1471 regno,
1467 1406 1545 1454 ubi
1569 1408 1821 1474 promulga-

342 1490 434 1527 tum
464 1489 532 1526 est
560 1479 738 1527 concilii
768 1480 1018 1539 decretum,
1052 1481 1217 1530 habent
1242 1492 1389 1530 tamen
1417 1492 1583 1530 statum
1607 1483 1812 1542 civilem,

341 1567 383 1604 et
417 1556 605 1603 liberum
630 1574 739 1605 suae
764 1557 992 1621 religionis
1019 1558 1304 1616 exercitium3
1332 1576 1415 1607 nec
1436 1558 1550 1608 velle
1583 1522 1819 1608 ecclesiani

340 1643 403 1681 tot
420 1632 534 1680 inter
552 1633 678 1699 ipsos
694 1634 974 1683 matrimonia
996 1645 1221 1683 contracta
1244 1636 1290 1682 in
1316 1635 1471 1683 Galliis
1495 1635 1668 1700 absque
1689 1654 1819 1702 prae-

340 1708 483 1755 sentia
499 1708 699 1773 parochi,
717 1726 818 1757 esse
836 1710 1173 1768 concubinatus,
1195 1719 1238 1758 et
1255 1710 1367 1758 illud
1387 1710 1518 1776 quasi
1536 1710 1818 1776 privilegium

340 1784 502 1832 factum
527 1785 641 1850 parti
666 1786 941 1834 acatholicae
964 1787 1281 1835 communicari
1313 1787 1425 1853 parti
1449 1786 1695 1836 catholicae
1716 1805 1818 1836 cum

341 1860 415 1908 illa
432 1862 707 1910 contrahenti
727 1873 905 1928 propter
923 1863 1280 1912 individuitatem
1298 1873 1566 1912 contractus,
1578 1883 1600 1909 »
1611 1863 1818 1912 Attamen

341 1953 432 1983 sac.
455 1954 661 2001 congreg.
684 1955 758 1986 an.
779 1940 922 1986 1842.
940 1958 1058 2006 resp.
1080 1940 1347 1997 «Quatenus
1362 1939 1557 1987 Caecilia
1569 1949 1611 1986 et
1623 1939 1819 2006 Alphen-

338 2030 417 2060 sus
445 2014 691 2077 parisiense
714 2016 991 2065 domicilium
1015 2017 1315 2083 relinquentes
1334 2055 1344 2075 ,
1372 2026 1416 2064 et
1438 2016 1484 2064 in
1508 2016 1715 2080 Angliam
1737 2018 1817 2064 mi-

337 2100 539 2153 grantes,
584 2090 646 2137 ibi
686 2092 878 2141 scientes
918 2094 1191 2142 matrimonii
1231 2092 1497 2158 parisiensis
1538 2092 1811 2151 nullitatem,

338 2181 443 2211 novo
467 2165 579 2212 illud
601 2184 805 2215 consensu
827 2187 912 2216 non
935 2169 1298 2224 revalidaverint,
1322 2168 1567 2217 secundum
1591 2170 1816 2217 matrimo—

336 2240 458 2288 nium
485 2241 704 2290 Caeciliae
726 2244 871 2293 fuisse
890 2246 1113 2302 validum,
1140 2263 1271 2294 secus
1295 2246 1521 2302 nullum»
1535 2262 1698 2310 nempe
1720 2245 1817 2293 nul·-

337 2316 428 2363 lum
462 2318 605 2366 fuisse
622 2356 632 2375 ,
668 2319 707 2366 si
742 2320 788 2367 in
820 2321 980 2386 Anglia
1001 2322 1079 2370 ubi
1103 2323 1330 2371 decretum
1354 2321 1643 2370 tridentinum
1666 2321 1815 2387 publi-

334 2404 481 2442 catum
505 2411 594 2442 non
618 2405 709 2452 est,
738 2413 1005 2445 consensum
1030 2416 1118 2447 non
1143 2408 1445 2447 renovassent.

432 2471 541 2518 Item
572 2472 799 2536 proposito
834 2474 997 2532 dubio,
1025 2494 1132 2523 num
1164 2474 1362 2524 validum
1397 2473 1669 2521 censendum
1701 2473 1814 2521 foret

332 2546 664 2610 matrimonium
694 2548 808 2596 inter
834 2550 1096 2598 catholicam
1125 2551 1378 2607 mulierem,
1399 2559 1443 2597 et
1465 2549 1610 2596 virum
1634 2548 1813 2615 acatho-

333 2621 468 2669 licum
492 2622 689 2670 Lutetiae
712 2624 881 2688 pariter
903 2626 1173 2673 Parisiorum
1209 2626 1370 2674 initum
1399 2641 1548 2671 coram
1582 2623 1809 2671 haeretico

333 2697 561 2755 ministro,
601 2699 719 2763 quod
756 2711 910 2765 postea
936 2701 993 2748 ob
1021 2712 1170 2749 exorta
1197 2701 1312 2749 inter
1339 2699 1551 2762 coniuges
1579 2698 1775 2746 dissidia
1792 2738 1803 2756 ,

330 2772 399 2819 vir
425 2773 712 2832 dissolverat,
741 2785 875 2840 atque
898 2775 1010 2823 adeo
1032 2793 1133 2823 cum
1158 2776 1295 2823 altera
1317 2773 1589 2822 connubium
1614 2773 1807 2822 celebra-

329 2859 474 2907 verat,
503 2866 529 2896 a
552 2852 644 2899 sac.
669 2850 871 2916 inquisit.
894 2851 968 2899 die
993 2854 1037 2898 5.
1063 2852 1162 2898 Iulii
1189 2852 1330 2898 1848.
1349 2850 1410 2899 ita
1434 2849 1677 2899 resolutum
1694 2849 1802 2899 fuit:
